3167 5075
331 402 565 463 mesariam,
588 400 652 450 an.
678 388 772 464 1222,
793 402 856 451 aa
881 389 975 457 o-7.
1144 392 1209 455 445

173 581 212 645 Et
224 579 388 646 Johannes
402 579 496 644 uenit
511 585 545 643 et
560 576 706 642 defendit
720 578 772 642 ius
787 600 883 643 suum
899 587 934 645 et
944 580 1096 645 saisinam
1108 603 1209 658 suam,

119 694 146 749 et
164 684 235 749 dicit
254 683 342 771 quod
363 706 429 748 non
450 682 549 747 debet
571 682 603 747 ei
624 681 700 746 inde
722 682 924 767 respondere,
946 684 1024 769 quia
1045 692 1132 749 terra
1153 685 1212 750 illa

117 787 217 851 habuit
236 785 391 873 quedam¹
413 784 550 849 Matiliis
576 784 654 849 auia
675 806 736 849 sua
760 786 853 850 ouius
879 786 972 852 heres
998 787 1066 873 ipse
1093 794 1152 864 est,
1176 795 1210 851 et

118 890 186 981 obiit
207 890 280 956 inde
306 889 419 955 seisita
443 896 482 953 ut
511 888 552 953 de
582 888 675 953 feodo
703 896 739 953 et
767 888 951 955 hereditate
980 914 1048 968 sua,
1073 899 1108 955 et
1137 898 1211 976 post

116 1003 236 1059 mortem
264 1016 358 1059 suam
387 992 527 1057 intrauit
555 991 643 1078 ipse’
670 992 838 1058 Johannes
868 1004 907 1059 ut
936 996 1036 1059 frater
1065 994 1211 1059 eiusdem

115 1096 212 1163 Iuonis
229 1098 467 1184 primogenitus
487 1109 522 1161 et
537 1097 630 1162 heres
644 1096 680 1162 in
694 1104 815 1161 terram
830 1097 921 1165 illam
935 1107 974 1163 ut
994 1098 1029 1162 in
1048 1098 1211 1163 heredita-

117 1211 173 1267 tem
185 1226 283 1281 suam,
298 1212 333 1268 et
353 1203 480 1268 desiout
501 1202 564 1288 ipsi
586 1210 664 1267 sunt
686 1203 801 1268 fratres
823 1225 864 1267 ex
886 1225 952 1267 uno
973 1212 1066 1288 patre
1089 1211 1123 1266 et
1143 1224 1211 1268 una

115 1312 204 1370 matre
222 1315 255 1371 et
276 1306 364 1372 idem
383 1304 551 1371 Johannes
571 1314 622 1371 est
640 1305 889 1392 primogenitus,
904 1306 990 1391 petit
1010 1304 1165 1370 iudicium
1182 1305 1210 1369 si

114 1408 217 1475 debeat
230 1410 261 1475 ei
276 1409 353 1475 inde
368 1408 569 1495 respondere.

169 1512 209 1576 Et
236 1513 299 1577 Iuo
320 1511 512 1598 dicitquod
537 1512 609 1597 ipsa
633 1509 770 1576 Matillis
795 1510 831 1601 in
857 1509 937 1597 ligia
958 1519 1121 1597 potestate
1150 1534 1210 1577 sua

113 1613 191 1678 dedit
204 1614 234 1680 ei
248 1624 370 1680 terram
384 1615 476 1679 illam
495 1636 555 1700 per
572 1621 696 1679 cartam
716 1595 928 1699 suamzquam
948 1616 1071 1700 profert
1091 1624 1125 1679 et
1145 1637 1209 1701 que

113 1722 238 1781 testatur
251 1716 340 1803 quod
354 1716 526 1781 constituit
540 1738 616 1781 eum
632 1714 786 1781 heredem
807 1738 903 1780 suum
923 1714 965 1780 de
986 1723 1074 1783 terra
1094 1716 1152 1781 illa
1174 1724 1209 1781 et

114 1818 139 1881 ei
160 1818 245 1884 dedit
269 1830 391 1884 terram
414 1818 513 1896 illam,
537 1818 625 1883 unde
651 1818 731 1884 dicit
756 1817 843 1903 quod
869 1818 940 1903 ipsa
965 1817 1090 1884 dimisit
1114 1842 1148 1884 se
1175 1829 1209 1883 et

112 1922 202 1987 eriuit
222 1923 263 1989 de
285 1932 374 1988 terra
394 1923 451 1988 illa
472 1922 602 2007 quando
623 1921 744 1986 donum
767 1922 798 1985 ei
818 1922 905 1999 fecit,
920 1930 954 1987 et
974 1922 1038 1988 fuit
1058 1922 1137 1989 alibi
1151 1946 1209 2009 per

112 2025 167 2113 viij.
181 2026 248 2092 dies
261 2034 299 2091 et
313 2035 393 2091 tunc
408 2025 507 2091 rediit
521 2034 556 2091 et
570 2026 725 2091 remansit
739 2025 788 2090 ibi
803 2033 838 2089 et
852 2024 887 2089 in
907 2025 1056 2089 custodia
1076 2024 1158 2101 sua',
1174 2032 1209 2089 et

110 2152 166 2194 non
179 2131 257 2196 obiit
272 2130 386 2195 saisita
398 2138 438 2196 ut
453 2128 495 2195 de
510 2129 603 2193 feodo
617 2136 652 2194 et
673 2128 750 2195 inde
769 2128 863 2215 ponit
884 2150 918 2193 se
941 2150 1038 2215 super
1060 2128 1208 2194 iuratam.

111 2232 149 2297 Et
174 2234 341 2299 iohannes
370 2232 522 2299 similiter
546 2231 640 2318 ponit
668 2254 704 2296 se
729 2253 828 2318 super
852 2232 991 2317 patriam
1018 2231 1105 2318 quod
1128 2231 1209 2296 obiit

110 2336 209 2401 seisita
233 2346 272 2402 ut
302 2337 344 2400 de
368 2334 469 2401 feodo.
515 2335 561 2399 Et
582 2334 662 2420 quia
685 2334 748 2401 Iuo
776 2335 940 2422 cognoscit
963 2335 1050 2421 quod
1073 2334 1209 2401 Matillis

110 2438 180 2503 obiit
193 2440 269 2505 inde
284 2439 404 2515 seisita,
419 2448 454 2503 et
469 2438 556 2525 quod
570 2438 642 2524 ipsa
655 2438 742 2505 uixit
756 2461 815 2524 per
829 2440 971 2504 multum
987 2448 1117 2525 tempus
1136 2450 1210 2525 post

109 2543 218 2610 donum
253 2543 347 2622 illud,
376 2543 615 2612 consideratum
651 2551 703 2608 est
737 2544 824 2629 quod
853 2544 876 2608 J
878 2544 1020 2610 ohannes
1049 2554 1104 2611 eat
1133 2545 1208 2610 inde

109 2648 228 2732 quietus
251 2659 289 2715 et
317 2649 378 2714 Iuo
401 2648 569 2734 perquirat
592 2648 654 2712 sibi
677 2648 777 2714 breue
807 2648 848 2714 de
875 2671 961 2718 noua
987 2649 1156 2716 dimeisina
1181 2649 1209 2714 si

108 2753 246 2832 uoluerit,
262 2762 299 2819 et
313 2754 358 2818 sit
372 2753 409 2819 in
421 2752 641 2817 misericordia
655 2762 714 2817 ete.

59 2856 79 2918 l.
165 2857 348 2924 Herbertus
361 2856 403 2921 de
417 2856 575 2922 Stootona
588 2856 788 2924 attachiatus
803 2859 867 2922 fuit
887 2857 929 2923 ad
948 2860 1207 2945 respondendum

108 2957 262 3027 Willeimo
293 2961 417 3028 Comiti
444 2961 607 3025 Warenne
637 2983 736 3046 quare
762 2971 893 3028 secutus
919 2972 969 3028 est
992 2964 1149 3049 placitum
1173 2965 1208 3029 in

107 3066 187 3130 curia
199 3065 426 3133 cristianitatis
441 3065 482 3130 de
496 3064 578 3130 laico
598 3065 692 3130 feodo
710 3064 813 3150 ipsius
836 3065 974 3132 Comitis
995 3067 1030 3132 in
1054 3067 1210 3132 Stoetona

107 3177 208 3234 contra
224 3178 296 3246 etc„
311 3167 399 3233 unde
419 3167 508 3234 idem
527 3167 713 3234 Willelmus
736 3167 854 3233 Comes
875 3169 1022 3254 queritur
1043 3170 1130 3256 quod
1150 3191 1209 3255 per

105 3267 158 3334 hoo
171 3271 257 3356 quod
272 3268 376 3335 traxit
390 3291 467 3336 eum
481 3269 517 3333 in
532 3269 690 3354 placitum
705 3269 746 3334 de
766 3291 941 3337 commune
957 3278 1091 3356 pastore
1112 3279 1146 3336 et
1166 3270 1208 3336 de

105 3375 257 3463 pannagio
273 3383 311 3440 et
324 3373 520 3449 huiusmodi,
534 3373 751 3438 deterioratos
766 3391 817 3439 est
831 3383 892 3439 eto.
908 3384 942 3440 et
962 3375 1038 3440 inde
1059 3375 1208 3462 producit

104 3487 215 3546 sectam
230 3501 296 3565 que
311 3486 372 3544 etc
392 3475 398 3564 Ι

161 3583 204 3648 Et
219 3582 405 3650 Herbertus
420 3581 514 3647 uenit
525 3589 560 3646 et
570 3581 733 3667 cognoscit
744 3581 828 3648 bene
839 3581 925 3667 quod
936 3581 1040 3667 exigit
1050 3581 1208 3647 decimam

104 3706 187 3750 suam
201 3687 242 3752 de
258 3685 424 3773 pannagio
440 3707 610 3771 porcorum
631 3693 666 3748 et
686 3684 820 3749 uidetur
839 3685 870 3748 ei
890 3685 977 3770 quod
997 3685 1080 3750 bene
1101 3693 1209 3771 potest

104 3786 157 3854 hoo
170 3791 284 3857 facere.
330 3791 382 3859 De
396 3811 569 3856 commune
582 3798 715 3875 pastore
729 3788 810 3853 dicit
825 3787 911 3875 quod
926 3789 1026 3854 nichil
1042 3789 1128 3875 petit
1141 3789 1206 3856 nisi

103 3892 255 3960 decimam
292 3895 334 3960 de
366 3895 484 3960 ouibus
512 3903 547 3959 et
576 3893 670 3980 agnis
698 3901 733 3958 et
761 3893 838 3957 lana
867 3901 901 3957 et
929 3893 1116 3958 huiusmodi
1145 3917 1207 3980 que

102 4008 274 4081 pascuntur
287 3998 323 4063 in
337 4007 474 4084 pastura
485 3997 551 4063 illa

162 4103 205 4168 Et
225 4104 345 4170 Comes
364 4102 445 4168 dicit
467 4101 554 4189 quod
574 4102 645 4187 ipse
667 4101 770 4188 exigit
792 4100 954 4166 decimum
976 4102 1145 4168 denarium
1167 4103 1208 4169 de

102 4203 235 4273 denariis
250 4230 332 4294 quos
346 4207 435 4294 capit
448 4207 489 4272 de
504 4206 692 4272 hominibus
706 4205 774 4271 suis
793 4205 878 4270 siout
898 4204 939 4269 de
959 4206 1088 4274 redditu
1109 4208 1209 4273 assiso

194 4359 489 4476 :prodentemlitgreldined
778 4357 856 4408 ⁸Sea
867 4359 911 4407 Br.
924 4359 942 4406 f.
955 4359 994 4409 42.

223 4441 278 4488 epac
289 4441 317 4474 rn
345 4440 359 4474 r
431 4463 438 4475 .
