3167 5075
341 401 404 466 680
469 413 625 464 surronrr
648 412 739 462 aran
761 413 806 462 or
827 412 1027 464 namnum
1050 411 1313 472 ranunculus,

403 585 427 650 J
428 593 572 650 aratores
583 583 697 648 dicunt
708 583 795 670 quod
806 583 972 670 predictus
981 584 1122 650 Thomas
1132 584 1215 650 obiit
1226 585 1305 650 inde
1316 583 1445 650 saisitus

339 696 378 754 ut
400 688 440 754 de
462 687 554 754 feodo
576 695 610 754 et
631 696 705 774 post
727 688 915 767 terminum,
930 697 981 754 set
1001 688 1116 754 dicunt
1130 689 1219 774 quod
1233 688 1342 752 Lucas
1356 697 1447 774 pater
1552 698 1553 713 ¹

337 791 480 876 ipsarum
495 790 628 855 Mobilie
644 799 678 854 et
692 790 843 856 Johanne
858 790 1067 876 desponsauit
1086 813 1221 856 uxorem
1242 813 1339 856 suam
1362 799 1445 876 post-
1552 764 1553 839 l

337 916 435 979 quam
451 892 586 957 Mabilia
599 901 678 958 nata
692 893 763 969 fuit,
779 902 830 958 set
844 893 928 958 bene
948 893 1062 958 dicunt
1084 893 1171 979 quod
1192 894 1350 959 Johanna
1371 901 1447 958 nata

337 995 400 1061 fuit
422 1003 593 1081 postquam
616 1003 721 1060 mater
742 1017 854 1061 earum
875 995 1070 1082 desponsata
1092 997 1164 1062 fuit
1210 997 1256 1061 Et
1275 997 1353 1062 ideo
1374 1019 1446 1061 oon·

337 1099 513 1166 sideratum
552 1108 602 1165 est
638 1099 725 1185 quod
761 1099 898 1163 Mabilia
926 1108 961 1165 et
989 1099 1143 1166 Johanna
1170 1111 1448 1185 recuperauerunt

336 1203 487 1270 saisinam
509 1226 602 1269 suam
628 1203 717 1268 saluo
743 1203 813 1268 iure
842 1204 993 1269 Johanne
1022 1205 1051 1268 si
1078 1204 1156 1270 inde
1185 1203 1278 1290 loqui
1306 1205 1448 1303 noluerit
1553 1232 1554 1299 l

336 1329 449 1372 uersus
464 1305 632 1372 Mabiliam
647 1328 721 1370 cum
737 1305 778 1370 ad
794 1314 917 1371 etatem
932 1307 1061 1371 uenerit
1075 1315 1135 1372 etc

204 1404 296 1466 1910.
402 1403 527 1469 ¹Assisa
548 1403 641 1468 uenit
664 1403 870 1490 recognitum
884 1404 913 1468 si
927 1404 1094 1470 Walterus
1108 1405 1227 1484 Dacus,
1242 1406 1394 1493 Rogems
1407 1406 1446 1471 de

172 1503 295 1598 ffi'q‘ffi
335 1507 477 1574 Muhaut
499 1515 533 1574 et
555 1507 695 1572 Thomas
717 1507 824 1572 Faber
845 1507 967 1572 iniuste
989 1517 1050 1574 etc
1072 1508 1323 1574 disseisiuerunt
1348 1510 1445 1574 Alex·

171 1600 312 1682 {tltttlttf
334 1610 472 1677 andrum
487 1611 567 1674 Bart
582 1611 623 1676 de
639 1610 740 1674 libero
755 1619 945 1676 tenemento
961 1634 1020 1676 suo
1039 1611 1075 1677 in
1095 1613 1353 1678 Frammesdena
1374 1623 1445 1699 post
1554 1616 1555 1693 }

171 1689 245 1735 unam,
253 1691 309 1738 quod

171 1740 296 1776 nanneno
334 1722 393 1781 etc.
439 1715 483 1780 Et
504 1713 650 1802 Rogerus
672 1723 707 1779 et
729 1715 869 1780 Thomas
888 1715 1029 1781 ueniunt
1048 1724 1083 1781 et
1097 1717 1199 1782 nichil
1212 1717 1332 1784 dicunt
1346 1741 1444 1804 qnare
1554 1734 1555 1747 ¹

170 1783 307 1824 romulum
387 1819 394 1831 .

170 1829 290 1870 urrunnu
333 1841 433 1884 assisa
446 1828 620 1885 remaneat.

170 1877 269 2008 {iffi
397 1925 422 1990 ,J
423 1931 565 1990 oratores
579 1922 693 1988 dicunt
708 1924 795 2010 quod
809 1923 995 1989 Alexander
1008 1947 1176 2010 nunquam
1195 1926 1261 1992 fuit
1274 1927 1312 1992 in
1326 1927 1443 1992 seisina

169 2015 255 2064 “m''
333 2029 395 2096 nisi
418 2036 547 2093 tanturn
569 2027 664 2092 modo
686 2029 772 2114 quod
794 2027 864 2114 ipse
886 2027 1023 2093 cariauit
1045 2031 1180 2094 marlam
1202 2051 1302 2114 super
1324 2040 1441 2094 terram

333 2155 398 2199 uno
412 2133 465 2198 die
480 2154 606 2196 summo
621 2154 716 2196 mane
732 2139 766 2196 ct
780 2131 871 2196 misit
886 2155 1034 2198 caracam
1051 2156 1144 2198 suam
1159 2143 1393 2218 superterram
1408 2143 1441 2198 et

331 2235 445 2302 statim
459 2242 569 2299 amota
583 2232 654 2297 fuit.
690 2234 734 2296 Et
749 2232 823 2298 ideo
836 2233 1074 2299 consideratum
1089 2234 1243 2322 estquod
1257 2235 1441 2300 Alexander

332 2335 432 2402 nichil
447 2335 534 2421 capit
549 2356 607 2420 per
620 2333 762 2400 assisam.

285 2493 292 2506 .
396 2439 522 2504 'Assisa
543 2437 637 2502 uenit
659 2438 865 2524 recognitura
884 2437 912 2503 si
932 2440 1079 2526 Rogerus
1093 2439 1134 2504 de
1150 2439 1294 2505 Muhaut
1308 2449 1344 2505 et
1357 2440 1438 2506 talea

202 2553 222 2581 ¹⁰
246 2554 257 2583 ⁰
332 2554 390 2613 etc.
414 2545 535 2611 iniuste
557 2552 617 2610 etc.
639 2544 886 2610 disseisiuerunt
904 2544 1107 2611 Willelmum
1127 2545 1234 2611 filium
1256 2546 1379 2633 Rogeri
1399 2545 1438 2611 de
1556 2565 1557 2570 ¹

168 2646 283 2730 difflui,
332 2650 432 2715 libero
458 2656 646 2713 tenemento
671 2670 730 2713 suo
755 2647 790 2713 in
814 2648 1032 2715 Framesdena
1054 2656 1129 2735 post
1151 2658 1212 2715 etc
1258 2650 1304 2713 Et
1328 2672 1439 2715 omnes
1556 2651 1557 2676 ³

331 2752 469 2818 ueniunt
485 2761 519 2816 et
533 2752 615 2816 bene
631 2752 813 2816 concedunt
826 2752 970 2816 assisam.

394 2858 562 2921 duratores
586 2856 700 2921 dicunt
725 2857 812 2942 quod
834 2858 980 2944 Rogema
1003 2854 1099 2941 pater
1120 2856 1259 2942 predicti
1280 2854 1437 2921 Willelmi

329 2959 452 3027 dimisit
468 2969 587 3025 terram
602 2960 693 3024 illam
708 2960 838 3024 cuidam
852 2962 980 3048 Rogcro
995 2961 1101 3026 Fabro
1115 2960 1159 3025 ad
1173 2960 1353 3025 terminum
1368 2960 1437 3025 uite

328 3088 395 3143 sue,
419 3074 453 3130 et
475 3072 548 3151 post
570 3072 708 3129 mortem
729 3063 833 3149 ipsius
858 3064 979 3151 Rogeri
1005 3064 1128 3149 [Fabri]
1157 3063 1252 3129 uenit
1271 3064 1438 3149 predictus

329 3170 511 3236 Willelmns
537 3178 572 3234 et
596 3168 776 3254 asportauit
802 3168 930 3234 arbores
954 3168 1124 3234 cuiusdam
1152 3168 1236 3253 haye
1265 3176 1303 3232 et
1330 3168 1438 3233 arauit

328 3284 448 3340 terram
473 3296 531 3361 per
556 3273 728 3338 dimidium
754 3273 841 3339 diem
868 3272 1053 3359 quousque⁴
1077 3273 1129 3337 uis
1154 3271 1296 3358 predicti
1317 3273 1438 3360 Rogeri

329 3378 452 3463 [Fabri]
477 3386 512 3444 et
533 3378 589 3443 al'¹⁵
610 3377 686 3442 inde
709 3386 902 3444 amnuerunt
924 3399 1073 3443 carucam
1095 3399 1198 3453 suam,
1216 3385 1268 3441 set
1290 3399 1358 3442 non
1379 3400 1437 3463 per

327 3492 515 3568 preceptum
543 3481 670 3569 Rogeri.
716 3482 759 3545 Et
785 3482 863 3569 quia
884 3504 950 3546 non
977 3482 1093 3548 habuit
1117 3481 1270 3547 seisinam
1291 3482 1358 3547 nisi
1378 3504 1438 3569 per

327 3587 499 3653 dimidium
528 3587 614 3653 diem
645 3596 680 3651 et
708 3586 828 3653 saisina
855 3586 905 3653 ita
933 3594 1047 3652 tenera
1075 3586 1139 3652 fuit
1170 3587 1219 3672 [et
1248 3585 1433 3673 iniuriosa‘]

359 3806 540 3857 1Δ.ιιι.16(1.
934 3803 1124 3855 ⁸l.m.16d.

358 3873 436 3921 ²For
446 3872 491 3922 the
501 3872 595 3933 phrase
606 3878 691 3921 tenero
701 3873 797 3921 cetrina
806 3884 849 3919 see
933 3869 1062 3933 ‘supply
1074 3870 1187 3933 predicti
1204 3870 1321 3932 Roperaa
1337 3876 1364 3919 et
1385 3872 1435 3920 alia*

324 3938 369 3989 Br.
382 3939 401 3987 l.
413 3940 453 3988 39.
487 3936 542 3985 The
557 3936 672 3987 doctrino
683 3938 710 3986 ol
721 3936 775 3985 this
786 3941 848 3986 note
899 3942 931 3994 et,
943 3934 974 3984 Δ.

325 4005 349 4053 io
370 4004 424 4065 just
445 4003 593 4059 Bracton’s;
621 4002 654 4051 he
672 4001 729 4051 who
745 4001 794 4051 has
811 4016 846 4050 no
929 4000 1015 4049 ⁵0m.
1028 4006 1052 4049 et
1063 4001 1108 4057 αι’,
1120 3997 1151 4047 Δ.
1174 3997 1230 4047 The
1250 3999 1347 4049 second
1358 3998 1436 4050 inter·

325 4068 383 4119 title
394 4068 455 4117 does
470 4072 516 4116 not
531 4071 574 4129 get
589 4081 605 4116 a
618 4067 698 4116 eeisin
713 4066 847 4127 protected
896 4065 1015 4129 polation
1026 4066 1055 4114 ol
1063 4066 1143 4114 Fotn'
1154 4078 1239 4113 seems
1251 4078 1401 4116 erroneoua.

325 4134 359 4196 by
369 4134 419 4182 law
430 4132 532 4194 against
544 4132 618 4181 thoas
630 4132 687 4181 who
699 4130 765 4181 have
780 4130 846 4188 title,
929 4131 941 4164 ⁶
956 4129 1134 4192 Interpolatad
1149 4129 1183 4192 by
1198 4130 1366 4187 Annotator;
1388 4134 1434 4180 aot

325 4198 394 4248 until
410 4198 443 4246 hs
460 4198 508 4247 has
525 4196 648 4260 occupied
665 4196 708 4245 the
725 4196 789 4245 land
806 4197 847 4245 lor
896 4194 967 4246 ina
1005 4195 1052 4245 See
1066 4197 1170 4245 notato
1191 4194 1246 4244 last
1262 4209 1331 4243 cane.
1367 4194 1431 4243 This

324 4263 485 4323 sometime3
502 4262 550 4311 but
565 4262 599 4311 he
614 4262 672 4311 who
687 4261 735 4310 has
750 4261 808 4310 title
822 4261 846 4311 is
896 4260 921 4309 is
935 4260 1004 4309 Fitz.
1020 4261 1186 4317 Atticam.
1225 4258 1282 4308 The
1296 4260 1385 4321 jurora
1399 4261 1429 4309 in

325 4326 713 4379 seizedsosoonasheentera.
742 4325 845 4376 Seethe
896 4324 950 4375 this
971 4340 1030 4375 case
1051 4324 1104 4374 and
1129 4325 1175 4374 the
1197 4324 1250 4373 last
1266 4339 1332 4374 wera
1347 4326 1425 4374 alter·

324 4392 510 4457 interpolation
521 4392 549 4441 ol
559 4390 773 4441 rnraammthe
782 4395 845 4441 next
896 4390 979 4441 wuda
1001 4389 1138 4445 attainterl.
1180 4390 1229 4441 See
1248 4389 1329 4441 boloe
1350 4390 1427 4439 Casas

324 4474 389 4510 case.
420 4458 484 4509 This
495 4457 518 4508 is
529 4457 596 4507 Fitz.
609 4458 702 4515 lasiae,
715 4458 771 4509 429.
896 4457 968 4516 1940,
981 4458 1054 4509 1941.
1087 4514 1091 4520 Ι
