3167 5075
336 420 452 471 cosan
475 421 572 483 sscn,
594 420 660 470 nn.
684 405 844 483 1236-7,
866 422 930 473 aa
953 408 1002 471 21.
1158 408 1218 471 191

137 588 222 677 Regis
242 602 275 659 et
298 588 372 659 ideo
397 600 484 658 tersa
508 591 608 659 debet
633 612 702 658 esse
728 592 879 658 eschaeta
906 591 1008 679 ipsius
1032 590 1160 657 heredis
1182 612 1223 656 co

136 694 209 780 quod
222 696 383 783 predictus
397 695 582 763 willelmus
596 696 661 762 luit
674 695 846 762 bastardus
861 704 895 763 et
912 696 995 763 obiit
1013 696 1084 762 sine
1104 692 1221 761 herede

134 795 169 861 de
185 819 215 863 se
234 807 291 865 cta
313 804 348 865 ct
368 820 466 886 quam
486 798 666 864 custodiam
687 798 865 885 Episcopus
885 799 1103 866 Karleolensis
1122 799 1223 865 habet

132 895 167 962 de
179 899 373 965 concessione
387 900 482 966 Dona
497 898 606 987 Regis

187 1000 227 1065 Et
238 998 347 1067 Adam
361 1002 455 1067 uenit
470 1010 505 1067 et
519 1024 584 1066 non
599 1002 674 1067 uult
688 1001 880 1089 respondere
895 1002 964 1068 sine
978 1002 1073 1069 breui
1092 1009 1127 1069 et
1141 1002 1222 1069 dicit

130 1104 204 1189 quod
218 1105 280 1170 fuit
294 1105 331 1170 in
345 1105 465 1170 seisina
478 1105 519 1171 de
534 1106 648 1171 eadem
663 1113 752 1171 terra
766 1113 801 1171 et
819 1104 897 1171 inde
915 1104 1098 1171 disseisitus
1116 1112 1168 1170 est
1186 1112 1221 1170 et

131 1205 204 1289 petit
216 1206 368 1273 saisinam
382 1228 484 1273 suam.

184 1311 226 1377 Et
245 1312 428 1398 ¹Episcopus
453 1311 512 1398 qui
536 1311 717 1378 custodiam
743 1311 883 1398 predicti
906 1311 1034 1377 heredis
1056 1309 1157 1377 habet
1178 1311 1221 1377 dc

128 1416 317 1481 conoessione
339 1416 433 1481 Doni
454 1415 555 1503 Regis
574 1414 655 1481 dicit
676 1413 762 1502 quod
781 1436 950 1501 nunquam
970 1414 1123 1481 seisinam
1143 1414 1221 1481 inde

127 1512 237 1597 habuit,
254 1526 307 1584 set
325 1540 441 1585 reuera
460 1520 549 1607 cepit
569 1519 646 1585 inda
668 1520 862 1586 fidelitatem
881 1518 983 1606 ipsius
1002 1517 1076 1584 Ade
1095 1526 1130 1584 et
1147 1541 1221 1605 pre·

127 1620 203 1707 cepit
222 1622 344 1689 balliuo
366 1646 424 1690 suo
446 1624 534 1712 quod
553 1624 585 1690 ei
601 1624 752 1690 saisinam
774 1626 895 1690 faceret
909 1623 950 1689 de
965 1622 1112 1710 predicta
1126 1631 1220 1700 torsa

124 1723 174 1789 sed
193 1734 368 1813 antequam
391 1728 422 1793 ci
443 1726 595 1794 saisinam
617 1729 738 1793 faceret
758 1726 873 1792 datum
892 1726 958 1791 fuit
977 1726 1041 1813 ipsi
1063 1725 1222 1813 Episcopo

124 1826 253 1916 intelligi
267 1830 354 1917 quod
368 1830 534 1917 predictus
545 1830 730 1897 Willelmus
744 1831 845 1895 irater
853 1828 957 1915 ipsius
966 1828 1040 1894 Ado
1050 1828 1221 1895 bastardus

124 1932 291 2002 nicasia
310 1936 482 2002 bastardus
501 1937 587 2023 quod
608 1936 672 2001 fuit
691 1943 789 2000 natus
809 1941 986 2021 antequam
1005 1940 1101 2019 pater
1118 1932 1222 2019 ipsius

123 2036 269 2105 Willelmi
285 2039 496 2127 desponsaret
510 2048 648 2106 matram
663 2062 764 2105 suam.

179 2142 222 2208 Et
248 2143 358 2210 Adam
388 2143 473 2209 sicut
501 2144 592 2231 prius
620 2142 707 2229 petit
735 2140 894 2207 iudicium
925 2140 954 2205 si
989 2139 1066 2205 inde
1100 2139 1221 2206 debeat

120 2247 313 2332 respondere.
359 2246 403 2312 Et
416 2246 497 2333 quia
516 2248 695 2312 uicecomes
714 2266 780 2311 non
797 2244 889 2310 misit
908 2244 1017 2322 breue,
1031 2243 1106 2311 ideo
1123 2244 1221 2310 datus

120 2358 166 2414 cst
189 2352 236 2417 eis
258 2353 331 2419 dies
354 2351 414 2417 tali
439 2351 492 2417 dic
518 2374 625 2417 coram
651 2350 744 2417 Dom.
769 2350 861 2438 Rege
886 2357 927 2414 ut
948 2348 1081 2415 interim
1106 2348 1220 2415 ueniat

119 2452 210 2522 breue
235 2464 271 2522 et
297 2456 477 2521 uicecomes
502 2454 622 2521 habeat
647 2455 747 2520 breue
771 2454 814 2520 ad
837 2454 925 2519 diem
948 2454 1051 2520 illum.
1104 2454 1150 2518 Et
1175 2452 1220 2518 sit

118 2559 282 2627 auditurus
296 2560 455 2627 iudicium
470 2583 567 2626 suum
582 2560 623 2626 de
643 2559 704 2625 hoc
722 2558 811 2647 quod
829 2559 930 2625 breue
950 2581 1015 2625 non
1032 2557 1130 2624 misit
1175 2558 1219 2624 Et

116 2669 196 2730 terra
209 2688 273 2752 que
288 2673 388 2752 capta
400 2665 501 2731 estin
515 2685 649 2730 manum
670 2664 764 2730 Dom.
780 2663 880 2749 Regis
899 2663 984 2730 sicut
1002 2663 1090 2729 idem
1110 2661 1217 2728 Adam

117 2771 271 2856 cognoscit
296 2770 428 2836 interim
451 2777 619 2836 remaneat
640 2769 675 2833 in
698 2790 799 2834 manu
823 2769 916 2833 Dona
941 2767 1042 2855 Regis
1067 2775 1103 2833 ct
1127 2767 1218 2834 saluo

114 2873 312 2940 custodiatur
325 2874 428 2940 donec
443 2874 537 2940 Dom.
553 2873 625 2938 Rex
639 2871 730 2938 aliud
744 2871 821 2937 inde
835 2872 1038 2959 preceperit¹.

34 2981 83 3052 lit,
173 2974 303 3042 'Amisa
331 2975 424 3042 uenit
452 2975 659 3064 recognitum
686 2976 715 3041 si
749 2975 916 3042 Johannes
951 2975 1038 3040 filius
1067 2973 1218 3062 Hugonis

114 3087 202 3162 pater
226 3080 367 3146 Galfridi
392 3081 457 3145 fuit
481 3080 612 3146 seisitus
634 3079 670 3144 in
695 3079 857 3146 dominico
882 3087 922 3145 ut
946 3079 988 3145 de
1011 3078 1104 3144 feodo
1129 3079 1170 3145 dc
1191 3079 1216 3166 j.

114 3192 258 3250 carucata
280 3193 368 3249 tene
391 3206 466 3249 cum
493 3191 573 3270 pert
596 3183 632 3248 in
654 3183 802 3250 Edmcrs’
826 3191 862 3249 et
886 3183 927 3249 de
952 3183 1054 3249 tercia
1076 3191 1170 3270 parte
1191 3183 1216 3270 j.

114 3286 286 3352 molendini
311 3309 386 3352 cum
409 3293 490 3373 pert.
514 3286 550 3350 in
576 3286 805 3374 Pangebumia
826 3294 862 3352 et
886 3286 928 3352 de
953 3287 1054 3353 tercia
1077 3297 1170 3374 parte
1191 3288 1215 3375 j.

113 3390 286 3457 molendini
311 3398 490 3476 cunipert
514 3390 550 3455 in
577 3389 721 3456 Sefeldia
745 3389 799 3456 die
825 3398 885 3457 etc
913 3399 950 3457 et
977 3392 1007 3457 si
1035 3401 1096 3458 otc
1118 3413 1217 3479 quam

113 3497 226 3558 terram
248 3501 287 3560 at
308 3514 389 3579 quas
409 3492 526 3558 tercias
545 3501 654 3580 partes
676 3493 832 3558 (lunnora
850 3493 892 3559 de
911 3492 1097 3582 Bendinges
1116 3502 1216 3562 tenet.

112 3591 177 3674 Quo
193 3597 288 3662 uenit
303 3604 339 3662 et
353 3595 435 3662 dicit
450 3595 536 3684 quod
550 3597 651 3662 assisa
664 3619 729 3662 non
749 3596 850 3663 debet
863 3597 940 3664 inde
955 3597 1027 3664 fieri
1041 3599 1120 3686 quia
1132 3599 1216 3665 bene

113 3700 271 3784 cognoscit
286 3699 375 3787 qnod
388 3699 553 3786 predictus
571 3701 596 3768 J
596 3700 739 3766 ohannes
759 3699 843 3766 obiit
861 3700 993 3767 seisitus
1011 3700 1053 3767 de
1071 3700 1218 3787 predicta

112 3807 250 3868 terrast
271 3811 348 3889 post
370 3801 557 3882 terminum,
578 3810 630 3868 sct
651 3801 732 3869 dicit
753 3803 841 3890 quod
864 3802 1029 3890 predictus
1051 3804 1218 3871 lohannes

112 3905 170 3970 luit
190 3906 332 3972 maritus
354 3906 426 3972 eius
448 3905 633 3994 legittimus
652 3905 739 3972 unde
759 3915 992 3993 postmortem
1012 3908 1083 3974 eius
1096 3909 1168 3995 ipsa
1182 3910 1218 3975 in

110 4011 194 4077 curia
213 4011 313 4078 Dom.
335 4011 437 4098 Regis
458 4011 548 4098 apud
570 4012 898 4079 westmonasterium
919 4015 1123 4102 recognouit⁸
1144 4036 1218 4102 pre-

110 4111 226 4182 dictam
240 4123 370 4182 ter-ram
380 4123 416 4180 et
429 4113 593 4200 predictas
606 4115 724 4182 tercias
743 4123 853 4202 partas
870 4123 910 4181 ut
923 4116 1034 4182 dotem
1048 4138 1141 4183 suam
1155 4126 1215 4183 etc

109 4303 639 4423 cssepffg‘ifffimoefflmmww’
690 4306 789 4422 i1dd⁸⁵
809 4319 852 4357 sec
867 4304 924 4357 also
940 4305 958 4359 i.
977 4305 1027 4357 806
1042 4306 1060 4358 b
1078 4306 1132 4360 and
1150 4307 1219 4358 om

139 4434 231 4486 ’'l'hie
254 4450 314 4488 ease
335 4435 361 4486 is
381 4433 450 4486 cited
471 4433 505 4498 by
526 4435 638 4486 Bractcn
721 4435 1042 4502 ’ccmrccupercaitdt
