3167 5075
382 397 446 463 300
688 410 838 475 rnrmrr,
860 412 925 463 sn.
949 399 1043 475 1220,
1064 412 1132 485 aa
1152 400 1180 462 4.

380 607 439 672 per
474 584 638 671 Rogerum
674 582 769 649 Ptiur
797 583 839 650 de
875 582 1082 649 Pleministro
1110 590 1169 649 etc
1200 590 1234 648 et
1262 582 1389 648 secundo
1407 604 1444 667 po

380 690 556 777 Hugonem
586 689 626 754 de
656 688 876 753 Montesorelli
904 696 939 754 et
968 688 1126 753 Thomam
1156 688 1197 752 de
1225 686 1387 774 Dreytona
1417 686 1446 750 Et

380 792 454 858 ideo
467 800 657 878 preceptum
672 798 722 857 est
735 790 921 856 uicecomiti
935 790 1021 877 quod
1041 790 1162 855 habeat
1175 790 1261 876 ipsos
1275 791 1446 856 Abbatcnet
1525 801 1526 806 ’

382 892 525 958 Priorem
546 892 607 957 tali
627 891 681 957 die
703 899 762 957 etc
785 900 820 957 et
842 892 939 979 primi
960 892 1062 980 plegii
1083 900 1118 957 et
1139 894 1273 958 secundi
1300 892 1334 958 in
1359 892 1445 957 misen·
1525 927 1526 986 ]

381 997 512 1075 cordia¹,
526 1006 586 1063 etc.
606 996 612 1083 Ι

445 1100 622 1165 ’Robertus
640 1101 682 1166 de
703 1100 889 1167 Comeuilla
906 1101 1124 1167 summonitus
1145 1101 1210 1166 fuit
1232 1102 1274 1167 ad
1294 1102 1447 1188 responden·

378 1205 458 1270 dum
473 1204 611 1271 Ricordo
624 1204 665 1270 de
681 1204 832 1269 Elmham
851 1206 893 1270 de
912 1204 1033 1291 placito
1051 1228 1151 1291 quare
1168 1206 1240 1291 ipse
1260 1206 1336 1271 fecit
1353 1215 1449 1271 uastum
1525 1213 1526 1248 l

380 1318 492 1375 contra
519 1308 772 1395 prohibicionem
802 1308 897 1374 Dom
919 1309 1020 1396 Regis
1042 1310 1084 1375 de
1105 1309 1201 1374 bosco
1222 1309 1258 1375 in
1279 1308 1451 1375 Tolleslund''

379 1436 477 1499 quem
492 1413 625 1479 boscum
639 1411 708 1498 ipse
728 1420 820 1477 tenet
842 1412 884 1478 de
905 1412 975 1499 ipso
997 1412 1136 1478 Ricardo
1156 1413 1197 1478 ad
1219 1414 1388 1478 terminum
1403 1412 1453 1476 uite

379 1539 438 1583 sue
466 1525 505 1582 ut
534 1516 623 1594 dicit,
644 1517 732 1582 unde
754 1516 824 1603 ipse
845 1516 1004 1581 Ricardus
1026 1516 1174 1602 queritur
1194 1519 1281 1603 quod
1302 1518 1368 1604 ipse
1385 1515 1454 1581 scidit

381 1643 515 1709 magnas
538 1643 674 1707 quercus
698 1620 735 1686 in
756 1641 874 1707 guerra
899 1627 934 1685 et
958 1628 1072 1705 postes
1094 1620 1189 1707 pauit
1211 1621 1335 1687 sciones
1354 1620 1455 1687 auedis‘

382 1725 449 1791 suis
463 1734 532 1803 etc,
546 1725 595 1791 ita
609 1725 694 1812 quod
709 1734 841 1790 uastum
856 1732 890 1789 et
904 1725 1083 1812 dampnum
1098 1725 1176 1791 fecit
1189 1725 1232 1791 ad
1251 1725 1455 1793 ualencianlr

378 1830 436 1896 sol.
451 1840 485 1896 et
500 1830 576 1895 inde
590 1829 739 1916 producit
753 1838 887 1895 sectam·

446 1935 491 2000 Et
519 1934 681 1999 Robertus
710 1935 803 2000 uenit
832 1942 867 2000 et
895 1934 1043 1999 defendit
1071 1943 1185 2000 contra
1212 1957 1289 2000 enm
1318 1945 1352 2001 et
1373 1942 1458 2000 contra

380 2048 502 2105 sectam
525 2062 617 2105 suam
640 2040 725 2125 quod
748 2041 875 2106 nullum
898 2041 1077 2125 dampnum
1099 2039 1154 2105 uel
1173 2048 1305 2105 uastum
1324 2040 1458 2124 feeitpos

379 2142 632 2229 prohibicionem
655 2142 687 2207 ei
709 2142 829 2207 factam
854 2142 939 2207 sicut
961 2141 1052 2207 curia
1073 2141 1333 2220 oonsiderauerit,
1354 2151 1385 2207 et
1402 2140 1459 2205 inde

378 2245 471 2332 ponit
490 2269 525 2311 se
548 2268 646 2332 super
669 2246 811 2310 iuratam
833 2244 947 2330 patrie
993 2246 1036 2310 Et
1063 2245 1221 2311 Ricardus
1241 2246 1393 2311 similiter.
1427 2244 1460 2307 Et
1525 2283 1526 2288 κ

377 2348 451 2414 ideo
480 2349 653 2414 mandetur
681 2346 867 2412 uicecomiti
894 2347 981 2432 quod
1010 2348 1186 2434 assumptis
1210 2371 1320 2414 secum
1341 2346 1460 2414 discrete

378 2461 437 2518 eto.
454 2453 489 2517 in
502 2452 631 2540 propria
644 2474 780 2540 persona
794 2451 882 2538 apud
897 2452 1089 2518 Tollesland’
1103 2453 1236 2518 accedet
1251 2461 1286 2517 et
1305 2476 1361 2540 per
1372 2472 1459 2517 eorum

377 2565 615 2624 sacramentum
651 2556 826 2644 diligenter
854 2556 999 2643 inquirat
1027 2557 1114 2643 quod
1150 2565 1283 2622 uastum
1318 2567 1351 2623 et
1383 2577 1459 2642 quan

377 2662 629 2727 destructionem
647 2660 735 2727 idem
755 2661 918 2726 Robertus
938 2662 1016 2727 fecit
1036 2662 1077 2727 de
1096 2683 1198 2748 mana
1219 2662 1291 2728 illa⁶
1303 2663 1382 2727 infra
1398 2660 1461 2724 duos

378 2787 478 2832 annos
492 2773 669 2831 transactos
683 2765 829 2852 proximo
844 2773 878 2830 et
892 2764 1139 2851 inquisicionem
1153 2766 1234 2831 scire
1249 2766 1345 2832 faciat
1357 2764 1411 2830 tali
1420 2761 1464 2826 die
1524 2810 1525 2851 p

379 2877 438 2934 etc.
453 2892 512 2956 per
526 2869 652 2935 litteras
668 2869 745 2936 etc⁸.
786 2879 788 2882 '

443 2973 619 3039 'Radullus
634 2974 677 3039 de
691 2973 838 3038 Arderne
853 2981 887 3038 et
901 2972 1000 3038 Alina
1019 2995 1100 3038 uxor
1119 2973 1190 3038 cius
1209 2996 1269 3060 per
1287 2979 1465 3038 attornatun

378 3099 475 3143 suum
489 3075 934 3163 petit⁸ue1susWillelmum
950 3077 991 3141 de
1006 3076 1179 3163 Mallinges
1194 3078 1236 3143 de
1254 3077 1371 3164 placito
1383 3071 1466 3138 tercie

378 3181 480 3267 partis
509 3181 550 3247 lrc
579 3203 726 3247 acrarum
755 3188 841 3246 terre
870 3190 905 3246 et
933 3180 1081 3245 redditus
1109 3181 1210 3246 trium
1244 3181 1409 3246 solidorum
1440 3182 1466 3237 et

379 3291 510 3369 pasture
538 3283 581 3348 ad
610 3291 742 3349 centum
773 3305 852 3348 oues
873 3306 948 3347 cum
977 3291 1058 3369 pert.
1080 3283 1116 3348 in
1138 3283 1294 3372 Langeho
1315 3292 1351 3349 ut
1374 3282 1466 3347 dotem

379 3409 471 3452 suam
495 3396 554 3453 etc.
600 3388 643 3452 Et
669 3387 854 3453 Willelmus
877 3385 971 3452 uenit
995 3395 1030 3451 et
1055 3386 1245 3472 dicitquod
1274 3411 1338 3453 non
1358 3383 1425 3449 uult
1442 3378 1467 3444 ei

378 3493 568 3578 respondere
592 3491 662 3556 sine
682 3500 825 3556 waranto
843 3513 902 3556 suo
920 3491 960 3556 de
974 3490 1051 3555 dote
1065 3513 1125 3556 sua
1138 3491 1263 3556 scilicet
1278 3488 1423 3558 Gauliido
1433 3484 1467 3547 de

378 3595 521 3681 Tregoz⁹.
566 3595 721 3660 Habeant
736 3617 811 3659 eum
826 3594 886 3658 tali
900 3593 955 3660 die
970 3602 1029 3660 etc
1045 3617 1105 3680 per
1123 3594 1283 3660 auxilium
1302 3593 1392 3658 curie
1432 3587 1468 3650 Et

377 3700 544 3766 sciendum
565 3700 651 3785 quod
673 3707 760 3764 terra
781 3707 878 3785 capta
898 3698 962 3763 fuit
984 3698 1020 3763 in
1038 3721 1172 3765 manum
1192 3699 1286 3764 Dom.
1308 3695 1400 3783 Regis
1419 3710 1469 3777 per

377 3803 533 3868 defaltum
548 3812 582 3868 et
597 3802 704 3890 petita
717 3802 758 3867 ad
774 3802 895 3880 horam,
906 3811 941 3866 et
955 3802 1029 3868 ideo
1043 3803 1229 3890 replegietn

246 3914 340 3983 1373,
442 3905 689 3972 ¹⁰Robe1tusde
711 3905 811 3970 Arsit’
833 3905 918 3991 petit
941 3929 1054 3972 uersus
1075 3907 1250 3974 Isobellam
1270 3909 1310 3974 de
1329 3903 1470 3971 clintona

258 4017 326 4058 ⁰¹⁰⁰*
411 4041 463 4092 let
483 4045 586 4093 secundi
604 4043 686 4106 pleuti
706 4051 908 4092 mmnwueoatur
989 4043 1119 4096 οΒιιιιΒτ.
1131 4045 1217 4096 cmo.
1245 4035 1469 4095 Thirmiffist

379 4115 427 4158 etc.
439 4115 463 4157 et
470 4111 549 4172 primi
560 4111 588 4158 in
601 4109 782 4165 misericordia,
794 4108 826 4157 A.
859 4108 907 4158 See
959 4111 1037 4162 wast
1053 4112 1110 4160 14⁰.

379 4172 525 4224 Betae.
990 4175 1139 4235 ⁷A.m.4;
1156 4176 1188 4227 B.
1200 4175 1299 4226 natd.

412 4236 720 4296 ¹A.m.4;13.m.3u
989 4238 1196 4305 ’00014000ποι
1208 4242 1283 4303 Δ,Β.

411 4301 423 4334 ⁸
440 4303 590 4364 Tolertuat',
604 4303 635 4351 B.
989 4303 1001 4336 ⁹
1016 4305 1061 4355 Br.
1073 4307 1121 4358 297
1132 4305 1158 4355 b.

412 4367 423 4400 ⁴
439 4367 538 4430 Supply
548 4374 573 4416 et
585 4369 667 4428 totus,
681 4367 712 4428 Δ,
724 4367 756 4417 B.
990 4369 1011 4402 ¹⁰
1027 4371 1057 4422 Δ.
1071 4385 1105 4421 m.
1119 4373 1144 4419 4.

411 4432 423 4464 ⁵
439 4432 469 4481 dc
479 4433 567 4492 ornata
578 4433 609 4481 dc
622 4432 773 4491 Tolerlruat',
785 4433 816 4482 B.
