3167 5075
400 399 544 460 55155,
566 399 632 448 sn.
656 385 751 461 1226,
773 398 839 450 an
862 387 912 448 10.
1150 387 1213 448 555

112 571 405 640 consideracionem²
424 571 518 659 regni
545 569 718 658 replegiari
744 570 955 658 5155511555
980 568 1220 657 redempcione·

113 677 151 742 Et
164 674 248 762 quod
259 674 426 739 Walter-us
440 673 490 739 ita
503 681 620 760 captus
634 672 699 736 fuit
713 679 748 737 55
764 672 929 750 (15555555,
944 671 1033 738 idem
1047 673 1216 738 Walterus

112 803 231 868 presens
245 788 295 846 555
317 789 351 845 55
371 780 432 846 hoo
451 787 560 844 totum
578 778 750 866 cognoscit.
795 779 840 843 Et
860 786 1011 865 preterea
1030 785 1218 842 attornatus

111 885 203 971 ipsius
238 884 391 972 Episcopi
419 884 501 950 dicit
530 883 617 970 quod
646 883 760 949 Simon
789 883 831 949 de
861 883 965 948 Hales
992 891 1027 948 55
1057 881 1216 947 Ricardus

111 988 216 1052 Duket
232 982 406 1052 iusticiarii
426 987 588 1074 assignati
603 985 646 1051 ad
665 987 780 1050 assises
800 1008 886 1051 noue
900 984 1067 1051 disseisine
1086 983 1216 1070 capien-

111 1091 176 1158 (155Ι
200 1093 259 1158 hoc
288 1091 377 1158 idem
407 1092 523 1158 testati
552 1099 632 1157 sunt
660 1090 746 1156 siout
769 1090 833 1176 ipsi
862 1089 919 1177 qui
947 1090 983 1154 in
1011 1090 1129 1155 itinere
1157 1111 1219 1154 suo

112 1197 250 1260 lecerunt
285 1194 540 1282 inquisicionem
601 1195 645 1260 Ε5
674 1195 762 1281 quod
790 1195 879 1260 idem
907 1194 1021 1260 Abbas
1048 1195 1110 1260 hoc
1138 1194 1217 1259 fecit

109 1308 213 1366 contra
248 1299 419 1365 libertates
455 1298 588 1364 ecclesie
627 1298 767 1364 Eliensis
803 1299 927 1384 profert
962 1307 1086 1364 cartam
1115 1297 1217 1385 Regis

109 1404 260 1483 Edwardi,
290 1427 355 1491 que
390 1412 534 1470 testatur
562 1402 635 1470 etc'
689 1404 733 1468 Et
763 1403 851 1467 unde
880 1402 961 1467 dicit
989 1403 1076 1489 quod
1103 1411 1219 1468 contra

110 1507 269 1573 fibertates
297 1507 371 1572 illas
400 1515 461 1573 etc
485 1507 579 1574 uenit
607 1501 774 1594 predictus
803 1506 916 1572 Abbsa
944 1505 1090 1593 predicto
1118 1505 1215 1572 modo

110 1617 163 1674 555.

166 1713 209 1777 Et
230 1713 346 1778 Abbas
366 1713 461 1780 uenit
483 1720 517 1778 et
536 1713 684 1778 defendit
702 1712 773 1778 uim
795 1721 830 1778 et
848 1712 1011 1792 iniuriam,
1027 1722 1079 1779 set
1098 1735 1216 1779 nerum

109 1817 175 1882 uult
189 1817 306 1884 dicere.
350 1817 500 1898 Quodam
515 1817 634 1883 mulier
647 1818 828 1904 appellauit
849 1819 1030 1884 Walterum
1049 1818 1092 1884 de
1111 1827 1217 1884 morte

108 1920 237 1996 siriani,
254 1928 292 1986 55
306 1927 439 2006 propter
452 1920 618 2007 appellum
634 1919 716 1986 illud
736 1921 852 1986 balliui
871 1922 923 1987 sni
936 1930 1094 2008 ceperunt
1107 1922 1216 2008 ipsum

109 2022 285 2088 Walterum
314 2030 350 2086 et
378 2021 675 2108 imprisonauerunt
705 2032 740 2088 55
769 2024 805 2088 15
841 2023 972 2111 prisona
1002 2024 1217 2090 detinuerunt

109 2149 270 2212 quousque
285 2125 379 2191 Dona
392 2127 463 2190 Rex
478 2125 607 2212 scripsit
623 2125 729 2192 eidem
741 2127 866 2192 Abbati
878 2128 1022 2194 utillum
1033 2128 1218 2194 dimitteret

109 2231 157 2316 xij.
177 2229 365 2295 bominibus
384 2230 420 2294 in
439 2229 548 2308 bellia,
564 2237 599 2294 et
618 2230 752 2294 uidetur
771 2231 804 2295 ei
823 2231 910 2317 quod
929 2232 990 2297 boc
1010 2227 1114 2297 facere
1133 2233 1220 2298 benc

109 2343 291 2418 potuerunt,
309 2333 387 2420 quia
406 2333 572 2419 predictus
592 2334 664 2398 Rex
685 2334 863 2400 Edwardus
882 2331 1216 2401 leoffauit'ecclesiam

108 2439 144 2504 de
160 2439 333 2504 Rameseia
348 2438 388 2502 de
403 2437 551 2525 pluribus
566 2438 661 2504 551515
676 2438 767 2504 etde
783 2439 952 2504 hundredo
971 2448 1007 2504 55
1026 2439 1161 2505 dimidio
1175 2435 1217 2506 (15

108 2544 309 2610 Claokelose‘
328 2566 403 2609 curn
425 2543 575 2608 omnibus
594 2544 803 2609 libertatibus
822 2566 903 2631 5555
922 2543 1009 2610 idem
1030 2544 1124 2610 Dom.
1143 2546 1218 2610 Rex

109 2648 228 2727 babuit,
243 2656 280 2714 et
303 2647 388 2713 siout
409 2647 497 2713 idem
520 2647 615 2713 Dom.
636 2648 707 2713 Rex
730 2648 841 2713 tenuit
862 2655 941 2713 tunc
963 2655 1065 2713 terres
1086 2648 1160 2713 illas
1181 2656 1219 2715 et

109 2752 311 2818 hundredum
326 2774 389 2838 que
405 2760 485 2816 5555
505 2753 639 2817 fuerunt
658 2752 699 2817 de
718 2751 881 2817 dominico
898 2776 966 2830 suo,
982 2752 1032 2818 155
1049 2752 1106 2817 illa
1124 2752 1219 2818 dedit

109 2857 234 2921 ecclesie
250 2856 293 2921 de
310 2856 481 2921 1155555515
500 2855 557 2921 de⁶
572 2856 722 2922 omuibus
742 2878 807 2943 que
826 2857 919 2922 Dorn
935 2857 1008 2922 Rex
1027 2857 1075 2921 ibi
1096 2856 1218 2923 habere

108 2970 218 3045 posset,
245 2956 336 3026 unde
362 2956 437 3026 curn
462 2962 555 3026 Dom.
582 2960 653 3025 Rex
679 2960 762 3026 bene
788 2968 898 3047 posset
922 2960 1082 3026 deducere
1104 2983 1216 3026 omnes

108 3065 264 3149 55155555ο
286 3064 327 3129 (15
349 3065 507 3130 comitatu
533 3064 568 3129 in
594 3064 786 3129 comitatum
809 3064 838 3129 si
860 3063 891 3128 51
912 3064 1063 3150 placeret,
1085 3072 1121 3128 et
1145 3064 1217 3150 ipse

109 3166 222 3235 habeat
244 3168 334 3255 quod
356 3168 450 3235 Dom.
472 3167 544 3232 Rex
567 3176 646 3232 tunc
668 3166 795 3240 babuit,
813 3166 948 3231 uidetur
968 3168 1000 3231 ei
1021 3168 1107 3252 quod
1126 3168 1217 3233 licite

108 3282 210 3356 ponet
225 3272 360 3337 duxisse
375 3270 483 3357 ipsum
499 3270 682 3335 Walterum
697 3291 801 3355 usque
820 3269 1035 3348 Rameseiam,
1051 3271 1142 3335 etde
1156 3270 1218 3337 5511

109 3374 256 3441 libertate
272 3382 325 3440 est
340 3374 475 3441 ecclesia
489 3396 549 3438 sua
563 3372 603 3438 de
619 3373 791 3438 Rameseia
805 3372 841 3437 in
855 3372 981 3451 5515155
992 3374 1070 3459 5515
1084 3374 1216 3460 quidam

108 3479 242 3545 Brianus
257 3478 300 3543 de
316 3478 398 3542 Bars
411 3484 527 3563 captus
542 3476 606 3541 fuit
621 3484 766 3562 tempore
780 3476 872 3541 tulis¹
887 3476 1038 3562 Episcopi
1053 3485 1088 3541 et
1098 3477 1218 3543 ductus

108 3604 205 3669 usque
220 3580 430 3647 Rameseiam
444 3588 480 3646 55
495 3580 542 3647 ibi
557 3580 635 3647 lecit
650 3580 804 3647 duellum.
841 3581 885 3645 Et
900 3580 987 3666 quod
1001 3580 1102 3645 talem
1116 3580 1218 3647 habet

108 3685 302 3763 libertatem,
322 3686 443 3772 profert
463 3694 587 3750 cartam
607 3684 708 3772 Regis
728 3684 879 3750 Edwardi
898 3706 962 3771 que
982 3686 1139 3750 testatur⁸
1154 3694 1214 3751 etc.

109 3842 113 3849 “
137 3831 265 3893 1815,Β;
284 3830 621 3891 55555555551555555111.
718 3829 908 3881 *1511551515
936 3828 1215 3894 Ramseyisiannt-

137 3896 148 3929 ¹
163 3897 545 3949 (155551551555115551125.
574 3896 633 3948 Ros.
688 3893 797 3959 ingdon.

109 3962 144 4011 01.
155 3964 205 4012 rol.
217 3966 242 4023 2,
255 3978 284 4027 p.
297 3964 339 4014 77.
371 3962 452 4011 Hales
468 3960 521 4011 and
534 3961 635 4011 Dnelrst
718 3960 818 4010 Ι’(1555
831 3976 893 4021 cure
905 3962 937 4011 Β.

108 4030 163 4077 sent
184 4032 212 4079 to
235 4026 425 4090 Huntingdon‚
448 4026 557 4077 Norlollr
584 4025 637 4077 and
719 4025 867 4089 ‘prom
878 4028 909 4079 B.

109 4092 179 4142 other
190 4092 321 4143 55555155.
718 4088 1031 4142 'AblankisleltinR

138 4158 149 4189 ³
164 4158 196 4207 15
207 4160 231 4207 Β
242 4158 291 4207 the
302 4155 534 4219 obnrterisbriefly
542 4154 636 4205 stated.
718 4154 729 4189 ⁸
747 4156 897 4220 Sesmlngly
903 4157 1214 4210 thsohnrtcrinllonast.

109 4222 133 4271 lt
148 4223 171 4271 15
185 4223 248 4273 that
264 4222 349 4273 lound
364 4221 394 4271 in
410 4222 527 4273 1155555.
544 4220 595 4273 vol.
610 4221 634 4279 1,
688 4220 739 4270 rol.
756 4222 780 4279 2,
798 4236 823 4284 p.
844 4224 900 4274 559.
935 4223 958 4272 B
974 4223 1046 4285 gives
1063 4224 1154 4288 brially
1170 4224 1216 4275 the

110 4302 133 4349 p.
146 4287 422 4351 tltgrsntinglinter
436 4288 504 4351 alia)
522 4286 638 4349 Wslpole
688 4285 776 4335 clause
809 4288 957 4351 conterring
990 4289 1132 4354 immunity
1161 4290 1216 4340 and

111 4352 136 4401 in
152 4354 279 4413 Norlollr;
300 4355 368 4402 51155
384 4352 484 4413 suting
500 4352 545 4402 tha
562 4354 638 4412 grant
690 4349 840 4403 nanohises.

111 4418 130 4465 B
142 4419 210 4479 gives
222 4419 270 4469 the
283 4418 368 4469 clause
380 4417 459 4469 about
471 4431 513 4467 sac
523 4418 575 4467 and
585 4431 636 4468 soc.
