<?xml version="1.0" encoding="UTF-8"?>
<!DOCTYPE html PUBLIC "-//W3C//DTD XHTML 1.0 Transitional//EN"
    "http://www.w3.org/TR/xhtml1/DTD/xhtml1-transitional.dtd">
<html xmlns="http://www.w3.org/1999/xhtml" xml:lang="en" lang="en">
 <head>
  <title>
</title>
<meta http-equiv="Content-Type" content="text/html;charset=utf-8" />
  <meta name='ocr-system' content='tesseract 3.04.00' />
  <meta name='ocr-capabilities' content='ocr_page ocr_carea ocr_par ocr_line ocrx_word'/>
</head>
<body>
  <div class='ocr_page' id='page_1' title='image "bractonsnoteboo03maitgoog_0279.png"; bbox 0 0 3167 5075; ppageno 0'>
   <div class='ocr_carea' id='block_1_1' title="bbox 320 382 1210 457">
    <p class='ocr_par' dir='ltr' id='par_1_1' title="bbox 320 382 1210 457">
     <span class='ocr_line' id='line_1_1' title="bbox 320 382 1210 457; baseline 0.007 -14"><span class='ocrx_word' id='word_1_1' title='bbox 320 395 438 443; x_wconf 74' lang='lat' dir='ltr'>consu</span> <span class='ocrx_word' id='word_1_2' title='bbox 459 394 557 455; x_wconf 82' lang='lat' dir='ltr'>asos,</span> <span class='ocrx_word' id='word_1_3' title='bbox 579 394 645 444; x_wconf 75' lang='lat' dir='ltr'>sn.</span> <span class='ocrx_word' id='word_1_4' title='bbox 670 382 829 457; x_wconf 78' lang='grc'><strong>1238-9,</strong></span> <span class='ocrx_word' id='word_1_5' title='bbox 851 397 914 445; x_wconf 70' lang='lat' dir='ltr'>su</span> <span class='ocrx_word' id='word_1_6' title='bbox 938 384 989 446; x_wconf 78' lang='lat'>23.</span> <span class='ocrx_word' id='word_1_7' title='bbox 1145 387 1210 449; x_wconf 77' lang='lat'>265</span> 
     </span>
    </p>
   </div>
   <div class='ocr_carea' id='block_1_2' title="bbox 56 566 1334 1175">
    <p class='ocr_par' dir='ltr' id='par_1_2' title="bbox 113 566 1213 944">
     <span class='ocr_line' id='line_1_2' title="bbox 115 566 1212 655; baseline 0.006 -25"><span class='ocrx_word' id='word_1_8' title='bbox 115 566 219 631; x_wconf 87' lang='lat' dir='ltr'>hsbuit</span> <span class='ocrx_word' id='word_1_9' title='bbox 247 567 322 632; x_wconf 89' lang='lat' dir='ltr'>inde</span> <span class='ocrx_word' id='word_1_10' title='bbox 351 566 502 633; x_wconf 83' lang='lat' dir='ltr'>seisinem</span> <span class='ocrx_word' id='word_1_11' title='bbox 538 566 669 653; x_wconf 85' lang='lat' dir='ltr'>quando</span> <span class='ocrx_word' id='word_1_12' title='bbox 703 567 791 633; x_wconf 89' lang='lat' dir='ltr'>idem</span> <span class='ocrx_word' id='word_1_13' title='bbox 829 568 956 655; x_wconf 89' lang='lat' dir='ltr'>Ogerus</span> <span class='ocrx_word' id='word_1_14' title='bbox 991 570 1069 635; x_wconf 87' lang='lat' dir='ltr'>fecit</span> <span class='ocrx_word' id='word_1_15' title='bbox 1105 571 1212 637; x_wconf 92' lang='lat' dir='ltr'>eidem</span> 
     </span>
     <span class='ocr_line' id='line_1_3' title="bbox 114 668 1213 757; baseline 0.006 -24"><span class='ocrx_word' id='word_1_16' title='bbox 114 668 265 735; x_wconf 87' lang='lat' dir='ltr'>Willelmo</span> <span class='ocrx_word' id='word_1_17' title='bbox 286 670 409 734; x_wconf 87' lang='lat' dir='ltr'>donum</span> <span class='ocrx_word' id='word_1_18' title='bbox 430 669 520 735; x_wconf 88' lang='lat' dir='ltr'>illud</span> <span class='ocrx_word' id='word_1_19' title='bbox 565 670 609 733; x_wconf 86' lang='lat' dir='ltr'>Et</span> <span class='ocrx_word' id='word_1_20' title='bbox 630 670 797 755; x_wconf 85' lang='lat' dir='ltr'>predictus</span> <span class='ocrx_word' id='word_1_21' title='bbox 816 670 965 757; x_wconf 83' lang='lat' dir='ltr'>Rogems</span> <span class='ocrx_word' id='word_1_22' title='bbox 986 671 1108 738; x_wconf 92' lang='lat' dir='ltr'>donum</span> <span class='ocrx_word' id='word_1_23' title='bbox 1130 674 1213 741; x_wconf 92' lang='lat' dir='ltr'>illud</span> 
     </span>
     <span class='ocr_line' id='line_1_4' title="bbox 113 774 1213 861; baseline 0.007 -25"><span class='ocrx_word' id='word_1_24' title='bbox 113 774 268 859; x_wconf 90' lang='lat' dir='ltr'>cognouit¹</span> <span class='ocrx_word' id='word_1_25' title='bbox 283 782 335 839; x_wconf 89' lang='lat' dir='ltr'>sat</span> <span class='ocrx_word' id='word_1_26' title='bbox 350 775 515 860; x_wconf 88' lang='lat' dir='ltr'>querelam</span> <span class='ocrx_word' id='word_1_27' title='bbox 529 774 619 839; x_wconf 84' lang='lat' dir='ltr'>illam</span> <span class='ocrx_word' id='word_1_28' title='bbox 634 774 712 838; x_wconf 86' lang='lat' dir='ltr'>fecit</span> <span class='ocrx_word' id='word_1_29' title='bbox 733 796 793 860; x_wconf 90' lang='lat' dir='ltr'>per</span> <span class='ocrx_word' id='word_1_30' title='bbox 813 774 1039 861; x_wconf 82' lang='lat' dir='ltr'>insipiencism</span> <span class='ocrx_word' id='word_1_31' title='bbox 1060 787 1213 857; x_wconf 77' lang='lat' dir='ltr'>suamet</span> 
     </span>
     <span class='ocr_line' id='line_1_5' title="bbox 114 876 464 944; baseline 0.009 -3"><span class='ocrx_word' id='word_1_32' title='bbox 114 876 177 941; x_wconf 88' lang='lat' dir='ltr'>ideo</span> <span class='ocrx_word' id='word_1_33' title='bbox 190 878 224 942; x_wconf 92' lang='lat' dir='ltr'>in</span> <span class='ocrx_word' id='word_1_34' title='bbox 238 878 464 944; x_wconf 75' lang='lat' dir='ltr'>misericordis</span> 
     </span>
    </p>

    <p class='ocr_par' dir='ltr' id='par_1_3' title="bbox 56 974 1334 1175">
     <span class='ocr_line' id='line_1_6' title="bbox 56 974 1334 1073; baseline 0.006 -28"><span class='ocrx_word' id='word_1_35' title='bbox 56 974 81 1035; x_wconf 68' lang='lat' dir='ltr'>o,</span> <span class='ocrx_word' id='word_1_36' title='bbox 169 981 255 1046; x_wconf 87' lang='lat' dir='ltr'>Prior</span> <span class='ocrx_word' id='word_1_37' title='bbox 269 981 311 1047; x_wconf 90' lang='lat' dir='ltr'>de</span> <span class='ocrx_word' id='word_1_38' title='bbox 328 982 454 1046; x_wconf 82' lang='lat' dir='ltr'>Eatons</span> <span class='ocrx_word' id='word_1_39' title='bbox 468 983 685 1048; x_wconf 76' lang='lat' dir='ltr'><strong>summonitus</strong></span> <span class='ocrx_word' id='word_1_40' title='bbox 700 982 764 1048; x_wconf 85' lang='lat' dir='ltr'>fuit</span> <span class='ocrx_word' id='word_1_41' title='bbox 785 983 829 1048; x_wconf 82' lang='lat' dir='ltr'>sd</span> <span class='ocrx_word' id='word_1_42' title='bbox 850 985 1089 1064; x_wconf 86' lang='lat' dir='ltr'>ostendendum</span> <span class='ocrx_word' id='word_1_43' title='bbox 1111 1010 1212 1073; x_wconf 85' lang='lat' dir='ltr'>quare</span> <span class='ocrx_word' id='word_1_44' title='bbox 1327 1022 1334 1035; x_wconf 94' lang='lat'><strong>·</strong></span> 
     </span>
     <span class='ocr_line' id='line_1_7' title="bbox 115 1084 1210 1175; baseline 0.006 -27"><span class='ocrx_word' id='word_1_45' title='bbox 115 1084 293 1149; x_wconf 87' lang='lat' dir='ltr'>theloneum</span> <span class='ocrx_word' id='word_1_46' title='bbox 316 1085 404 1171; x_wconf 86' lang='lat' dir='ltr'>exigi</span> <span class='ocrx_word' id='word_1_47' title='bbox 426 1084 503 1149; x_wconf 86' lang='lat' dir='ltr'>fecit</span> <span class='ocrx_word' id='word_1_48' title='bbox 517 1108 539 1149; x_wconf 87' lang='lat' dir='ltr'>a</span> <span class='ocrx_word' id='word_1_49' title='bbox 553 1084 682 1150; x_wconf 84' lang='lat' dir='ltr'>balliuis</span> <span class='ocrx_word' id='word_1_50' title='bbox 704 1086 803 1151; x_wconf 90' lang='lat' dir='ltr'>Dom.·</span> <span class='ocrx_word' id='word_1_51' title='bbox 814 1088 916 1175; x_wconf 86' lang='lat' dir='ltr'>Regis</span> <span class='ocrx_word' id='word_1_52' title='bbox 936 1089 1042 1154; x_wconf 91' lang='lat' dir='ltr'>missis</span> <span class='ocrx_word' id='word_1_53' title='bbox 1063 1090 1106 1155; x_wconf 81' lang='lat' dir='ltr'>cd</span> <span class='ocrx_word' id='word_1_54' title='bbox 1127 1113 1210 1155; x_wconf 92' lang='lat' dir='ltr'>nun-</span> 
     </span>
    </p>
   </div>
   <div class='ocr_carea' id='block_1_3' title="bbox 110 1186 1212 1700">
    <p class='ocr_par' dir='ltr' id='par_1_4' title="bbox 110 1186 1212 1700">
     <span class='ocr_line' id='line_1_8' title="bbox 112 1186 1212 1279; baseline 0.008 -28"><span class='ocrx_word' id='word_1_55' title='bbox 112 1186 192 1252; x_wconf 82' lang='lat' dir='ltr'>dinas</span> <span class='ocrx_word' id='word_1_56' title='bbox 212 1188 253 1253; x_wconf 87' lang='lat' dir='ltr'>de</span> <span class='ocrx_word' id='word_1_57' title='bbox 277 1190 406 1253; x_wconf 79' lang='lat' dir='ltr'>Eetons</span> <span class='ocrx_word' id='word_1_58' title='bbox 427 1210 486 1273; x_wconf 91' lang='lat' dir='ltr'>pro</span> <span class='ocrx_word' id='word_1_59' title='bbox 507 1189 625 1255; x_wconf 91' lang='lat' dir='ltr'>ouibus</span> <span class='ocrx_word' id='word_1_60' title='bbox 639 1190 681 1255; x_wconf 84' lang='lat' dir='ltr'>nd</span> <span class='ocrx_word' id='word_1_61' title='bbox 696 1212 776 1276; x_wconf 88' lang='lat' dir='ltr'>opus</span> <span class='ocrx_word' id='word_1_62' title='bbox 791 1191 885 1257; x_wconf 85' lang='lat' dir='ltr'>Dom</span> <span class='ocrx_word' id='word_1_63' title='bbox 901 1193 1002 1279; x_wconf 90' lang='lat' dir='ltr'>Regis</span> <span class='ocrx_word' id='word_1_64' title='bbox 1016 1195 1161 1260; x_wconf 81' lang='lat' dir='ltr'>emendis</span> <span class='ocrx_word' id='word_1_65' title='bbox 1176 1204 1212 1260; x_wconf 93' lang='lat' dir='ltr'>et</span> 
     </span>
     <span class='ocr_line' id='line_1_9' title="bbox 112 1292 1211 1385; baseline 0.007 -29"><span class='ocrx_word' id='word_1_66' title='bbox 112 1292 260 1358; x_wconf 74' lang='lat' dir='ltr'>occasione</span> <span class='ocrx_word' id='word_1_67' title='bbox 286 1293 391 1379; x_wconf 91' lang='lat' dir='ltr'>ipsius</span> <span class='ocrx_word' id='word_1_68' title='bbox 414 1293 557 1358; x_wconf 90' lang='lat' dir='ltr'>thelonei</span> <span class='ocrx_word' id='word_1_69' title='bbox 580 1316 657 1359; x_wconf 92' lang='lat' dir='ltr'>oues</span> <span class='ocrx_word' id='word_1_70' title='bbox 686 1295 779 1361; x_wconf 88' lang='lat' dir='ltr'>Dom</span> <span class='ocrx_word' id='word_1_71' title='bbox 803 1296 904 1383; x_wconf 89' lang='lat' dir='ltr'>Regis</span> <span class='ocrx_word' id='word_1_72' title='bbox 932 1297 1054 1363; x_wconf 89' lang='lat' dir='ltr'>ibidem</span> <span class='ocrx_word' id='word_1_73' title='bbox 1084 1308 1211 1385; x_wconf 90' lang='lat' dir='ltr'>emptas</span> 
     </span>
     <span class='ocr_line' id='line_1_10' title="bbox 112 1397 1211 1475; baseline 0.005 -14"><span class='ocrx_word' id='word_1_74' title='bbox 112 1397 177 1460; x_wconf 87' lang='lat' dir='ltr'>fecit</span> <span class='ocrx_word' id='word_1_75' title='bbox 189 1398 334 1475; x_wconf 76' lang='lat' dir='ltr'>arestari,</span> <span class='ocrx_word' id='word_1_76' title='bbox 347 1398 474 1463; x_wconf 88' lang='lat' dir='ltr'>desicut</span> <span class='ocrx_word' id='word_1_77' title='bbox 488 1398 576 1463; x_wconf 93' lang='lat' dir='ltr'>idem</span> <span class='ocrx_word' id='word_1_78' title='bbox 592 1398 682 1463; x_wconf 87' lang='lat' dir='ltr'>Prior</span> <span class='ocrx_word' id='word_1_79' title='bbox 695 1422 754 1464; x_wconf 88' lang='lat' dir='ltr'>sen</span> <span class='ocrx_word' id='word_1_80' title='bbox 776 1400 930 1466; x_wconf 84' lang='lat' dir='ltr'>Priorissa</span> <span class='ocrx_word' id='word_1_81' title='bbox 951 1401 992 1466; x_wconf 93' lang='lat' dir='ltr'>de</span> <span class='ocrx_word' id='word_1_82' title='bbox 1014 1402 1155 1468; x_wconf 83' lang='lat' dir='ltr'>Eetons¹</span> <span class='ocrx_word' id='word_1_83' title='bbox 1175 1404 1211 1469; x_wconf 92' lang='lat' dir='ltr'>in</span> 
     </span>
     <span class='ocr_line' id='line_1_11' title="bbox 111 1502 1212 1595; baseline 0.006 -29"><span class='ocrx_word' id='word_1_84' title='bbox 111 1502 250 1568; x_wconf 88' lang='lat' dir='ltr'>nundinis</span> <span class='ocrx_word' id='word_1_85' title='bbox 264 1504 307 1569; x_wconf 94' lang='lat' dir='ltr'>de</span> <span class='ocrx_word' id='word_1_86' title='bbox 324 1505 451 1569; x_wconf 84' lang='lat' dir='ltr'>Eatone</span> <span class='ocrx_word' id='word_1_87' title='bbox 466 1505 589 1569; x_wconf 87' lang='lat' dir='ltr'>nullam</span> <span class='ocrx_word' id='word_1_88' title='bbox 605 1504 728 1569; x_wconf 85' lang='lat' dir='ltr'>habent</span> <span class='ocrx_word' id='word_1_89' title='bbox 747 1505 934 1571; x_wconf 82' lang='lat' dir='ltr'>libertatem</span> <span class='ocrx_word' id='word_1_90' title='bbox 956 1507 1019 1571; x_wconf 90' lang='lat' dir='ltr'>nisi</span> <span class='ocrx_word' id='word_1_91' title='bbox 1040 1508 1081 1573; x_wconf 95' lang='lat' dir='ltr'>de</span> <span class='ocrx_word' id='word_1_92' title='bbox 1103 1508 1212 1595; x_wconf 86' lang='lat' dir='ltr'>gracia</span> 
     </span>
     <span class='ocr_line' id='line_1_12' title="bbox 110 1608 1210 1700; baseline 0.008 -31"><span class='ocrx_word' id='word_1_93' title='bbox 110 1614 139 1669; x_wconf 86' lang='lat' dir='ltr'>at</span> <span class='ocrx_word' id='word_1_94' title='bbox 159 1608 358 1673; x_wconf 89' lang='lat' dir='ltr'>concessione</span> <span class='ocrx_word' id='word_1_95' title='bbox 384 1608 644 1694; x_wconf 80' lang='lat' dir='ltr'>predecessorum</span> <span class='ocrx_word' id='word_1_96' title='bbox 674 1609 767 1673; x_wconf 92' lang='lat' dir='ltr'>Dom.</span> <span class='ocrx_word' id='word_1_97' title='bbox 795 1609 895 1697; x_wconf 90' lang='lat' dir='ltr'>Regis</span> <span class='ocrx_word' id='word_1_98' title='bbox 923 1611 1053 1698; x_wconf 82' lang='lat' dir='ltr'>Regum</span> <span class='ocrx_word' id='word_1_99' title='bbox 1081 1614 1210 1700; x_wconf 84' lang='lat' dir='ltr'>Anglie‚</span> 
     </span>
    </p>
   </div>
   <div class='ocr_carea' id='block_1_4' title="bbox 54 1710 1357 4186">
    <p class='ocr_par' dir='ltr' id='par_1_5' title="bbox 106 1710 1212 3335">
     <span class='ocr_line' id='line_1_13' title="bbox 110 1710 1212 1801; baseline 0.005 -25"><span class='ocrx_word' id='word_1_100' title='bbox 110 1734 179 1796; x_wconf 87' lang='lat' dir='ltr'>quos</span> <span class='ocrx_word' id='word_1_101' title='bbox 200 1714 293 1779; x_wconf 90' lang='lat' dir='ltr'>Dom</span> <span class='ocrx_word' id='word_1_102' title='bbox 322 1714 394 1779; x_wconf 85' lang='lat' dir='ltr'>Rex</span> <span class='ocrx_word' id='word_1_103' title='bbox 421 1735 487 1777; x_wconf 91' lang='lat' dir='ltr'>non</span> <span class='ocrx_word' id='word_1_104' title='bbox 512 1714 616 1778; x_wconf 88' lang='lat' dir='ltr'>credit</span> <span class='ocrx_word' id='word_1_105' title='bbox 639 1713 825 1778; x_wconf 85' lang='lat' dir='ltr'>libertatem</span> <span class='ocrx_word' id='word_1_106' title='bbox 851 1710 994 1801; x_wconf 87' lang='lat' dir='ltr'>aliquam</span> <span class='ocrx_word' id='word_1_107' title='bbox 1023 1716 1072 1779; x_wconf 87' lang='lat' dir='ltr'>eis</span> <span class='ocrx_word' id='word_1_108' title='bbox 1100 1718 1212 1781; x_wconf 80' lang='lat' dir='ltr'>taliter</span> 
     </span>
     <span class='ocr_line' id='line_1_14' title="bbox 110 1817 1211 1907; baseline 0.005 -26"><span class='ocrx_word' id='word_1_109' title='bbox 110 1818 287 1884; x_wconf 88' lang='lat' dir='ltr'>concessisse</span> <span class='ocrx_word' id='word_1_110' title='bbox 311 1818 397 1905; x_wconf 91' lang='lat' dir='ltr'>quod</span> <span class='ocrx_word' id='word_1_111' title='bbox 419 1817 482 1904; x_wconf 90' lang='lat' dir='ltr'>ipsi</span> <span class='ocrx_word' id='word_1_112' title='bbox 505 1826 538 1883; x_wconf 89' lang='lat' dir='ltr'>et</span> <span class='ocrx_word' id='word_1_113' title='bbox 561 1817 696 1883; x_wconf 87' lang='lat' dir='ltr'>heredes</span> <span class='ocrx_word' id='word_1_114' title='bbox 717 1818 769 1883; x_wconf 87' lang='lat' dir='ltr'>sui</span> <span class='ocrx_word' id='word_1_115' title='bbox 790 1818 867 1882; x_wconf 90' lang='lat' dir='ltr'>inde</span> <span class='ocrx_word' id='word_1_116' title='bbox 889 1818 1067 1903; x_wconf 89' lang='lat' dir='ltr'>dampnum</span> <span class='ocrx_word' id='word_1_117' title='bbox 1082 1821 1211 1907; x_wconf 88' lang='lat' dir='ltr'>proprie</span> 
     </span>
     <span class='ocr_line' id='line_1_15' title="bbox 109 1920 1210 2001; baseline 0.005 -17"><span class='ocrx_word' id='word_1_118' title='bbox 109 1920 256 1988; x_wconf 77' lang='lat' dir='ltr'>libertatis</span> <span class='ocrx_word' id='word_1_119' title='bbox 270 1924 474 1988; x_wconf 78' lang='lat' dir='ltr'>incurrerent</span> <span class='ocrx_word' id='word_1_120' title='bbox 489 1930 559 2001; x_wconf 84' lang='lat' dir='ltr'>etc,</span> <span class='ocrx_word' id='word_1_121' title='bbox 575 1930 609 1987; x_wconf 90' lang='lat' dir='ltr'>et</span> <span class='ocrx_word' id='word_1_122' title='bbox 623 1922 710 1987; x_wconf 91' lang='lat' dir='ltr'>unde</span> <span class='ocrx_word' id='word_1_123' title='bbox 725 1922 910 1987; x_wconf 89' lang='lat' dir='ltr'>Willelmus</span> <span class='ocrx_word' id='word_1_124' title='bbox 924 1921 965 1987; x_wconf 88' lang='lat' dir='ltr'>de</span> <span class='ocrx_word' id='word_1_125' title='bbox 980 1922 1210 1989; x_wconf 85' lang='lat' dir='ltr'>Clariuallibus</span> 
     </span>
     <span class='ocr_line' id='line_1_16' title="bbox 109 2023 1208 2111; baseline 0.003 -25"><span class='ocrx_word' id='word_1_126' title='bbox 109 2024 208 2089; x_wconf 86' lang='lat' dir='ltr'>etalii</span> <span class='ocrx_word' id='word_1_127' title='bbox 228 2026 348 2091; x_wconf 86' lang='lat' dir='ltr'>balliui</span> <span class='ocrx_word' id='word_1_128' title='bbox 368 2024 483 2090; x_wconf 87' lang='lat' dir='ltr'>dicunt</span> <span class='ocrx_word' id='word_1_129' title='bbox 506 2024 592 2111; x_wconf 93' lang='lat' dir='ltr'>quod</span> <span class='ocrx_word' id='word_1_130' title='bbox 613 2047 688 2089; x_wconf 87' lang='lat' dir='ltr'>cum</span> <span class='ocrx_word' id='word_1_131' title='bbox 712 2024 879 2088; x_wconf 88' lang='lat' dir='ltr'>uenissent</span> <span class='ocrx_word' id='word_1_132' title='bbox 893 2023 935 2088; x_wconf 82' lang='lat' dir='ltr'>sd</span> <span class='ocrx_word' id='word_1_133' title='bbox 949 2024 1110 2109; x_wconf 86' lang='lat' dir='ltr'>predictas</span> <span class='ocrx_word' id='word_1_134' title='bbox 1125 2047 1208 2089; x_wconf 90' lang='lat' dir='ltr'>nun·</span> 
     </span>
     <span class='ocr_line' id='line_1_17' title="bbox 109 2126 1209 2215; baseline -0.002 -22"><span class='ocrx_word' id='word_1_135' title='bbox 109 2126 190 2193; x_wconf 88' lang='lat' dir='ltr'>dinas</span> <span class='ocrx_word' id='word_1_136' title='bbox 210 2130 361 2215; x_wconf 81' lang='lat' dir='ltr'>predicta</span> <span class='ocrx_word' id='word_1_137' title='bbox 383 2128 546 2194; x_wconf 83' lang='lat' dir='ltr'>occasione</span> <span class='ocrx_word' id='word_1_138' title='bbox 565 2136 599 2193; x_wconf 88' lang='lat' dir='ltr'>et</span> <span class='ocrx_word' id='word_1_139' title='bbox 614 2128 768 2193; x_wconf 89' lang='lat' dir='ltr'>emissent</span> <span class='ocrx_word' id='word_1_140' title='bbox 782 2128 830 2192; x_wconf 91' lang='lat' dir='ltr'>ibi</span> <span class='ocrx_word' id='word_1_141' title='bbox 845 2127 1001 2192; x_wconf 82' lang='lat' dir='ltr'>ducentas</span> <span class='ocrx_word' id='word_1_142' title='bbox 1016 2150 1093 2192; x_wconf 89' lang='lat' dir='ltr'>oues</span> <span class='ocrx_word' id='word_1_143' title='bbox 1108 2150 1166 2213; x_wconf 89' lang='lat' dir='ltr'>per</span> <span class='ocrx_word' id='word_1_144' title='bbox 1179 2151 1209 2193; x_wconf 87' lang='lat' dir='ltr'>v.</span> 
     </span>
     <span class='ocr_line' id='line_1_18' title="bbox 108 2230 1209 2318; baseline 0.004 -25"><span class='ocrx_word' id='word_1_145' title='bbox 108 2230 181 2296; x_wconf 67' lang='lat' dir='ltr'>xrl.³</span> <span class='ocrx_word' id='word_1_146' title='bbox 195 2241 361 2299; x_wconf 88' lang='lat' dir='ltr'>uenerunt</span> <span class='ocrx_word' id='word_1_147' title='bbox 383 2232 498 2297; x_wconf 82' lang='lat' dir='ltr'>belliui</span> <span class='ocrx_word' id='word_1_148' title='bbox 519 2232 622 2317; x_wconf 92' lang='lat' dir='ltr'>ipsius</span> <span class='ocrx_word' id='word_1_149' title='bbox 638 2232 755 2296; x_wconf 90' lang='lat' dir='ltr'>Prioris</span> <span class='ocrx_word' id='word_1_150' title='bbox 771 2240 805 2296; x_wconf 90' lang='lat' dir='ltr'>et</span> <span class='ocrx_word' id='word_1_151' title='bbox 828 2232 999 2318; x_wconf 83' lang='lat' dir='ltr'>exigerunt</span> <span class='ocrx_word' id='word_1_152' title='bbox 1020 2231 1209 2297; x_wconf 89' lang='lat' dir='ltr'>theloneum</span> 
     </span>
     <span class='ocr_line' id='line_1_19' title="bbox 107 2334 1209 2424; baseline 0.003 -27"><span class='ocrx_word' id='word_1_153' title='bbox 107 2334 142 2398; x_wconf 84' lang='lat' dir='ltr'>ab</span> <span class='ocrx_word' id='word_1_154' title='bbox 156 2336 199 2401; x_wconf 92' lang='lat' dir='ltr'>eis</span> <span class='ocrx_word' id='word_1_155' title='bbox 212 2337 261 2403; x_wconf 83' lang='lat' dir='ltr'>ita</span> <span class='ocrx_word' id='word_1_156' title='bbox 275 2336 365 2424; x_wconf 90' lang='lat' dir='ltr'>quod</span> <span class='ocrx_word' id='word_1_157' title='bbox 379 2336 443 2423; x_wconf 91' lang='lat' dir='ltr'>ipsi</span> <span class='ocrx_word' id='word_1_158' title='bbox 457 2343 660 2401; x_wconf 77' lang='lat' dir='ltr'>accesserunt</span> <span class='ocrx_word' id='word_1_159' title='bbox 676 2334 717 2399; x_wconf 84' lang='lat' dir='ltr'>ad</span> <span class='ocrx_word' id='word_1_160' title='bbox 735 2335 843 2421; x_wconf 90' lang='lat' dir='ltr'>ipsum</span> <span class='ocrx_word' id='word_1_161' title='bbox 865 2334 1008 2399; x_wconf 89' lang='lat' dir='ltr'>Priorem</span> <span class='ocrx_word' id='word_1_162' title='bbox 1031 2342 1065 2399; x_wconf 91' lang='lat' dir='ltr'>et</span> <span class='ocrx_word' id='word_1_163' title='bbox 1086 2342 1209 2400; x_wconf 78' lang='lat' dir='ltr'>sectam</span> 
     </span>
     <span class='ocr_line' id='line_1_20' title="bbox 108 2438 1207 2527; baseline 0.002 -24"><span class='ocrx_word' id='word_1_164' title='bbox 108 2439 319 2521; x_wconf 86' lang='lat' dir='ltr'>produxerunt</span> <span class='ocrx_word' id='word_1_165' title='bbox 342 2441 428 2527; x_wconf 89' lang='lat' dir='ltr'>quod</span> <span class='ocrx_word' id='word_1_166' title='bbox 450 2439 600 2505; x_wconf 87' lang='lat' dir='ltr'>bidentes</span> <span class='ocrx_word' id='word_1_167' title='bbox 622 2439 691 2526; x_wconf 88' lang='lat' dir='ltr'>ipse</span> <span class='ocrx_word' id='word_1_168' title='bbox 714 2438 847 2503; x_wconf 88' lang='lat' dir='ltr'>fuerunt</span> <span class='ocrx_word' id='word_1_169' title='bbox 867 2439 960 2503; x_wconf 86' lang='lat' dir='ltr'>Dom</span> <span class='ocrx_word' id='word_1_170' title='bbox 982 2438 1101 2524; x_wconf 83' lang='lat' dir='ltr'>Regis,⁴</span> <span class='ocrx_word' id='word_1_171' title='bbox 1119 2439 1207 2505; x_wconf 89' lang='lat' dir='ltr'>idem</span> 
     </span>
     <span class='ocr_line' id='line_1_21' title="bbox 108 2541 1209 2630; baseline 0.003 -24"><span class='ocrx_word' id='word_1_172' title='bbox 108 2541 186 2608; x_wconf 84' lang='lat' dir='ltr'>Prior</span> <span class='ocrx_word' id='word_1_173' title='bbox 199 2545 358 2610; x_wconf 85' lang='lat' dir='ltr'>concessit</span> <span class='ocrx_word' id='word_1_174' title='bbox 373 2545 420 2610; x_wconf 89' lang='lat' dir='ltr'>eis</span> <span class='ocrx_word' id='word_1_175' title='bbox 434 2545 520 2630; x_wconf 90' lang='lat' dir='ltr'>quod</span> <span class='ocrx_word' id='word_1_176' title='bbox 542 2545 577 2608; x_wconf 95' lang='lat' dir='ltr'>in</span> <span class='ocrx_word' id='word_1_177' title='bbox 599 2566 678 2629; x_wconf 80' lang='lat' dir='ltr'>pace</span> <span class='ocrx_word' id='word_1_178' title='bbox 700 2543 902 2608; x_wconf 86' lang='lat' dir='ltr'>discederent</span> <span class='ocrx_word' id='word_1_179' title='bbox 923 2566 997 2608; x_wconf 87' lang='lat' dir='ltr'>cum</span> <span class='ocrx_word' id='word_1_180' title='bbox 1020 2544 1209 2610; x_wconf 88' lang='lat' dir='ltr'>bidentibus</span> 
     </span>
     <span class='ocr_line' id='line_1_22' title="bbox 107 2645 1208 2733; baseline 0.005 -25"><span class='ocrx_word' id='word_1_181' title='bbox 107 2645 168 2724; x_wconf 89' lang='lat' dir='ltr'>illis,</span> <span class='ocrx_word' id='word_1_182' title='bbox 189 2657 223 2712; x_wconf 90' lang='lat' dir='ltr'>et</span> <span class='ocrx_word' id='word_1_183' title='bbox 245 2671 322 2714; x_wconf 90' lang='lat' dir='ltr'>cum</span> <span class='ocrx_word' id='word_1_184' title='bbox 345 2647 495 2713; x_wconf 89' lang='lat' dir='ltr'>bidentes</span> <span class='ocrx_word' id='word_1_185' title='bbox 516 2647 588 2712; x_wconf 81' lang='lat' dir='ltr'>illes</span> <span class='ocrx_word' id='word_1_186' title='bbox 610 2647 722 2733; x_wconf 76' lang='lat' dir='ltr'>fugare</span> <span class='ocrx_word' id='word_1_187' title='bbox 744 2646 869 2712; x_wconf 89' lang='lat' dir='ltr'>uellent</span> <span class='ocrx_word' id='word_1_188' title='bbox 893 2670 915 2711; x_wconf 87' lang='lat' dir='ltr'>a</span> <span class='ocrx_word' id='word_1_189' title='bbox 939 2647 1093 2713; x_wconf 89' lang='lat' dir='ltr'>nundinis</span> <span class='ocrx_word' id='word_1_190' title='bbox 1114 2648 1208 2713; x_wconf 88' lang='lat' dir='ltr'>uenit</span> 
     </span>
     <span class='ocr_line' id='line_1_23' title="bbox 107 2750 1207 2838; baseline 0.003 -25"><span class='ocrx_word' id='word_1_191' title='bbox 107 2753 288 2818; x_wconf 86' lang='lat' dir='ltr'>senescallus</span> <span class='ocrx_word' id='word_1_192' title='bbox 303 2753 406 2838; x_wconf 90' lang='lat' dir='ltr'>ipsius</span> <span class='ocrx_word' id='word_1_193' title='bbox 421 2752 539 2817; x_wconf 89' lang='lat' dir='ltr'>Prioris</span> <span class='ocrx_word' id='word_1_194' title='bbox 554 2761 588 2816; x_wconf 86' lang='lat' dir='ltr'>et</span> <span class='ocrx_word' id='word_1_195' title='bbox 603 2751 687 2816; x_wconf 82' lang='lat' dir='ltr'>dixit</span> <span class='ocrx_word' id='word_1_196' title='bbox 702 2750 788 2837; x_wconf 92' lang='lat' dir='ltr'>quod</span> <span class='ocrx_word' id='word_1_197' title='bbox 799 2751 863 2836; x_wconf 88' lang='lat' dir='ltr'>ipsi</span> <span class='ocrx_word' id='word_1_198' title='bbox 873 2752 1048 2816; x_wconf 87' lang='lat' dir='ltr'>uoluerunt</span> <span class='ocrx_word' id='word_1_199' title='bbox 1059 2751 1207 2836; x_wconf 88' lang='lat' dir='ltr'>decipere</span> 
     </span>
     <span class='ocr_line' id='line_1_24' title="bbox 106 2850 1208 2939; baseline 0.005 -26"><span class='ocrx_word' id='word_1_200' title='bbox 106 2850 201 2936; x_wconf 87' lang='lat' dir='ltr'>ipsum</span> <span class='ocrx_word' id='word_1_201' title='bbox 216 2856 362 2920; x_wconf 89' lang='lat' dir='ltr'>Priorem</span> <span class='ocrx_word' id='word_1_202' title='bbox 378 2863 413 2919; x_wconf 88' lang='lat' dir='ltr'>et</span> <span class='ocrx_word' id='word_1_203' title='bbox 426 2853 602 2919; x_wconf 87' lang='lat' dir='ltr'>uoluerunt</span> <span class='ocrx_word' id='word_1_204' title='bbox 616 2861 779 2938; x_wconf 79' lang='lat' dir='ltr'>asportare</span> <span class='ocrx_word' id='word_1_205' title='bbox 795 2853 1045 2918; x_wconf 89' lang='lat' dir='ltr'>consuetudines</span> <span class='ocrx_word' id='word_1_206' title='bbox 1064 2862 1099 2918; x_wconf 93' lang='lat' dir='ltr'>et</span> <span class='ocrx_word' id='word_1_207' title='bbox 1120 2854 1208 2939; x_wconf 91' lang='lat' dir='ltr'>cepit</span> 
     </span>
     <span class='ocr_line' id='line_1_25' title="bbox 107 2953 1207 3044; baseline 0.005 -26"><span class='ocrx_word' id='word_1_208' title='bbox 107 2953 242 3022; x_wconf 89' lang='lat' dir='ltr'>bidentes</span> <span class='ocrx_word' id='word_1_209' title='bbox 264 2959 340 3023; x_wconf 89' lang='lat' dir='ltr'>illas</span> <span class='ocrx_word' id='word_1_210' title='bbox 365 2958 414 3022; x_wconf 85' lang='lat' dir='ltr'>its</span> <span class='ocrx_word' id='word_1_211' title='bbox 439 2957 524 3044; x_wconf 91' lang='lat' dir='ltr'>quod</span> <span class='ocrx_word' id='word_1_212' title='bbox 548 2956 619 3021; x_wconf 82' lang='lat' dir='ltr'>illes</span> <span class='ocrx_word' id='word_1_213' title='bbox 644 2956 762 3021; x_wconf 89' lang='lat' dir='ltr'>habere</span> <span class='ocrx_word' id='word_1_214' title='bbox 785 2979 850 3021; x_wconf 94' lang='lat' dir='ltr'>non</span> <span class='ocrx_word' id='word_1_215' title='bbox 873 2965 1052 3042; x_wconf 86' lang='lat' dir='ltr'>potuerunt</span> <span class='ocrx_word' id='word_1_216' title='bbox 1077 2966 1112 3023; x_wconf 91' lang='lat' dir='ltr'>et</span> <span class='ocrx_word' id='word_1_217' title='bbox 1133 2958 1207 3023; x_wconf 86' lang='lat' dir='ltr'>illas</span> 
     </span>
     <span class='ocr_line' id='line_1_26' title="bbox 107 3057 1206 3148; baseline 0.006 -28"><span class='ocrx_word' id='word_1_218' title='bbox 107 3057 260 3148; x_wconf 87' lang='lat' dir='ltr'>hucusque</span> <span class='ocrx_word' id='word_1_219' title='bbox 283 3061 429 3127; x_wconf 88' lang='lat' dir='ltr'>detinuit</span> <span class='ocrx_word' id='word_1_220' title='bbox 450 3062 499 3126; x_wconf 77' lang='lat' dir='ltr'>ita.</span> <span class='ocrx_word' id='word_1_221' title='bbox 520 3060 607 3146; x_wconf 90' lang='lat' dir='ltr'>quod</span> <span class='ocrx_word' id='word_1_222' title='bbox 628 3060 721 3124; x_wconf 89' lang='lat' dir='ltr'>Dom.</span> <span class='ocrx_word' id='word_1_223' title='bbox 745 3061 816 3125; x_wconf 79' lang='lat' dir='ltr'>Rex</span> <span class='ocrx_word' id='word_1_224' title='bbox 838 3061 1017 3147; x_wconf 88' lang='lat' dir='ltr'>dampnum</span> <span class='ocrx_word' id='word_1_225' title='bbox 1038 3060 1139 3126; x_wconf 85' lang='lat' dir='ltr'>habet</span> <span class='ocrx_word' id='word_1_226' title='bbox 1163 3062 1206 3127; x_wconf 84' lang='lat' dir='ltr'>ad</span> 
     </span>
     <span class='ocr_line' id='line_1_27' title="bbox 108 3163 1207 3232; baseline 0.005 -6"><span class='ocrx_word' id='word_1_227' title='bbox 108 3163 275 3232; x_wconf 79' lang='lat' dir='ltr'>uslencism</span> <span class='ocrx_word' id='word_1_228' title='bbox 291 3191 317 3232; x_wconf 89' lang='lat' dir='ltr'>c.</span> <span class='ocrx_word' id='word_1_229' title='bbox 333 3167 388 3232; x_wconf 89' lang='lat' dir='ltr'>sol</span> <span class='ocrx_word' id='word_1_230' title='bbox 405 3175 464 3232; x_wconf 83' lang='lat' dir='ltr'>etc</span> <span class='ocrx_word' id='word_1_231' title='bbox 511 3166 554 3230; x_wconf 88' lang='lat' dir='ltr'>Et</span> <span class='ocrx_word' id='word_1_232' title='bbox 577 3164 667 3230; x_wconf 86' lang='lat' dir='ltr'>Prior</span> <span class='ocrx_word' id='word_1_233' title='bbox 681 3164 828 3230; x_wconf 89' lang='lat' dir='ltr'>defendit</span> <span class='ocrx_word' id='word_1_234' title='bbox 842 3173 902 3229; x_wconf 85' lang='lat' dir='ltr'>etc.</span> <span class='ocrx_word' id='word_1_235' title='bbox 919 3172 953 3229; x_wconf 93' lang='lat' dir='ltr'>et</span> <span class='ocrx_word' id='word_1_236' title='bbox 967 3165 1074 3231; x_wconf 70' lang='lat' dir='ltr'>inlr-12⁵.</span> <span class='ocrx_word' id='word_1_237' title='bbox 1121 3165 1207 3231; x_wconf 84' lang='lat' dir='ltr'>Gon·</span> 
     </span>
     <span class='ocr_line' id='line_1_28' title="bbox 107 3269 444 3335; baseline 0.015 -6"><span class='ocrx_word' id='word_1_238' title='bbox 107 3269 215 3334; x_wconf 80' lang='lat' dir='ltr'>cordati</span> <span class='ocrx_word' id='word_1_239' title='bbox 231 3271 367 3335; x_wconf 77' lang='lat' dir='ltr'>fuerimt</span> <span class='ocrx_word' id='word_1_240' title='bbox 383 3278 444 3334; x_wconf 89' lang='lat' dir='ltr'>etc.</span> 
     </span>
    </p>

    <p class='ocr_par' dir='ltr' id='par_1_6' title="bbox 54 3370 1357 3877">
     <span class='ocr_line' id='line_1_29' title="bbox 54 3370 1357 3458; baseline 0.003 -26"><span class='ocrx_word' id='word_1_241' title='bbox 54 3371 76 3434; x_wconf 87' lang='lat' dir='ltr'>l.</span> <span class='ocrx_word' id='word_1_242' title='bbox 161 3373 270 3439; x_wconf 71' lang='lat' dir='ltr'>Amisa</span> <span class='ocrx_word' id='word_1_243' title='bbox 297 3373 391 3438; x_wconf 86' lang='lat' dir='ltr'>uenit</span> <span class='ocrx_word' id='word_1_244' title='bbox 419 3371 624 3458; x_wconf 78' lang='lat' dir='ltr'>recognitum</span> <span class='ocrx_word' id='word_1_245' title='bbox 652 3371 681 3436; x_wconf 91' lang='lat' dir='ltr'>si</span> <span class='ocrx_word' id='word_1_246' title='bbox 715 3370 898 3436; x_wconf 88' lang='lat' dir='ltr'>Willelmus</span> <span class='ocrx_word' id='word_1_247' title='bbox 926 3371 1013 3436; x_wconf 89' lang='lat' dir='ltr'>filius</span> <span class='ocrx_word' id='word_1_248' title='bbox 1042 3371 1142 3436; x_wconf 83' lang='lat' dir='ltr'>Alani</span> <span class='ocrx_word' id='word_1_249' title='bbox 1171 3380 1206 3438; x_wconf 91' lang='lat' dir='ltr'>et</span> <span class='ocrx_word' id='word_1_250' title='bbox 1234 3382 1357 3424; x_wconf 57' lang='lat' dir='ltr'>habeb-⁶</span> 
     </span>
     <span class='ocr_line' id='line_1_30' title="bbox 107 3475 1206 3557; baseline 0.005 -20"><span class='ocrx_word' id='word_1_251' title='bbox 107 3475 202 3557; x_wconf 89' lang='lat' dir='ltr'>plures</span> <span class='ocrx_word' id='word_1_252' title='bbox 223 3477 281 3542; x_wconf 87' lang='lat' dir='ltr'>slii</span> <span class='ocrx_word' id='word_1_253' title='bbox 303 3477 425 3542; x_wconf 88' lang='lat' dir='ltr'>iniuste</span> <span class='ocrx_word' id='word_1_254' title='bbox 448 3483 507 3540; x_wconf 89' lang='lat' dir='ltr'>etc.</span> <span class='ocrx_word' id='word_1_255' title='bbox 524 3475 769 3540; x_wconf 88' lang='lat' dir='ltr'>disseisiuerunt</span> <span class='ocrx_word' id='word_1_256' title='bbox 791 3475 975 3541; x_wconf 83' lang='lat' dir='ltr'>Johannem</span> <span class='ocrx_word' id='word_1_257' title='bbox 990 3475 1031 3541; x_wconf 92' lang='lat' dir='ltr'>de</span> <span class='ocrx_word' id='word_1_258' title='bbox 1047 3477 1206 3542; x_wconf 86' lang='lat' dir='ltr'>Clenehe-</span> 
     </span>
     <span class='ocr_line' id='line_1_31' title="bbox 107 3577 1204 3665; baseline 0.004 -25"><span class='ocrx_word' id='word_1_259' title='bbox 107 3589 220 3646; x_wconf 75' lang='lat' dir='ltr'>astons</span> <span class='ocrx_word' id='word_1_260' title='bbox 233 3582 275 3647; x_wconf 88' lang='lat' dir='ltr'>de</span> <span class='ocrx_word' id='word_1_261' title='bbox 292 3580 394 3645; x_wconf 90' lang='lat' dir='ltr'>libero</span> <span class='ocrx_word' id='word_1_262' title='bbox 408 3586 596 3644; x_wconf 88' lang='lat' dir='ltr'>tenemento</span> <span class='ocrx_word' id='word_1_263' title='bbox 610 3600 669 3642; x_wconf 92' lang='lat' dir='ltr'>suo</span> <span class='ocrx_word' id='word_1_264' title='bbox 683 3577 718 3642; x_wconf 93' lang='lat' dir='ltr'>in</span> <span class='ocrx_word' id='word_1_265' title='bbox 733 3578 951 3644; x_wconf 81' lang='lat' dir='ltr'>Wcsterlinna</span> <span class='ocrx_word' id='word_1_266' title='bbox 972 3587 1045 3664; x_wconf 89' lang='lat' dir='ltr'>post</span> <span class='ocrx_word' id='word_1_267' title='bbox 1067 3579 1204 3665; x_wconf 77' lang='lat' dir='ltr'>primam</span> 
     </span>
     <span class='ocr_line' id='line_1_32' title="bbox 107 3681 1205 3769; baseline 0.005 -25"><span class='ocrx_word' id='word_1_268' title='bbox 107 3691 166 3759; x_wconf 86' lang='lat' dir='ltr'>etc,</span> <span class='ocrx_word' id='word_1_269' title='bbox 186 3694 220 3750; x_wconf 90' lang='lat' dir='ltr'>et</span> <span class='ocrx_word' id='word_1_270' title='bbox 242 3684 331 3749; x_wconf 89' lang='lat' dir='ltr'>unde</span> <span class='ocrx_word' id='word_1_271' title='bbox 354 3683 502 3769; x_wconf 90' lang='lat' dir='ltr'>queritur</span> <span class='ocrx_word' id='word_1_272' title='bbox 524 3681 611 3768; x_wconf 89' lang='lat' dir='ltr'>quod</span> <span class='ocrx_word' id='word_1_273' title='bbox 636 3681 882 3747; x_wconf 89' lang='lat' dir='ltr'>disseisiuerunt</span> <span class='ocrx_word' id='word_1_274' title='bbox 904 3705 979 3746; x_wconf 93' lang='lat' dir='ltr'>eum</span> <span class='ocrx_word' id='word_1_275' title='bbox 1002 3683 1042 3747; x_wconf 93' lang='lat' dir='ltr'>de</span> <span class='ocrx_word' id='word_1_276' title='bbox 1065 3684 1205 3769; x_wconf 84' lang='lat' dir='ltr'>quodem</span> 
     </span>
     <span class='ocr_line' id='line_1_33' title="bbox 107 3789 266 3877; baseline 0.031 -27"><span class='ocrx_word' id='word_1_277' title='bbox 107 3789 266 3877; x_wconf 81' lang='lat' dir='ltr'>mesuagio.</span> 
     </span>
    </p>

    <p class='ocr_par' dir='ltr' id='par_1_7' title="bbox 106 3886 1206 4186">
     <span class='ocr_line' id='line_1_34' title="bbox 162 3886 1205 3973; baseline 0 -17"><span class='ocrx_word' id='word_1_278' title='bbox 162 3893 203 3957; x_wconf 87' lang='lat' dir='ltr'>Et</span> <span class='ocrx_word' id='word_1_279' title='bbox 217 3891 404 3958; x_wconf 88' lang='lat' dir='ltr'>Willelmus</span> <span class='ocrx_word' id='word_1_280' title='bbox 419 3890 512 3955; x_wconf 87' lang='lat' dir='ltr'>uenit</span> <span class='ocrx_word' id='word_1_281' title='bbox 535 3898 569 3954; x_wconf 92' lang='lat' dir='ltr'>et</span> <span class='ocrx_word' id='word_1_282' title='bbox 591 3889 671 3953; x_wconf 89' lang='lat' dir='ltr'>dicit</span> <span class='ocrx_word' id='word_1_283' title='bbox 693 3887 779 3973; x_wconf 91' lang='lat' dir='ltr'>quod</span> <span class='ocrx_word' id='word_1_284' title='bbox 801 3886 902 3951; x_wconf 87' lang='lat' dir='ltr'>assisa</span> <span class='ocrx_word' id='word_1_285' title='bbox 922 3911 986 3952; x_wconf 91' lang='lat' dir='ltr'>non</span> <span class='ocrx_word' id='word_1_286' title='bbox 1008 3889 1107 3954; x_wconf 89' lang='lat' dir='ltr'>debet</span> <span class='ocrx_word' id='word_1_287' title='bbox 1128 3889 1205 3956; x_wconf 88' lang='lat' dir='ltr'>inde</span> 
     </span>
     <span class='ocr_line' id='line_1_35' title="bbox 106 3991 1206 4082; baseline 0.004 -26"><span class='ocrx_word' id='word_1_288' title='bbox 106 3994 166 4058; x_wconf 85' lang='lat' dir='ltr'>fieri</span> <span class='ocrx_word' id='word_1_289' title='bbox 185 3998 261 4082; x_wconf 85' lang='lat' dir='ltr'>quis</span> <span class='ocrx_word' id='word_1_290' title='bbox 283 3997 348 4062; x_wconf 84' lang='lat' dir='ltr'>fuit</span> <span class='ocrx_word' id='word_1_291' title='bbox 369 3995 446 4060; x_wconf 90' lang='lat' dir='ltr'>inde</span> <span class='ocrx_word' id='word_1_292' title='bbox 468 3995 503 4058; x_wconf 90' lang='lat' dir='ltr'>in</span> <span class='ocrx_word' id='word_1_293' title='bbox 525 3993 644 4058; x_wconf 83' lang='lat' dir='ltr'>seisins</span> <span class='ocrx_word' id='word_1_294' title='bbox 665 4014 723 4078; x_wconf 91' lang='lat' dir='ltr'>per</span> <span class='ocrx_word' id='word_1_295' title='bbox 743 3991 926 4077; x_wconf 90' lang='lat' dir='ltr'>predictum</span> <span class='ocrx_word' id='word_1_296' title='bbox 948 3991 1133 4058; x_wconf 74' lang='lat' dir='ltr'>lohannem</span> <span class='ocrx_word' id='word_1_297' title='bbox 1148 3995 1206 4080; x_wconf 91' lang='lat' dir='ltr'>qui</span> 
     </span>
     <span class='ocr_line' id='line_1_36' title="bbox 107 4094 1204 4186; baseline 0.002 -27"><span class='ocrx_word' id='word_1_298' title='bbox 107 4099 296 4186; x_wconf 74' lang='lat' dir='ltr'>mesuagium</span> <span class='ocrx_word' id='word_1_299' title='bbox 322 4097 406 4163; x_wconf 93' lang='lat' dir='ltr'>illud</span> <span class='ocrx_word' id='word_1_300' title='bbox 430 4097 462 4162; x_wconf 91' lang='lat' dir='ltr'>ei</span> <span class='ocrx_word' id='word_1_301' title='bbox 485 4095 576 4161; x_wconf 88' lang='lat' dir='ltr'>dedit</span> <span class='ocrx_word' id='word_1_302' title='bbox 600 4117 658 4182; x_wconf 91' lang='lat' dir='ltr'>per</span> <span class='ocrx_word' id='word_1_303' title='bbox 682 4105 805 4159; x_wconf 84' lang='lat' dir='ltr'>cartam</span> <span class='ocrx_word' id='word_1_304' title='bbox 830 4116 922 4158; x_wconf 84' lang='lat' dir='ltr'>suem</span> <span class='ocrx_word' id='word_1_305' title='bbox 949 4102 984 4159; x_wconf 88' lang='lat' dir='ltr'>et</span> <span class='ocrx_word' id='word_1_306' title='bbox 1012 4094 1088 4159; x_wconf 92' lang='lat' dir='ltr'>inde</span> <span class='ocrx_word' id='word_1_307' title='bbox 1117 4097 1204 4182; x_wconf 88' lang='lat' dir='ltr'>cepit</span> 
     </span>
    </p>
   </div>
   <div class='ocr_carea' id='block_1_5' title="bbox 108 4222 1175 4482">
    <p class='ocr_par' dir='ltr' id='par_1_8' title="bbox 134 4222 787 4289">
     <span class='ocr_line' id='line_1_37' title="bbox 134 4222 787 4289; baseline -0.005 -15"><span class='ocrx_word' id='word_1_308' title='bbox 134 4223 144 4255; x_wconf 90' lang='lat'>¹</span> <span class='ocrx_word' id='word_1_309' title='bbox 158 4227 191 4274; x_wconf 90' lang='lat' dir='ltr'>Or</span> <span class='ocrx_word' id='word_1_310' title='bbox 201 4229 334 4289; x_wconf 62' lang='lat' dir='ltr'>cognoscit.</span> <span class='ocrx_word' id='word_1_311' title='bbox 708 4223 719 4256; x_wconf 80' lang='lat'><strong>³</strong></span> <span class='ocrx_word' id='word_1_312' title='bbox 736 4222 787 4273; x_wconf 88' lang='lat' dir='ltr'>Sic.</span> 
     </span>
    </p>

    <p class='ocr_par' dir='ltr' id='par_1_9' title="bbox 108 4289 1175 4482">
     <span class='ocr_line' id='line_1_38' title="bbox 134 4289 882 4350; baseline -0.003 -11"><span class='ocrx_word' id='word_1_313' title='bbox 134 4289 143 4318; x_wconf 79' lang='lat'>²</span> <span class='ocrx_word' id='word_1_314' title='bbox 158 4291 209 4340; x_wconf 83' lang='lat' dir='ltr'>Tne</span> <span class='ocrx_word' id='word_1_315' title='bbox 220 4307 289 4341; x_wconf 84' lang='lat' dir='ltr'>nuna</span> <span class='ocrx_word' id='word_1_316' title='bbox 300 4293 329 4342; x_wconf 82' lang='lat' dir='ltr'>ot</span> <span class='ocrx_word' id='word_1_317' title='bbox 346 4291 494 4348; x_wconf 86' lang='lat' dir='ltr'>Nuneaton‚</span> <span class='ocrx_word' id='word_1_318' title='bbox 506 4289 582 4340; x_wconf 86' lang='lat' dir='ltr'>scell</span> <span class='ocrx_word' id='word_1_319' title='bbox 597 4289 626 4339; x_wconf 76' lang='lat' dir='ltr'>of</span> <span class='ocrx_word' id='word_1_320' title='bbox 707 4289 719 4322; x_wconf 80' lang='lat'><strong>⁴</strong></span> <span class='ocrx_word' id='word_1_321' title='bbox 738 4289 837 4350; x_wconf 80' lang='lat' dir='ltr'>Supply</span> <span class='ocrx_word' id='word_1_322' title='bbox 848 4296 882 4338; x_wconf 83' lang='lat' dir='ltr'>et.</span> 
     </span>
     <span class='ocr_line' id='line_1_39' title="bbox 108 4353 1175 4416; baseline 0.002 -14"><span class='ocrx_word' id='word_1_323' title='bbox 108 4353 333 4416; x_wconf 69' lang='lat' dir='ltr'>Fonemuuhad</span> <span class='ocrx_word' id='word_1_324' title='bbox 344 4371 360 4406; x_wconf 82' lang='lat' dir='ltr'>c</span> <span class='ocrx_word' id='word_1_325' title='bbox 373 4357 447 4406; x_wconf 90' lang='lat' dir='ltr'>Prior</span> <span class='ocrx_word' id='word_1_326' title='bbox 457 4371 486 4406; x_wconf 86' lang='lat' dir='ltr'>as</span> <span class='ocrx_word' id='word_1_327' title='bbox 498 4357 553 4406; x_wconf 83' lang='lat' dir='ltr'>well</span> <span class='ocrx_word' id='word_1_328' title='bbox 566 4371 596 4406; x_wconf 79' lang='lat' dir='ltr'>ss</span> <span class='ocrx_word' id='word_1_329' title='bbox 608 4371 624 4405; x_wconf 84' lang='lat' dir='ltr'>s</span> <span class='ocrx_word' id='word_1_330' title='bbox 707 4353 718 4386; x_wconf 76' lang='lat'><em>⁶</em></span> <span class='ocrx_word' id='word_1_331' title='bbox 736 4353 790 4402; x_wconf 87' lang='lat' dir='ltr'>The</span> <span class='ocrx_word' id='word_1_332' title='bbox 802 4353 896 4402; x_wconf 88' lang='lat' dir='ltr'>Prior’a</span> <span class='ocrx_word' id='word_1_333' title='bbox 908 4353 1012 4403; x_wconf 82' lang='lat' dir='ltr'>defensa</span> <span class='ocrx_word' id='word_1_334' title='bbox 1023 4353 1046 4402; x_wconf 90' lang='lat' dir='ltr'>is</span> <span class='ocrx_word' id='word_1_335' title='bbox 1057 4353 1175 4404; x_wconf 81' lang='lat' dir='ltr'>omitted.</span> 
     </span>
     <span class='ocr_line' id='line_1_40' title="bbox 109 4418 1160 4482; baseline 0.003 -16"><span class='ocrx_word' id='word_1_336' title='bbox 109 4418 218 4471; x_wconf 85' lang='lat' dir='ltr'>Prioress.</span> <span class='ocrx_word' id='word_1_337' title='bbox 707 4419 718 4452; x_wconf 80' lang='lat'><strong>⁶</strong></span> <span class='ocrx_word' id='word_1_338' title='bbox 734 4419 755 4467; x_wconf 86' lang='lat' dir='ltr'><strong>F</strong></span> <span class='ocrx_word' id='word_1_339' title='bbox 756 4419 886 4482; x_wconf 81' lang='lat' dir='ltr'>reebridge</span> <span class='ocrx_word' id='word_1_340' title='bbox 897 4419 1032 4478; x_wconf 84' lang='lat' dir='ltr'>Hundred,</span> <span class='ocrx_word' id='word_1_341' title='bbox 1044 4420 1160 4469; x_wconf 82' lang='lat' dir='ltr'>Norlollr.</span> 
     </span>
    </p>
   </div>
   <div class='ocr_carea' id='block_1_6' title="bbox 0 0 1588 5075">
    <p class='ocr_par' dir='ltr' id='par_1_10' title="bbox 0 0 1588 5075">
     <span class='ocr_line' id='line_1_41' title="bbox 0 0 1588 5075; baseline 0 2"><span class='ocrx_word' id='word_1_342' title='bbox 0 0 1588 5075; x_wconf 95' lang='lat' dir='ltr'> </span> 
     </span>
    </p>
   </div>
  </div>
 </body>
</html>
