3167 5075
323 408 366 470 84
637 419 777 483 nrsssr,
802 420 865 470 sn.
890 406 984 482 1225,
1005 420 1070 472 ιιι.
1093 407 1122 471 9.

322 595 364 660 de
386 602 478 681 perte
501 615 612 659 eurum
634 616 685 659 xv.
701 594 755 658 sol.
772 602 807 659 et
826 600 974 679 preterea
993 593 1034 660 de
1053 592 1180 681 wengiu
1199 592 1245 679 iij.
1264 592 1319 659 eoi
1339 600 1374 659 et
1393 592 1427 679 ij.

323 698 394 765 den.
420 697 469 765 ob.
494 705 528 763 et
557 696 643 783 quod
670 696 735 784 ipsi
763 696 943 762 Gilibertns
972 704 1007 761 et
1036 696 1133 762 Serre
1161 695 1368 761 tantumdem
1396 696 1429 761 ei

323 802 443 868 facient
457 803 492 867 in
506 801 665 867 auxilium
680 822 737 889 pro
751 809 845 887 purte
860 823 970 866 eorum
986 823 1083 887 quem
1098 800 1161 887 ipsi
1175 808 1290 866 tenent
1301 800 1428 866 desicut

322 930 433 973 omues
446 907 496 972 illi
511 907 657 972 fecerunt
672 904 704 970 ei
718 904 910 969 forinsecum
925 904 1097 969 seruicium
1112 904 1153 969 de
1168 904 1316 990 pertibus
1330 904 1405 969 suis

387 1011 432 1075 Ει
447 1009 603 1075 Ricardus
618 1016 803 1074 attornetus
816 1007 925 1072 uxoris
945 1007 1015 1072 eius
1035 1017 1070 1071 et
1090 1007 1269 1072 Gilibertus
1283 1016 1317 1071 et
1333 1006 1430 1073 Sam

322 1115 461 1180 ueniunt
475 1123 510 1179 et
524 1112 639 1179 dicunt
659 1112 745 1200 quod
765 1134 881 1177 reuera
901 1118 1016 1176 tenent
1036 1110 1078 1175 de
1097 1111 1219 1176 eisdem
1234 1111 1379 1177 Waltero
1393 1118 1429 1175 et

321 1218 474 1285 Johanne
488 1226 527 1283 ut
547 1219 587 1283 do
607 1217 675 1281 filie
694 1215 913 1304 primogenite
931 1215 1047 1280 sororis
1068 1224 1103 1281 et
1126 1215 1212 1302 quod
1233 1237 1362 1301 semper
1382 1214 1429 1278 eis

321 1322 468 1388 fecerunt
494 1322 687 1387 forinsecum
712 1320 886 1387 seruicium
912 1328 947 1385 et
967 1318 1052 1385 bene
1073 1319 1256 1385 concedunt
1277 1319 1325 1384 eis
1346 1318 1428 1383 illud

321 1425 489 1503 releuium,
500 1432 550 1491 set
561 1424 674 1489 dieunt
685 1423 771 1509 quod
786 1446 851 1487 non
866 1422 989 1488 hebent
1003 1421 1230 1487 rncionnbilem
1244 1420 1427 1508 porcionem

322 1551 424 1596 suem.
468 1529 511 1593 Et
526 1528 599 1593 ideo
614 1528 778 1594 Walterus
792 1534 827 1591 et
841 1526 994 1592 Johennu
1013 1526 1155 1592 habeant
1169 1526 1320 1591 seisinem
1335 1547 1427 1590 suem

323 1642 358 1699 et
378 1632 436 1698 elii
457 1632 492 1697 in
512 1632 728 1697 misericordia
748 1640 782 1696 et
797 1639 988 1718 preceptum
1003 1639 1054 1695 est
1068 1630 1214 1696 Waltero
1228 1638 1263 1695 et
1277 1629 1427 1695 Jobnnne

323 1737 409 1826 quod
423 1736 543 1803 facient
558 1736 605 1803 eis
619 1735 783 1823 porciones
797 1757 879 1801 suns

388 1840 563 1905 ¹Rndulfus
601 1840 687 1905 filius
724 1840 843 1925 Rogeri
879 1839 966 1925 petit
1001 1862 1115 1904 uersus
1150 1839 1352 1905 Willelmum
1386 1837 1428 1903 de

247 1961 263 1991 ⁸
323 1944 469 2010 Arundel
484 1945 627 2031 quinque
642 1966 703 2009 aer.
720 1952 806 2009 terre
821 1952 856 2009 et
876 1943 954 2009 dim.
968 1966 1044 2010 cum
1064 1952 1146 2031 pert.
1161 1945 1288 2032 Trelley
1307 1952 1344 2009 et
1362 1952 1429 2008 tres

322 2069 384 2114 eor.
408 2055 492 2112 terre
518 2070 592 2112 cum
616 2055 697 2133 pert.
721 2048 756 2112 iu
780 2045 973 2112 Trebemed'
997 2056 1032 2112 et
1055 2047 1137 2113 dues
1158 2070 1220 2115 ncr.
1243 2056 1327 2114 terre
1353 2071 1428 2113 eum

322 2160 403 2239 pert.
418 2152 453 2216 iu
469 2152 643 2217 Tredeieet’
659 2159 694 2217 et
708 2174 808 2217 unum
823 2160 984 2217 conterre
1004 2176 1079 2218 eum
1099 2154 1231 2240 pertin
1251 2153 1374 2220 Hendr'
1390 2162 1429 2218 ut

322 2256 374 2320 ius
389 2277 493 2333 suum,
509 2254 595 2320 uude
609 2256 757 2343 Rogerus
771 2262 866 2341 puter
879 2277 959 2320 suus
972 2255 1036 2319 fuit
1050 2256 1181 2322 seisitus
1194 2265 1234 2322 ut
1247 2257 1289 2322 de
1308 2256 1378 2322 iure
1394 2265 1429 2321 et

322 2357 364 2424 de
385 2358 478 2423 feodo
498 2367 532 2422 et
552 2358 587 2423 in
608 2358 768 2423 dominico
789 2367 934 2445 tempore
950 2358 992 2423 Η.
1008 2358 1108 2446 Regis
1122 2368 1182 2425 etc
1198 2369 1233 2425 et
1246 2361 1288 2425 de
1302 2360 1430 2447 Regem

322 2460 488 2527 deseendit
503 2461 554 2526 ius
569 2469 653 2526 terre
667 2461 756 2526 illius
770 2462 833 2548 ipsi
848 2462 988 2526 Redulfo
1002 2471 1042 2527 ut
1055 2462 1124 2528 filio
1138 2472 1173 2528 et
1187 2463 1299 2529 heredi
1313 2486 1380 2531 suo.

389 2566 433 2630 Et
454 2566 638 2631 Willelmus
659 2566 753 2631 uenit
775 2575 810 2631 et
829 2567 976 2633 defendit
996 2567 1048 2634 ius
1062 2592 1168 2647 suum,
1182 2579 1233 2636 set
1247 2569 1327 2636 dicit
1342 2571 1429 2658 quod

322 2669 410 2735 idem
433 2671 579 2757 Rogerus
600 2678 694 2756 peter
715 2694 793 2736 suus
814 2672 957 2738 reddidit
979 2673 1143 2740 Willelmo
1164 2675 1250 2763 petri
1273 2675 1431 2741 Willelmi

324 2779 428 2837 totam
457 2779 576 2837 terrum
605 2773 694 2838 illem
724 2795 799 2839 cum
828 2775 979 2840 omnibus
1012 2784 1094 2863 pert.
1123 2778 1191 2842 suis
1219 2787 1255 2844 et
1283 2777 1429 2864 quietem

323 2867 478 2942 clamauit
492 2875 527 2940 in
542 2876 631 2941 curie
645 2877 737 2942 Dom.
753 2877 854 2965 Regis
868 2879 954 2944 sicut
972 2880 1024 2945 ius
1042 2903 1138 2946 suum
1158 2889 1194 2947 et
1213 2881 1430 2948 hereditatem

323 3003 417 3046 suem
432 2978 596 3045 Willelmo
610 2989 645 3046 et
660 2981 834 3047 heredibus
847 2983 914 3048 suis
933 2984 1034 3050 solem
1055 2993 1090 3051 et
1109 2985 1255 3072 quietem
1273 2985 1315 3052 de
1335 3009 1374 3053 eo
1393 2995 1430 3052 et

323 3084 364 3151 de
380 3084 552 3150 heredibus
567 3084 633 3150 suis
647 3084 683 3150 in
697 3095 894 3172 perpetuum
909 3095 943 3152 et
957 3089 1079 3175 profert
1093 3099 1216 3156 certem
1230 3091 1351 3178 Rogeri
1364 3114 1430 3177 que

323 3190 383 3255 hoc
397 3189 485 3254 idem
500 3197 647 3254 testetur.

390 3293 434 3359 Et
448 3292 607 3358 Redulfus
621 3292 715 3358 uenit
729 3299 764 3358 et
779 3295 941 3381 cognoscit
955 3303 1077 3362 eertum
1091 3297 1194 3384 putris
1212 3299 1265 3364 sui
1283 3306 1318 3364 et
1337 3299 1429 3365 illum

324 3397 469 3484 quietem
484 3396 702 3471 clemenciam.
717 3405 768 3462 set
782 3398 868 3484 petit
883 3398 1039 3466 iudicium
1059 3401 1087 3466 si
1106 3411 1201 3489 puter
1220 3426 1299 3469 suus
1319 3405 1429 3491 potuit

323 3499 399 3566 dure
415 3508 519 3566 totam
535 3507 653 3564 terram
669 3522 767 3586 quem
782 3501 892 3566 tenuit
906 3525 965 3588 per
983 3505 1157 3571 seruicium
1176 3507 1318 3573 militem
1337 3509 1430 3574 nullo

324 3612 451 3670 retento
465 3603 601 3670 seruicio
615 3603 678 3669 sibi
692 3606 746 3669 uel
761 3605 935 3672 heredibus
948 3609 1023 3674 suis

390 3706 434 3772 Et
461 3705 539 3792 quie
561 3705 721 3770 liedulfus
742 3708 905 3793 cognoscit
928 3718 1051 3776 eertum
1076 3712 1255 3797 patrissui
1280 3722 1315 3780 et
1340 3725 1432 3782 (ιιι-ιιι

324 3818 466 3876 testetur
487 3808 574 3896 quod
596 3809 741 3896 Rogerus
762 3820 858 3897 peter
878 3835 956 3878 suus
976 3823 1097 3881 terrem
1118 3816 1207 3882 illem
1230 3818 1372 3885 reddidit
1393 3829 1431 3886 et

325 3913 470 4000 quietum
485 3913 638 3979 clamauit
658 3914 699 3980 de
719 3936 753 3980 se
774 3923 809 3980 et
828 3916 1002 3983 heredibus
1020 3919 1097 3998 suis,
1111 3919 1359 3988 consideratum
1378 3934 1432 3990 est

326 4017 625 4187 qussdfflfflelmus
653 4026 708 4086 eet
737 4019 814 4086 inde
839 4021 970 4109 quietus
994 4031 1031 4089 et
1056 4024 1216 4092 Redulfus
1241 4027 1277 4092 in
1304 4028 1432 4095 miseri-

324 4144 363 4188 co
447 4173 454 4187 .

359 4309 416 4360 ¹B.
428 4309 528 4359 merl.
902 4315 1052 4369 lnndowner
1061 4318 1434 4387 becumenbletodiesppoint

358 4375 369 4408 ¹
385 4375 533 4426 Arelunble
541 4389 607 4438 mse,
618 4376 689 4430 sinus
698 4377 813 4430 ιιιιιιιιι
823 4384 851 4432 ιο
901 4382 1047 4447 altogether
1056 4384 1099 4435 hb
1109 4383 1166 4436 heir
1176 4391 1311 4450 apparent

326 4440 401 4492 mark
410 4438 456 4492 the
467 4440 568 4492 critical
582 4445 699 4500 moment
714 4443 789 4495 when
805 4445 851 4496 the
