3167 5075
473 432 616 495 ιιιιιιιι,
638 430 703 483 ιιι.
727 419 823 498 1225,
844 431 909 485 nn
933 422 962 485 9.
1224 419 1267 504 89

153 608 301 669 emto
323 600 453 688 quando
474 600 650 667 sensus
671 622 706 667 se
727 600 769 667 (ιο
790 602 877 669 maio
898 603 984 681 lece,
999 610 1034 670 et
1055 566 1172 671 comes
1192 627 1268 671 con·

155 707 253 773 oessit
267 707 356 793 quod
370 706 484 773 ueniet
497 706 540 771 ed
554 704 642 772 diem
656 706 750 771 illum
766 706 836 772 sine
851 707 984 774 essenic.

221 812 432 899 ¹Preceptum
455 811 518 877 luit
540 810 684 877 Rebertc
707 810 748 877 dc
772 811 874 899 Pemy
897 821 932 878 et
956 812 1061 878 tribus
1083 813 1177 879 sociis
1199 814 1267 880 suis
1381 845 1388 859 ·

154 916 331 981 attornstis
355 915 542 981 iusticieriis
568 914 612 981 ed
636 914 781 1001 capiend'
805 916 939 981 assisam
962 916 1079 983 ultime
1100 927 1265 1005 presente-

153 1019 257 1084 cionis
277 1041 375 1106 quam
390 1018 576 1084 Willelmus
596 1016 714 1084 Comes
732 1018 932 1085 Albemerlie
955 1020 1129 1087 sramieuit
1153 1044 1266 1087 uersus

153 1122 322 1187 Abbetem
343 1122 384 1187 de
406 1121 623 1187 Albsmsrlie¹
644 1122 684 1187 dc
707 1121 842 1188 ecclesie
859 1122 900 1187 de
921 1123 1101 1211 Fsingtcnu
1114 1123 1165 1190 et⁸
1179 1124 1266 1211 qnod

153 1224 308 1289 uenirent
348 1248 454 1290 coram
494 1224 682 1290 iusticisriis
724 1226 814 1311 spud
857 1226 1183 1293 westmonasterium
1222 1226 1266 1293 ad

153 1328 340 1394 faciendum
362 1326 530 1395 recordum
551 1328 640 1394 illius
660 1329 758 1395 sssise
780 1329 866 1396 sicut
887 1352 994 1395 coram
1016 1330 1063 1396 eis
1084 1340 1182 1419 capte
1201 1333 1266 1399 luit

152 1440 215 1498 etc
262 1433 306 1498 Et
319 1433 483 1499 Rcbertus
498 1440 533 1498 et
547 1432 681 1519 quidem
697 1456 737 1499 ex
751 1433 847 1499 suciis
860 1434 928 1499 suis
942 1434 1083 1500 ueniunt
1097 1443 1132 1500 et
1151 1436 1266 1503 dicunt

152 1544 189 1601 et
204 1535 413 1601 recordantur
426 1535 513 1622 quod
528 1558 601 1601 cum
616 1544 808 1623 preceptum
822 1536 916 1602 Dom
933 1536 1033 1624 Regis
1050 1538 1266 1625 suscepissent

151 1638 195 1703 de
225 1638 326 1703 assisa
353 1638 410 1704 ills
437 1637 595 1724 capienda
624 1648 774 1725 presente
812 1661 918 1705 curem
953 1639 1001 1706 eis
1034 1640 1105 1727 ipsc
1134 1642 1265 1708 Abbete

151 1742 320 1829 quesitum
342 1742 407 1807 fuit
432 1766 539 1809 coram
567 1743 614 1808 eis
636 1745 678 1810 sb
705 1743 819 1809 ecdem
844 1743 977 1809 Abbste
1002 1744 1133 1832 siquid
1158 1746 1265 1812 dicere

151 1846 257 1912 uellet
278 1869 376 1935 qnare
399 1848 499 1913 assisa
519 1856 710 1926 remaneret,
725 1848 826 1913 nichil
847 1848 932 1913 dixit
951 1848 1015 1913 nisi
1029 1848 1116 1935 quod
1130 1850 1265 1936 quidem

151 1951 288 2017 clericus
302 1952 366 2017 fuit
384 1951 462 2017 inde
481 1974 618 2039 persone
636 1952 801 2018 Rebertus
820 1953 951 2018 nomine
972 1952 1029 2039 qui
1047 1975 1180 2039 presens
1200 1954 1265 2019 luit

151 2063 188 2120 et
211 2054 271 2119 hoc
292 2055 379 2120 idem
401 2055 495 2133 dixit,
510 2064 545 2121 et
568 2056 684 2123 Comes
705 2057 873 2143 respondit
895 2056 982 2143 quod
1003 2058 1067 2122 fuit
1088 2079 1208 2123 necans
1229 2067 1264 2124 et

150 2156 229 2223 inde
243 2158 353 2243 posuit
367 2180 401 2223 se
415 2181 513 2245 super
527 2159 677 2238 iuratam,
692 2169 727 2225 et
741 2160 936 2247 inquisitum
951 2160 1015 2226 fnit
1033 2182 1092 2247 per
1105 2162 1264 2228 iuratores

150 2270 187 2325 et
202 2262 396 2346 permultos
410 2260 490 2327 alios
505 2261 545 2326 de
561 2262 719 2328 comitutu
734 2270 848 2327 utrum
863 2263 908 2328 sit
922 2285 1041 2329 uacans
1062 2266 1116 2329 uel
1137 2286 1212 2344 non,
1228 2275 1264 2332 et

148 2387 264 2429 omnes
292 2387 358 2430 uns
386 2388 466 2431 uoce
494 2364 649 2431 dixerunt
678 2365 764 2452 quod
793 2366 858 2432 fuit
886 2389 1007 2432 necans
1036 2368 1133 2434 etin
1161 2392 1261 2436 manu

147 2468 403 2556 Archiepiscopi,
418 2476 453 2533 et
466 2468 516 2534 its
530 2477 687 2557 ceperunt
701 2470 834 2535 assisam
855 2492 915 2558 per
928 2494 1026 2559 quem
1041 2472 1128 2539 idem
1145 2472 1263 2541 Comes

147 2575 357 2661 recuperauit
378 2575 530 2641 seisinem
552 2598 645 2642 suem
667 2584 703 2641 et
724 2577 785 2641 teli
807 2576 904 2643 modo
927 2586 962 2642 et
985 2577 1027 2643 de
1049 2578 1110 2643 hoc
1131 2577 1261 2645 recordo
1380 2569 1384 2576 ’

147 2679 297 2744 lecerunt
314 2678 377 2766 ipsi
396 2679 553 2746 iudicium
573 2681 615 2746 de
635 2681 736 2746 assisa
754 2680 820 2747 ille
864 2682 909 2747 Et
930 2682 1043 2748 Abbes
1064 2706 1129 2749 non
1151 2693 1261 2771 potest

147 2783 211 2849 hoe
239 2782 388 2848 dedicere
417 2793 452 2850 et
481 2785 554 2851 ideo
582 2785 754 2851 iusticisrii
783 2784 861 2851 inde
891 2787 996 2874 quieti
1025 2795 1060 2852 et
1088 2788 1201 2855 Abbes
1223 2790 1260 2856 in

147 2888 375 2956 misericordis

213 2991 346 3058 ⁴Petrus
375 2992 462 3059 filius
487 2993 635 3073 Walteri,
663 2995 837 3082 Philippus
865 2994 952 3061 filius
980 2996 1109 3076 Alwini,
1132 2999 1259 3066 Alenus

146 3097 236 3162 filius
252 3096 408 3176 Godwini,
423 3097 602 3164 Nichclsus
616 3099 715 3165 freter
729 3121 809 3164 suus
819 3108 855 3165 et
865 3100 991 3166 Alanus
1001 3101 1088 3167 filius
1100 3101 1259 3169 chstsni

146 3207 331 3287 queruntur
357 3199 443 3287 qnod
471 3201 622 3268 Julisns⁵
644 3203 686 3268 de
714 3203 842 3270 Celeris
871 3203 992 3269 iniuste
1016 3205 1120 3293 exigit
1143 3207 1186 3273 ab
1210 3207 1258 3273 eis

144 3303 399 3370 consuetudines
413 3313 448 3370 et
463 3305 600 3371 seruicia
614 3329 677 3393 que
693 3306 724 3372 ei
739 3307 843 3372 fecere
857 3330 923 3373 non
934 3307 1056 3374 debent
1070 3331 1130 3374 nec
1144 3310 1258 3389 solent,

144 3407 236 3472 unde
252 3407 314 3494 ipsi
332 3417 514 3494 queruntur
532 3408 620 3496 qued
638 3409 710 3496 ipss
729 3410 896 3477 distrinxit
915 3435 970 3477 eos
990 3435 1049 3499 per
1067 3413 1179 3478 suerie
1198 3435 1259 3480 sue

143 3510 235 3600 quod
250 3513 393 3578 fecerent
407 3513 439 3578 ei
453 3521 599 3578 aretums
614 3521 648 3579 et
663 3515 749 3600 quod
764 3523 928 3581 meterent
941 3515 1040 3581 bleda
1053 3539 1113 3581 sue
1127 3524 1162 3581 et
1176 3516 1257 3583 elias

142 3615 397 3682 eonsuetudines
412 3616 554 3681 lacerent
574 3617 701 3683 desicut
721 3617 816 3683 liberi
836 3618 983 3684 homines
1004 3626 1081 3684 sunt
1100 3627 1136 3684 et
1155 3619 1256 3686 libers

142 3729 263 3785 tenent
291 3719 473 3807 quemlibet
502 3719 665 3808 uirgetem
690 3729 776 3788 terre
801 3745 860 3808 pro
886 3746 915 3787 x.
939 3722 994 3787 sol.
1019 3743 1083 3808 per¹
1100 3743 1173 3788 ann.
1197 3745 1257 3810 pro

141 3823 296 3888 omnibus
310 3823 463 3902 seruiciis,
477 3831 513 3889 et
527 3824 605 3910 quie
618 3825 794 3891 noluerunt
808 3824 874 3891 elic
892 3825 1030 3891 seruicia
1048 3826 1152 3891 fecere
1167 3827 1257 3914 cepit

140 3926 216 4012 ipss
229 3925 342 3991 sueris
355 3949 415 3992 sus
429 3935 464 3992 et
478 3926 587 3992 tenuit
602 3934 715 3992 contra
729 3928 864 3994 usdium
879 3937 915 3995 et
934 3929 1080 4016 plegium
1094 3951 1154 4016 per
1168 3931 1256 4018 quod

140 4030 332 4096 deteriorati
346 4039 424 4096 sunt
439 4039 474 4096 et
488 4031 666 4118 dampnum
682 4031 805 4098 habent
819 4033 861 4098 sd
876 4033 1056 4098 ualencism
1071 4058 1097 4101 c.
1112 4035 1167 4101 sel

209 4133 255 4198 Et
278 4133 415 4200 Julisns
441 4134 536 4200 uenit
559 4141 594 4200 et
617 4133 765 4200 defendit
787 4136 858 4200 uim
881 4144 917 4201 et
939 4135 1093 4202 iniuriam
1116 4146 1152 4204 et
1174 4138 1255 4206 dicit

176 4261 488 4394 :I'Illrlsnldlleyolldelss
499 4343 529 4378 οι
539 4327 673 4379 Mesuxin
756 4263 941 4380 :glnmetldll

140 4393 290 4454 Yormhioe,
302 4393 419 4445 founded
435 4393 595 4458 byWilliem
608 4394 684 4454 Esrl,
756 4393 1116 4460 ³quemnrurquedJeztam
1126 4395 1253 4460 repented.

140 4460 172 4510 ol
181 4459 333 4511 Albmmrle.
360 4461 475 4511 Monsst.
484 4459 534 4510 vol.
544 4461 568 4520 5,
577 4473 603 4524 p.
613 4461 669 4512 388.
