3167 5075
450 410 589 474 mssns,
613 412 677 461 sn.
693 398 798 472 ms,
820 412 885 462 sn
907 402 937 463 8.
1202 404 1244 467 13

146 590 286 666 iuratam,
315 594 350 652 et
379 586 440 651 hoo
468 585 551 651 bene
582 593 675 671 potet
708 584 786 671 quia
821 608 989 675 nunquam
1026 588 1246 675 implacitnuit

146 691 319 779 predictum
333 689 477 755 Alanum
492 689 550 776 qui
564 688 649 753 uixit
664 712 722 775 per
736 689 824 776 xviij.
840 712 948 757 annos

206 796 250 862 Et
264 794 458 862 Godefiidus
472 816 537 858 non
552 793 626 858 uult
646 792 722 858 inde
742 816 861 880 ponere
881 816 915 859 se
934 816 1033 881 super
1051 796 1191 862 iumtam
1212 807 1248 864 et

145 902 222 966 bene
246 899 409 989 cognoscit
434 898 521 985 quod
547 920 611 962 non
641 897 859 984 implacitauit
885 898 1068 985 predictum
1093 900 1247 968 Alanum.

146 1004 333 1071 Oonoordati
347 1012 432 1069 sunt
1220 996 1224 1001 ’

94 1156 102 1174 .
205 1108 326 1193 Magna
347 1103 460 1171 εεεὶεει
483 1103 576 1169 uenit
596 1104 802 1193 recognitum
823 1128 881 1192 por
902 1114 963 1172 oto.
979 1106 1066 1173 inter
1080 1108 1245 1175 Simonem

144 1208 181 1274 de
196 1208 349 1273 thulln
363 1215 531 1295 petentem
550 1213 585 1271 et
606 1206 766 1273 Jacobnm
789 1207 831 1273 de
853 1208 992 1274 Peoham
1016 1209 1247 1277 deforcisntom

143 1312 181 1378 ds
202 1312 491 1377 consuetudinibus
516 1319 550 1376 et
574 1310 711 1376 seruicio
734 1333 798 1397 que
822 1311 909 1377 idem
936 1312 1049 1379 Simon
1072 1314 1177 1403 exigit
1204 1316 1247 1381 ab

143 1416 250 1481 eodem
264 1416 289 1480 J
290 1416 389 1481 aoobo
404 1412 444 1481 de
461 1415 561 1480 libero
577 1422 765 1480 tenemento
785 1436 843 1481 suo
865 1415 953 1502 quod
974 1417 1015 1482 de
1037 1440 1076 1483 eo
1097 1427 1190 1485 tenet
1211 1420 1247 1486 in

143 1518 367 1584 Neterlostodo
382 1518 468 1584 unde
485 1518 599 1584 Simon
613 1516 699 1604 petit
714 1517 755 1582 sb
771 1542 810 1583 eo
824 1518 911 1605 quod
925 1519 1041 1585 reddat
1055 1521 1087 1587 ei
1100 1545 1160 1609 ρει·
1172 1546 1246 1591 ann

142 1644 210 1687 xxx.
225 1622 299 1687 den
312 1630 346 1685 et
356 1620 455 1686 facist
470 1621 501 1687 oi
516 1643 619 1687 unum
634 1620 824 1685 conuiuium
833 1644 1025 1708 perannum
1036 1632 1247 1693 etmturam

140 1748 196 1811 por
205 1726 229 1811 j.
239 1726 329 1790 diem
338 1724 380 1789 od
396 1722 621 1811 hibemogium
635 1735 669 1789 et
681 1724 768 1810 quod
778 1725 926 1791 inuenire
938 1727 1037 1792 debet
1047 1728 1071 1815 j.
1082 1728 1247 1797 hominem

142 1828 181 1894 ad
202 1829 407 1895 ssrelandum
429 1828 528 1893 blada
550 1850 609 1893 sus
635 1836 669 1893 et
695 1826 812 1895 falcato
834 1852 893 1917 per
913 1831 939 1917 j.
960 1831 1048 1897 diem
1070 1840 1105 1897 et
1127 1833 1247 1899 sariam

142 1935 247 2000 senum
263 1955 362 1999 suum
376 1955 435 2019 per
444 1932 468 2017 j.
484 1932 572 1997 diem
587 1940 622 1997 et
636 1932 783 1998 inuenire
803 1934 827 2019 j.
843 1933 1007 1999 hominem
1021 1935 1064 2000 od
1077 1936 1247 2022 pilandum

142 2059 234 2123 poma
253 2060 316 2104 sua
338 2037 495 2124 quamdiu
518 2058 598 2124 opus
621 2035 720 2101 fuerit
741 2032 783 2102 a'd
806 2037 915 2102 cibum
930 2038 1033 2125 ipsius
1048 2038 1191 2105 Simonis
1205 2039 1246 2105 do

141 2143 288 2208 omnibus
310 2142 464 2230 predictis
486 2140 784 2219 consuetudinibus,
806 2149 841 2206 et
866 2150 1015 2227 preterea
1040 2143 1126 2230 quod
1149 2143 1248 2209 debet

139 2246 228 2333 sequi
242 2248 370 2313 curiam
385 2246 487 2333 ipsius
503 2246 646 2312 Simonis
660 2245 702 2310 ad
717 2245 945 2311 racionabilem
960 2247 1247 2314 summonicionom

140 2360 173 2415 et
187 2350 338 2417 inuenire
354 2372 453 2415 unam
469 2350 584 2415 falcem
599 2350 641 2415 sd
656 2350 765 2416 cibum
781 2350 884 2437 ipsius
899 2350 1042 2416 Simonis
1063 2351 1106 2417 ad
1127 2352 1248 2418 fslosn-

138 2456 215 2521 dum
241 2466 376 2544 pratum
403 2454 490 2542 quod
519 2463 655 2519 uocatur
684 2454 863 2521 Vixemedo
888 2455 1041 2521 similiter
1069 2479 1144 2522 cum
1173 2456 1247 2523 aliis

139 2560 325 2626 hominibus
354 2558 499 2624 eiusdem
530 2557 680 2634 Simonis,
710 2556 759 2622 its
788 2557 875 2644 quod
903 2581 978 2624 oum
1007 2569 1139 2645 pratum
1164 2559 1247 2626 illud

137 2665 233 2730 fuerit
248 2665 417 2741 falcatum,
432 2685 625 2750 quocunque
640 2662 703 2728 alie
720 2663 818 2728 falces
832 2663 940 2742 ierint,
956 2687 1016 2729 sua
1029 2664 1093 2729 ibit
1107 2664 1203 2730 domi

199 2770 373 2834 Juratoros
402 2767 517 2833 dicunt
546 2767 632 2854 quod
661 2767 805 2832 Jaoobus
829 2776 864 2832 et
893 2769 1092 2834 Aunselinus
1120 2790 1249 2855 semper

137 2880 317 2938 tenuerunt
347 2880 451 2937 totam
481 2879 600 2936 terram
627 2869 729 2957 patris
752 2893 864 2936 eomm
890 2879 924 2935 et
953 2870 1031 2936 dum
1061 2871 1248 2938 hsbnemnt

138 2985 256 3042 terram
284 2975 414 3062 integre
438 2983 510 3040 tots
532 2983 619 3040 tenti
640 2975 698 3040 ills
717 2973 834 3040 debuit
858 2997 1061 3061 perannum
1083 2999 1111 3041 v.
1134 2977 1188 3042 soi
1212 2985 1247 3042 et

136 3081 238 3146 insere
264 3102 371 3145 unum
394 3079 581 3144 conuiuium
602 3086 637 3143 et
659 3087 824 3144 araturam
844 3101 904 3165 por
920 3078 944 3166 j.
967 3079 1054 3145 diem
1076 3079 1118 3146 ad
1140 3079 1247 3145 hiber·

136 3186 271 3274 nagium
288 3193 324 3250 ot
339 3183 487 3248 inuenire
498 3183 522 3269 j.
536 3182 703 3248 hominem
719 3183 761 3248 sd
776 3184 979 3250 sarolsndum
994 3191 1030 3250 et
1051 3183 1167 3250 faloam
1188 3206 1247 3270 per

132 3288 155 3373 j.
169 3288 259 3353 diem
275 3289 311 3353 in
327 3295 420 3374 prato
435 3287 521 3373 quod
536 3295 673 3353 uocatur
683 3287 871 3373 Vyxemede
885 3287 934 3352 itn
948 3287 1077 3373 quodsi
1091 3287 1245 3352 falcatum

137 3391 234 3458 suerit
256 3391 302 3456 ad
321 3391 468 3478 primam
490 3389 586 3454 homo
607 3413 685 3454 suus
699 3386 763 3454 ibit
777 3388 875 3466 domi,
890 3389 940 3455 et²
953 3413 1018 3455 non
1033 3391 1077 3456 sit
1091 3392 1245 3456 islontum

137 3503 212 3560 ants
227 3517 385 3582 uesperss
401 3502 472 3559 tots
485 3493 538 3560 die
554 3493 633 3559 ibit⁸
647 3494 779 3560 foloabit
802 3494 898 3559 homo
920 3517 998 3560 suus
1020 3502 1054 3559 et
1075 3517 1141 3560 non
1162 3495 1246 3581 plus,

136 3607 169 3662 et
195 3598 321 3664 cariano
347 3598 459 3663 fenum
484 3619 543 3683 per
562 3597 586 3683 j.
611 3597 697 3662 diem
724 3609 759 3662 et
788 3597 936 3663 inuenire
960 3598 984 3684 j.
1012 3597 1175 3662 hominem
1204 3598 1246 3663 sd

137 3699 256 3786 pilsnd’
267 3722 368 3786 poma
377 3719 438 3764 sua
451 3699 607 3786 quamdiu
618 3721 699 3786 opus
710 3699 810 3765 fuerit
819 3699 862 3765 sd
873 3700 981 3766 cibum
992 3698 1094 3785 ipsius
1105 3697 1247 3765 Simonis

137 3803 176 3868 de
198 3801 354 3869 omnibus
376 3799 441 3866 illis
463 3801 758 3876 consuetudinibus,
782 3809 817 3866 et
838 3810 986 3888 proterea
1007 3801 1099 3889 sequi
1123 3801 1246 3867 curiam

137 3927 228 3972 sunm
258 3905 305 3970 nd
333 3902 560 3970 racionabilem
590 3927 682 3971 suam
712 3905 1008 3972 summonioionem.
1053 3906 1098 3970 Et
1127 3906 1247 3993 quesiti

169 4111 267 4162 ¹Ksnt
290 4109 341 4158 hns
362 4113 410 4159 not
425 4113 469 4172 yet
485 4109 606 4173 nequis-sd
621 4109 670 4160 im·
721 4114 804 4169 must,
823 4110 845 4162 it
865 4125 957 4172 seems,
972 4109 1005 4161 do
1024 4125 1074 4162 ons
1092 4110 1246 4175 dny’swork
1290 4127 1293 4134 ·

138 4177 242 4240 mnnity
254 4177 326 4226 from
337 4173 382 4224 the
398 4173 480 4237 grand
496 4174 588 4226 susino.
623 4175 670 4226 Sos
722 4176 834 4226 towards
845 4177 958 4239 mowing
965 4176 1011 4226 the
1024 4175 1153 4228 mssdow:
1169 4176 1247 4228 inho
1294 4203 1297 4208 ·

139 4241 263 4292 consuet.
296 4239 398 4298 Gsntis,
427 4241 541 4290 Statum
570 4241 600 4304 os
630 4241 671 4291 tho
721 4240 837 4292 mssdow
853 4241 877 4292 is
893 4241 1004 4291 finished
1021 4241 1049 4291 in
1065 4241 1110 4291 tho
1125 4241 1247 4305 morning

139 4307 236 4365 Realn,
247 4305 303 4356 vol.
318 4305 341 4362 1.
352 4318 378 4367 ρ.
390 4305 446 4356 225.
721 4305 754 4356 hs
771 4305 820 4356 has
836 4305 1052 4364 nomomtodm
1068 4305 1248 4370 tutsnyway

169 4371 304 4435 'Supply
314 4371 346 4420 η’.
721 4371 764 4422 his
776 4371 1175 4434 tnskwillbsovsrstvsspers.

169 4436 181 4468 ²
197 4437 258 4486 0m.
272 4437 323 4484 itit
335 4435 377 4498 (Ψ).
411 4433 466 4484 Tho
476 4436 591 4487 tsnsnt’s
607 4449 669 4484 man
