3167 5075
342 396 576 462 meursium,
598 396 669 455 sn,
688 382 782 461 1217,
804 398 868 449 aa
892 384 986 451 1-2.
1153 386 1218 451 313

117 576 247 635 mortem
261 569 435 656 patrissui
456 591 516 635 nec
536 576 621 647 ante,
636 575 679 633 st·
693 567 780 654 quod
801 567 965 633 Robertus
985 566 1073 633 filius
1094 568 1220 655 Nigelli

118 696 279 759 nunquam
293 673 410 739 habuit
424 681 544 738 terram
558 673 658 750 illam,
672 672 736 737 nisi
750 672 785 738 in
805 672 952 738 custodia
970 673 1014 739 ad
1032 674 1220 751 terminum,

118 788 147 841 et
159 778 234 844 inde
248 786 377 865 ponunt
392 798 426 843 se
446 800 544 863 super
563 777 713 852 iuratam,
729 784 774 841 et
785 775 968 862 producunt
989 785 1111 841 sectam
1132 776 1220 842 suffi-

117 882 249 948 cientem
264 904 328 969 qne
343 890 484 947 testatur
498 881 584 967 quod
599 881 686 946 idem
702 880 890 946 Gilebertus
904 880 987 945 obiit
1001 881 1037 945 in
1052 882 1222 968 Hybsrnia

117 996 235 1073 septem
262 987 357 1053 annis
384 986 554 1051 transactis
577 994 636 1051 etc.
682 986 759 1050 Post
785 992 949 1049 uenerunt
974 985 1161 1073 Stephanus
1186 994 1222 1052 et

117 1089 235 1163 Alanus
257 1098 292 1155 et
313 1096 514 1155 uocauerunt
533 1087 576 1153 ad
595 1094 777 1151 warantum
798 1086 983 1152 Priorissam
1004 1087 1045 1151 de
1066 1087 1221 1153 Olerlren-

117 1193 199 1259 willa
247 1192 403 1257 Habeant
424 1214 496 1257 eam
519 1198 578 1256 etc.
624 1191 669 1255 Et
688 1188 855 1254 Walterus
876 1188 991 1275 Pipere
1006 1189 1128 1256 recedit
1142 1190 1219 1255 inde

116 1298 176 1363 sine
191 1298 247 1363 die
263 1318 302 1363 eo
317 1295 404 1383 quod
418 1296 499 1362 dicit
513 1294 602 1382 quod
616 1318 681 1359 uon
702 1303 796 1359 tenet
815 1294 1019 1380 mesuagium
1033 1302 1068 1361 et
1082 1294 1140 1360 alii
1153 1317 1220 1361 non

116 1407 288 1486 potuerunt
303 1399 364 1465 hoc
379 1398 536 1475 dedicere.

116 1630 173 1673 uno
187 1608 355 1694 mesuagio
369 1630 444 1673 cum
459 1614 540 1693 pert.
555 1607 590 1672 iu
605 1606 719 1671 eadem
734 1604 815 1671 uilla
829 1615 899 1683 etc,
910 1614 945 1670 et
960 1604 1029 1691 ipse
1044 1628 1110 1669 non
1123 1604 1218 1670 uenit

116 1722 145 1779 et
157 1714 375 1779 summonitus
389 1712 454 1778 fuit
468 1720 537 1790 etc,
552 1719 588 1778 et
602 1711 676 1777 ideo
689 1719 969 1777 resummoneatur
983 1710 1069 1797 quod
1083 1711 1128 1775 sit
1147 1719 1219 1789 etc,

116 1816 195 1883 idem
209 1817 280 1883 dies
295 1816 393 1883 datus
408 1824 458 1881 cst
472 1824 533 1882 etc.

56 1922 84 1985 n
172 1921 284 1986 Assisa
309 1920 403 1985 uenit
427 1919 632 2006 recognitura
661 1918 734 2005 quis
758 1918 937 1983 aduocatus
959 1925 1104 2004 tempore
1129 1917 1219 2004 pacis
1310 1941 1338 1971 τι

115 2023 310 2109 presentauit
329 2023 481 2089 ultimam
500 2044 669 2109 personam
690 2042 753 2107 que
775 2029 905 2086 mortua
925 2028 976 2085 est
997 2020 1039 2085 ad
1061 2020 1219 2106 capellam

117 2126 153 2191 de
177 2127 331 2193 Dalwode
359 2148 422 2213 que
450 2133 546 2191 uacat
571 2133 642 2203 etc,
664 2126 757 2191 cuius
782 2124 1030 2191 aduocacionem
1056 2123 1218 2191 Robertus

116 2229 336 2295 Chantemerle
356 2230 477 2295 clamat
497 2251 609 2295 uersus
629 2228 793 2295 Abbatem
815 2228 857 2294 de
873 2226 1105 2294 Middeldona¹.
1148 2228 1216 2309 Qui

115 2334 204 2399 uenit
222 2357 279 2421 per
301 2343 504 2401 attornatum
525 2357 622 2401 suum
644 2342 679 2399 et
701 2334 780 2399 dicit
803 2334 890 2420 quod
911 2333 1012 2399 assisa
1032 2356 1097 2397 non
1118 2332 1218 2399 debet

114 2436 189 2503 inde
202 2438 278 2517 fieri,
292 2439 372 2525 quia
386 2439 455 2526 ipse
476 2448 573 2505 uocat
593 2438 760 2504 ecclesiam
780 2438 871 2503 illam
890 2437 926 2502 in
945 2436 1040 2503 breui
1059 2437 1218 2523 capellam

115 2555 146 2606 et
163 2565 223 2608 non
236 2567 315 2610 usus
329 2544 366 2608 in
381 2543 470 2609 curis
484 2545 578 2609 Dom.
594 2543 694 2630 Regis
714 2542 802 2629 quod
821 2541 922 2608 assisa
940 2543 999 2608 liat
1019 2543 1061 2608 de
1080 2542 1218 2609 aduoca-

115 2648 201 2714 cione
214 2651 420 2737 capellarum,
435 2658 470 2716 et
484 2650 558 2716 ideo
573 2673 638 2715 non
652 2649 751 2716 debet
765 2649 842 2714 inde
857 2649 928 2714 fieri
941 2650 1049 2716 assisa

178 2752 217 2816 Et
241 2753 406 2818 Robertus
431 2753 512 2818 dicit
538 2752 625 2840 quod
651 2761 738 2817 terra
760 2751 819 2817 ubi
844 2751 970 2837 capella
992 2751 1056 2817 sita
1078 2759 1129 2817 est
1153 2751 1217 2823 fuit

115 2855 280 2942 aliquando
305 2856 348 2922 de
374 2856 536 2922 dominico
561 2857 655 2922 Dom
680 2855 780 2942 Regis
806 2863 841 2920 et
866 2855 1016 2942 usagium
1042 2856 1106 2920 fuit
1130 2855 1218 2941 quod

116 2981 219 3025 ornnes
239 2960 373 3026 ecclesie
395 2960 436 3025 de
458 2961 629 3026 dominicis
651 2960 746 3026 Dom.
760 2959 861 3047 Regis
879 2960 1081 3026 uocabantur
1094 2961 1217 3047 capelle

116 3072 149 3128 et
163 3065 230 3130 ideo
243 3075 341 3131 uocat
357 3075 430 3131 e‘am
448 3055 613 3151 capellam,
628 3072 679 3130 set
699 3064 779 3130 dicit
800 3063 887 3150 quod
907 3063 1009 3129 libera
1027 3072 1086 3141 est,
1102 3073 1137 3130 et
1151 3087 1217 3129 non

116 3169 248 3252 pertinet
262 3169 306 3235 ad
319 3169 464 3257 aliquam
479 3167 647 3234 matricem
663 3165 856 3233 ecclesiam¹.

176 3271 289 3338 Postea
304 3272 431 3338 dictum
446 3281 497 3337 est
511 3271 636 3337 Abbati
651 3270 738 3358 quod
752 3270 946 3357 respondeat
960 3270 1003 3335 ad
1017 3271 1125 3336 breue.
1172 3271 1217 3336 Et

117 3371 180 3457 ipse
205 3375 325 3440 iterum
355 3374 436 3440 dicit
466 3374 552 3461 quod
580 3373 680 3440 assisa
708 3396 773 3438 non
806 3372 907 3438 debet
935 3371 1012 3438 iude
1040 3373 1112 3438 fieri
1140 3373 1218 3461 quia

120 3477 232 3562 camlla
246 3502 312 3543 non
327 3485 432 3556 uacat,
443 3478 543 3542 immo
558 3477 698 3542 Thomas
713 3477 753 3542 de
764 3477 921 3542 Warham
936 3499 1072 3565 persona
1084 3477 1217 3544 ecclesie

118 3579 155 3644 de
168 3581 336 3648 Stoclande
351 3589 401 3648 est
416 3581 492 3648 inde
507 3603 643 3668 persona
658 3589 696 3646 ut
716 3580 756 3647 de
776 3581 901 3667 capella
920 3603 984 3667 que
1007 3580 1152 3666 pertinet
1172 3581 1216 3648 ad

119 3685 273 3751 ecclesiam
295 3707 389 3751 suam
411 3685 451 3751 de
475 3684 658 3762 Stoclande,
679 3684 765 3749 unde
788 3683 876 3748 idem
895 3684 1008 3749 Abbas
1031 3682 1217 3769 dicitquod

121 3787 237 3871 quidam
264 3790 433 3855 Johannes
459 3791 614 3855 Auenant
637 3789 695 3876 qui
718 3787 836 3853 ultimo
862 3786 944 3852 obiit
966 3808 1103 3872 persona
1126 3787 1215 3853 illius

120 3893 229 3977 capelle
244 3893 354 3959 tenuit
368 3892 525 3981 capellam
540 3893 631 3959 illnm'
648 3892 690 3958 de
710 3891 856 3978 predicto
875 3890 1001 3955 Thema
1018 3913 1155 3977 persona
1174 3890 1216 3956 de

122 3995 281 4065 Stoclande
301 3997 466 4064 reddendo
485 3998 517 4064 ei
536 3997 666 4063 nomine
686 3994 851 4082 pensionis
869 4017 922 4059 xx.
936 3995 992 4060 sol,
1007 4017 1065 4081 per
1084 4017 1216 4062 annum.
1357 4049 1360 4052 .

121 4097 158 4170 Et
178 4100 251 4167 inde
270 4102 393 4187 profert
412 4107 535 4166 cartam
555 4097 732 4168 Hereberti
750 4096 915 4185 quondam
938 4097 1091 4185 Episcopi
1113 4099 1217 4164 Satis«

147 4275 261 4329 ιΜῐΙιοιι
282 4279 377 4340 Abbas,
399 4279 499 4330 Dorset.
523 4279 635 4329 Monast.
687 4277 929 4340 loeallyinDevon.

121 4342 197 4400 vom,
212 4359 238 4407 p.
255 4347 313 4394 844.
348 4340 489 4395 Stockland
506 4345 558 4395 and
576 4345 635 4394 Dal·
719 4343 782 4392 ²As
804 4345 833 4392 to
855 4341 920 4392 such
941 4343 1015 4406 royal
1036 4341 1149 4406 chapde,
1173 4357 1215 4394 see

120 4408 183 4458 ruod
198 4409 224 4458 in
241 4425 257 4460 a
273 4409 399 4461 detached
416 4415 475 4473 part
491 4412 520 4461 ol
534 4411 635 4468 Dorset
687 4409 730 4458 Br.
743 4410 791 4458 241
804 4407 828 4458 b.
