3167 5075
339 391 403 460 716
733 395 1004 470 n.n..1221,n.n
1029 398 1057 457 5.

338 581 517 646 Robertum
540 581 643 645 filium
666 579 803 645 Roberti
821 579 898 644 dim.
917 581 1122 666 mesuagium
1141 589 1202 645 etc„
1223 579 1259 644 in
1279 575 1433 642 Liehesetd
1543 538 1544 603 i

338 693 376 750 ut
392 685 442 750 ius
462 707 566 762 suum,
582 693 616 749 et
637 693 675 748 ut
696 684 777 748 illud
798 684 833 749 in
853 684 939 771 quod
961 684 1049 748 idem
1072 685 1236 749 Robertus
1258 705 1326 747 non
1347 681 1434 746 habet

172 826 293 875 mm
337 789 517 875 ingressum
544 789 607 854 nisi
632 811 690 874 per
715 789 898 854 Robertum
923 788 965 853 de
992 787 1092 853 Galia'
1115 796 1244 874 patrem
1265 809 1371 862 suum,
1389 783 1435 849 cui

172 874 320 960 diffiditis
338 895 482 977 prefatus
511 893 669 958 Ricardus
698 892 858 970 uendidit,
887 892 940 957 oui
969 892 1042 978 ipsa
1071 892 1188 956 Emma
1215 891 1252 955 in
1280 889 1355 955 uita
1384 909 1436 952 sua

187 969 209 1007 ui
217 972 248 1006 ent
256 967 310 1007 Infra

173 980 288 1100 {2533ss
337 997 553 1062 contradicere
569 1019 633 1061 non
648 997 757 1083 potuit
772 1007 832 1063 etc.
875 997 920 1062 Et
934 997 1101 1062 sciendum
1116 995 1268 1084 estquod
1283 995 1435 1060 Robertus

173 1109 289 1154 mm
337 1109 388 1166 est
402 1099 486 1165 infra
500 1109 623 1165 etatem
639 1109 673 1165 et
688 1101 773 1186 petit
789 1110 912 1165 etatem
927 1123 1030 1167 suam.
1075 1102 1140 1166 Sed
1161 1100 1240 1188 quia
1259 1109 1356 1186 pater
1366 1121 1434 1164 suus
1544 1094 1545 1119 ¹

173 1155 282 1203 spondebtt

173 1203 325 1296 middin
338 1227 468 1290 presens
489 1205 553 1268 fuit
575 1211 611 1270 et
633 1204 786 1290 cognouit
809 1204 897 1290 quod
918 1203 1053 1269 dederat
1073 1204 1104 1269 ci
1123 1203 1330 1290 mesuagium
1353 1203 1433 1274 illud.
1544 1210 1545 1213 ’

173 1299 194 1334 et
202 1296 322 1340 sonnonem

173 1343 244 1383 amu
246 1354 312 1382 ooooo
338 1306 574 1372 consideratum
590 1305 741 1392 estquod
757 1315 851 1391 pater
865 1305 1068 1392 respondeat

403 1409 469 1489 Qui
483 1409 567 1474 dixit
582 1408 668 1495 quod
683 1431 798 1474 reuera
814 1409 979 1496 predictus
994 1406 1152 1474 Rioardus
1165 1409 1219 1473 uir
1232 1431 1312 1474 snus
1327 1417 1361 1474 et
1373 1409 1435 1494 ipso

337 1511 556 1578 uendiderunt
570 1512 602 1576 ei
616 1511 697 1576 illud
709 1512 783 1576 dim.
797 1514 1001 1598 mesuagium
1016 1534 1074 1599 pro
1088 1535 1144 1578 sex
1159 1513 1276 1578 marcis
1290 1521 1433 1578 eteorum

337 1625 409 1682 tota
422 1617 538 1681 uillata
551 1615 785 1682 abiurauerunt
799 1617 882 1682 illud
898 1618 1078 1682 secundum
1092 1617 1242 1704 usagium
1257 1618 1345 1682 uille.

404 1720 447 1784 Et
463 1720 577 1784 uillata
591 1719 632 1784 de
647 1720 852 1786 Lichefeuld¹
867 1721 948 1786 dicit
962 1720 1049 1807 quod
1069 1721 1270 1785 consuetudo
1291 1721 1368 1786 uille
1384 1743 1435 1784 sue

338 1847 403 1889 non
418 1832 468 1889 est
482 1823 558 1890 talis
577 1825 664 1911 quod
684 1825 802 1912 aliquis
821 1825 924 1912 pomit
942 1826 1085 1892 uendere
1107 1826 1317 1912 maritagium
1338 1826 1436 1891 uxoris

338 1951 404 1995 SUO.
1546 1966 1547 1993 ι

403 2032 448 2096 Ει
463 2031 533 2116 ipsa
548 2032 666 2096 Emma
674 2031 822 2098 defendit
832 2034 918 2119 quod
929 2033 1003 2119 ipsa
1011 2055 1178 2120 nunquam
1191 2032 1274 2097 illud
1286 2031 1434 2098 uendidit
1546 1996 1547 2049 i

338 2135 382 2200 Et
394 2135 467 2200 ideo
481 2135 719 2201 consideratum
731 2146 781 2201 est
793 2137 879 2222 quod
891 2137 962 2224 ipsa
972 2138 1178 2224 recuperauit
1188 2137 1341 2203 seisinam
1351 2159 1435 2202 suain

338 2248 373 2306 et
388 2241 551 2306 Robertus
565 2241 598 2304 in
615 2241 834 2306 misericordia
848 2249 907 2306 etc.

206 2339 299 2403 1982.
402 2342 514 2408 Assisa
534 2365 620 2408 noue
642 2344 809 2410 disseisine
829 2366 928 2431 quam
949 2347 1050 2432 Hugo
1069 2344 1110 2411 de
1125 2344 1316 2431 Brugseldia
1328 2343 1436 2409 arami-

174 2421 303 2510 dtdttt
338 2446 409 2512 auit
439 2469 551 2511 uersus
580 2446 760 2511 Henn'oum
790 2447 832 2512 de
861 2449 970 2512 Perles
999 2457 1157 2527 remanet,
1181 2471 1219 2513 eo
1243 2447 1329 2534 quod
1356 2446 1437 2512 idem

174 2517 320 2651 ffliioe‘]
339 2551 439 2637 Hugo
461 2548 550 2615 obiit.
594 2550 712 2615 Postea
731 2559 891 2615 testatum
912 2560 962 2616 cst
981 2552 1070 2637 quod
1085 2553 1172 2617 filius
1188 2552 1260 2617 eius
1275 2552 1331 2637 qui
1344 2550 1437 2615 habet
1547 2545 1548 2554 ¹

174 2659 315 2753 gffiffiss
337 2654 423 2719 idem
453 2676 570 2719 nomen
600 2654 773 2718 ammiauit
803 2654 894 2719 illam
922 2655 1065 2721 assisam
1110 2654 1158 2720 Et
1186 2654 1262 2720 ideo
1291 2653 1436 2740 procedat

175 2751 305 2845 tiresus
338 2756 434 2843 esu

175 2844 238 2883 lubet
246 2844 300 2883 {dem

175 2888 322 3022 psttzrhffli,
341 2986 347 2997 ι
371 2919 492 2997 ²JWhich
503 2918 527 2969 is
538 2920 702 2983 represented
719 2920 806 2971 before
821 2919 866 2970 the
916 2919 980 2998 with
991 2919 1038 2995 tire
1048 2921 1191 2995 annotator
1202 2918 1262 2969 that
1277 2919 1320 2969 the
1335 2916 1437 2968 tathcr's

176 2995 321 3117 Ξιεξιιι
338 2985 865 3126 'tutudit&sottum
916 2982 1438 3126 usvtnt‘t'tt‘hfflst

338 3114 767 3231 *harh
783 3130 866 3230 uu
917 3114 1218 3231 unc
1300 3114 1437 3165 m

175 3217 328 3303 iiffildspdrii'l
339 3246 397 3297 that
418 3246 464 3295 the
485 3244 542 3295 urit
557 3244 606 3294 has
622 3246 685 3295 been
702 3196 816 3308 brodght
832 3195 867 3309 b}
950 3245 961 3277 ³
978 3244 1041 3293 This
1058 3245 1082 3293 is
1098 3244 1143 3295 the
1158 3260 1219 3319 very
1231 3244 1322 3295 footot
1338 3241 1436 3295 wib

175 3310 282 3406 ww·
338 3310 486 3362 thotathcr.
519 3311 641 3369 Bracton,
654 3311 671 3363 f.
687 3310 766 3369 1881),
779 3324 867 3373 agrees
917 3301 1245 3372 andtheendofaqmre.
