3167 5075
306 387 347 449 58
608 398 847 462 seraranan.
871 387 964 462 1224,
986 400 1049 451 aa
1073 390 1102 450 8.

303 568 461 641 uaranoia
483 569 524 635 de
551 568 657 655 primo
681 570 839 635 comitatu
864 569 931 635 scil
955 569 1009 635 die
1032 569 1148 636 Martis
1170 569 1317 656 proxima
1338 580 1413 657 post
1459 629 1464 635 .

304 673 382 739 Nat.
398 674 434 739 B.
450 673 474 738 J
474 673 524 737 oh.
540 674 635 759 Bapt.
651 682 686 739 et
700 674 829 739 nullum
844 682 1026 739 warantum
1042 674 1158 739 hebuit
1172 675 1214 740 de
1234 676 1298 739 alio
1312 676 1412 740 comi-

303 785 378 843 tatu
401 777 531 863 quando
553 776 631 843 fecit
653 777 810 843 defaltam
835 800 1015 864 perquam
1039 786 1127 843 terra
1147 786 1244 865 capta
1264 779 1329 844 fuit
1350 787 1412 845 etc.

304 881 348 947 Et
363 882 440 967 quia
453 881 581 946 nullum
597 890 777 947 warantum
799 882 916 948 habuit
937 883 978 949 de
998 884 1054 948 illo
1076 883 1233 948 comitatu
1254 883 1296 947 ad
1313 906 1412 970 quem

303 985 380 1050 fecit
395 986 560 1064 defaltum,
574 1008 635 1052 nec
649 986 758 1072 potuit
780 1009 894 1052 sanare
916 986 1081 1065 defaltum,
1095 975 1333 1051 consideratum
1348 987 1413 1051 fuit

303 1089 389 1174 quod
422 1089 590 1157 Johannes
619 1097 653 1154 et
682 1088 790 1154 Alicia
823 1098 1100 1175 recuperauerunt
1133 1089 1284 1155 seisinam
1318 1113 1412 1155 suam

291 1205 338 1287 ¹et
363 1194 502 1259 Thomas
526 1193 662 1259 haberet
688 1194 756 1257 tale
777 1215 967 1279 recuperare
991 1202 1051 1259 etc
1076 1202 1112 1259 et
1133 1193 1221 1279 quod
1243 1193 1412 1259 recordum

302 1298 368 1362 tale
383 1298 427 1363 sit
442 1298 582 1361 offerunt
597 1304 656 1362 etc.
672 1297 727 1361 uel
742 1296 915 1361 defendere
929 1305 989 1361 etc

308 1466 310 1473 ,
369 1402 413 1465 Et
427 1401 567 1467 Thomas
581 1402 675 1466 uenit
690 1409 724 1465 et
739 1400 818 1465 dicit
834 1399 920 1487 quod
935 1400 970 1464 in
987 1412 1080 1486 parte
1101 1399 1310 1465 recordantur
1327 1399 1412 1464 hene

303 1514 338 1571 ct
352 1505 387 1569 in
401 1514 494 1590 parte
515 1505 600 1570 male
621 1505 700 1591 quia
721 1505 846 1571 dehoc
866 1504 953 1590 quod
974 1504 1184 1570 recordantur
1205 1504 1240 1568 in
1261 1503 1413 1569 omnihus

302 1609 460 1695 usquead
476 1608 653 1674 crastinum
669 1608 701 1674 S.
717 1609 740 1674 J
741 1608 834 1673 acobi
848 1608 961 1694 Apost.
977 1608 1061 1673 bene
1080 1609 1290 1675 recordantur
1303 1617 1355 1673 set
1368 1607 1412 1673 ad

304 1712 364 1777 hoc
378 1710 465 1798 quod
480 1712 522 1775 ad
536 1711 630 1775 illum
646 1712 838 1776 comitatum
852 1710 969 1776 debuit
983 1711 1053 1796 ipse
1073 1711 1186 1777 fecisse
1205 1711 1361 1779 defaltum
1376 1711 1413 1775 in

303 1817 363 1883 hoc
378 1816 499 1881 iniuste
514 1816 637 1893 dicunt,
652 1816 730 1903 quia
743 1816 785 1880 ad
806 1816 900 1880 illum
921 1815 1113 1880 comitatum
1134 1816 1228 1880 uenit
1249 1815 1414 1881 Rohertus

303 1920 344 1986 de
360 1920 447 1985 Derl’
468 1920 612 1985 seruiens
632 1941 710 1984 suus
730 1928 765 1984 et
786 1919 867 1984 tulit
888 1919 988 1983 breue
1010 1918 1052 1984 de
1066 1919 1224 1984 warancia
1244 1918 1286 1983 de
1307 1918 1415 2005 primo

303 2024 461 2090 comitatu
476 2031 511 2088 et
525 2022 590 2088 duo
605 2023 752 2088 homines
766 2022 820 2088 sui
833 2023 1079 2088 essoniauerunt
1093 2022 1234 2087 eundem
1254 2022 1412 2087 Thomam

303 2128 422 2193 iterum
443 2127 483 2191 de
503 2126 639 2192 seruicio
660 2127 755 2191 Dom.
770 2125 871 2212 Regis
885 2134 920 2190 et
935 2147 1124 2211 responsum
1138 2126 1202 2191 fuit
1217 2126 1264 2191 eis
1278 2149 1299 2193 a
1312 2128 1413 2193 comi-

304 2242 376 2298 tatu
393 2232 479 2319 quod
494 2254 559 2297 non
573 2230 683 2318 potuit
703 2230 753 2297 bis
773 2230 932 2295 essoniare
947 2229 1037 2296 sede
1052 2230 1188 2296 seruicio
1202 2232 1296 2297 Dom
1311 2232 1413 2319 Regis

304 2346 338 2403 et
367 2347 545 2423 posuerunt
573 2336 731 2401 iudicium
761 2334 798 2401 in
822 2344 1006 2421 respectum
1034 2356 1137 2420 usque
1161 2335 1206 2399 nd
1229 2334 1415 2421 proximum

303 2440 495 2505 comitatum
517 2446 591 2525 post
612 2437 881 2523 Assumpcionem
902 2445 963 2502 etc.
982 2436 1026 2501 ad
1045 2459 1144 2522 quem
1163 2436 1251 2502 idem
1273 2436 1414 2503 Thomas

304 2545 397 2610 uenit
426 2553 461 2610 et
489 2544 570 2609 tulit
597 2543 775 2609 secundum
805 2543 904 2608 breue
933 2543 1027 2608 Dorn
1058 2543 1159 2630 Regis
1188 2543 1229 2608 de
1254 2544 1415 2610 warancis

304 2657 338 2714 et
367 2647 542 2712 comitatus
569 2646 798 2711 nichilominus
827 2645 1044 2710 considerauit
1072 2645 1160 2731 quod
1184 2645 1352 2712 Johannea
1377 2655 1414 2712 et

303 2752 410 2818 Aricia
431 2758 704 2837 recuperauerunt
726 2750 879 2816 saisinam
900 2772 994 2815 suam
1015 2773 1074 2836 per
1095 2751 1260 2829 defaltum,
1274 2760 1310 2817 et
1325 2751 1414 2838 quod

304 2855 369 2920 tale
390 2854 433 2919 sit
453 2853 620 2918 reeordum
640 2853 734 2917 offert
755 2852 891 2937 probare
912 2875 1107 2939 percorpus
1128 2852 1296 2918 cuiusdam
1318 2853 1414 2919 liberi

303 2956 443 3021 hominis
458 2955 508 3021 sui
522 2956 546 3021 J
546 2954 666 3034 ordeni,
681 2955 739 3041 qui
754 2955 815 3021 hoc
829 2955 923 3021 offert
944 2964 1004 3020 etc
1019 2956 1105 3021 sicut
1119 2955 1175 3020 ille
1190 2955 1249 3042 qui
1262 2955 1415 3021 interfuit

303 3054 473 3121 comitatui
488 3063 549 3120 etc.

369 3161 413 3225 Et
427 3160 600 3226 comitatus
618 3159 678 3224 hoc
698 3158 845 3224 defendit
864 3158 995 3244 precise.
1041 3159 1086 3223 Et
1107 3158 1179 3224 uisa
1199 3167 1278 3224 sunt
1298 3158 1415 3225 breuia

303 3264 344 3329 do
359 3263 518 3330 warancis
531 3285 595 3349 que
609 3262 697 3327 idem
713 3262 853 3326 Thomas
867 3261 1005 3346 protulit
1019 3261 1205 3326 uicecomiti
1219 3269 1254 3326 et
1268 3263 1417 3350 recogni-

305 3376 377 3432 tum
392 3375 443 3432 est
463 3388 522 3453 per
540 3365 619 3430 data
640 3365 789 3430 breuium
812 3363 899 3451 quod
920 3363 1062 3449 primum
1084 3365 1182 3430 breue
1205 3366 1328 3430 factum
1349 3366 1415 3431 fuit

303 3470 392 3557 apud
405 3471 585 3535 Anltonam
604 3491 655 3532 xx.
671 3467 724 3532 die
745 3468 829 3555 Aug.
851 3476 886 3532 et
903 3467 1082 3533 secundum
1096 3468 1196 3533 breue
1211 3469 1335 3534 factum
1348 3469 1414 3534 fuit

304 3573 391 3659 apud
408 3574 512 3659 Salop.
529 3573 583 3659 xij.
599 3572 652 3637 die
668 3571 780 3637 Octob.
826 3571 871 3636 Et
886 3571 964 3657 quia
978 3578 1154 3658 utrumque
1173 3571 1273 3637 breue
1288 3573 1413 3636 factum

304 3678 368 3742 fuit
390 3687 463 3764 post
484 3678 658 3742 comitatus
677 3675 721 3741 ad
740 3697 820 3762 quoe
840 3675 960 3740 defalte
975 3675 1060 3740 facte
1075 3676 1217 3753 fuerunt,
1231 3674 1413 3740 considera·

304 3793 377 3846 tum
401 3789 450 3846 est
473 3779 559 3867 quod
581 3780 756 3844 comitatus
779 3778 823 3842 sit
846 3777 922 3842 inde
946 3777 1077 3863 quietus
1101 3799 1140 3842 eo
1163 3778 1251 3863 quod
1273 3778 1415 3844 Thomas

304 3883 475 3950 concordat
496 3906 571 3947 cum
592 3882 639 3948 eis
658 3882 699 3947 de
714 3882 865 3947 omnihus
879 3881 994 3946 diebus
1009 3879 1206 3960 comitatue¹,
1221 3890 1256 3946 et
1271 3881 1413 3948 Thomas

302 3987 338 4052 in
360 3985 577 4050 misericordie
597 4007 655 4072 pro
676 3985 755 4050 falso
777 3985 925 4063 clamore,
947 3994 982 4050 et
1003 3986 1166 4050 Robertus
1192 3986 1250 4073 qui
1272 4008 1307 4051 se
1333 3986 1413 4051 fecit

303 4099 421 4156 testem
437 4099 472 4154 et
486 4089 654 4155 conuictus
668 4099 718 4154 est
732 4089 773 4154 de
788 4089 868 4154 falso
882 4089 1070 4154 testimonio
1083 4112 1142 4176 per
1161 4089 1241 4155 data
1259 4089 1412 4156 breuium

302 4192 511 4260 custodiatur.
557 4193 783 4260 Committitur
803 4193 909 4258 eidem
929 4193 1052 4257 Thome
1070 4193 1258 4259 habendum
1279 4215 1354 4260 eum
1369 4194 1413 4260 sd

302 4309 436 4364 rectum.

626 4425 635 4458 ¹
653 4425 694 4476 Hc
705 4423 766 4476 does
776 4427 824 4475 not
835 4425 937 4489 &mute
949 4423 993 4475 the
1004 4424 1087 4476 dates.
1131 4463 1139 4477 .
1244 4483 1248 4488 .
