3167 5075
373 379 437 448 3⁷2
678 392 830 455 rnnurr,
852 390 917 444 nu.
943 379 1041 457 mo,-
1058 392 1121 443 aa.
1144 381 1175 445 4.-

372 576 493 639 uerunt
525 575 584 633 ete.
611 566 654 636 ad
686 567 930 633 certificandum
960 590 994 633 se
1023 567 1065 633 de
1085 567 1184 655 ‘quali
1212 588 1378 659 commuue
1406 564 1453 653 ipsi

373 674 520 739 fecerunt
541 671 692 737 seisinam
713 672 868 759 predictis
891 670 1047 738 Gaufrido
1068 680 1102 738 et
1120 672 1222 738 Priori
1237 682 1271 738 et
1286 695 1389 739 omnes
1401 672 1456 737 illos

371 777 529 843 iuratores
543 776 656 841 uenire
671 776 769 841 faciat
783 798 889 841 coram
910 776 1097 843 iusticisriis
1116 777 1175 843 tali
1189 776 1242 843 die
1258 786 1317 843 ete
1332 776 1371 843 sd
1383 777 1455 841 testi·

372 880 535 948 ficandum
550 881 591 946 de
606 880 696 968 quali
710 903 883 946 commuue
897 890 931 945 et
946 902 1005 967 per
1026 903 1106 967 ques
1125 890 1230 949 metas
1251 882 1315 969 ipsi
1335 883 1456 947 fecerint

371 984 523 1049 seisinam
538 984 692 1072 predictis
709 984 812 1049 Priori
827 992 861 1049 et
877 984 1034 1050 Gaufrido
1049 984 1089 1049 de
1105 1007 1277 1050 commune
1291 985 1347 1049 ills
1359 994 1418 1062 ete,
1429 990 1456 1045 et

373 1090 459 1176 quod
473 1090 572 1155 faciat
592 1090 711 1154 habere
730 1089 877 1175 predicto
892 1089 1044 1175 Philippo
1059 1088 1167 1154 uisum
1182 1088 1223 1154 de
1238 1089 1308 1154 loeo
1322 1088 1375 1153 ubi
1387 1087 1456 1173 cepit

372 1194 531 1260 batellum
553 1215 649 1259 suum
674 1201 709 1258 et
729 1193 832 1258 eciam
852 1192 893 1258 de
914 1193 992 1258 locis
1011 1193 1047 1259 in
1066 1193 1186 1280 quibus
1204 1194 1293 1280 cepit
1307 1192 1457 1259 alisuadia

373 1320 485 1363 eorum
514 1305 574 1363 eto.
620 1298 665 1361 Et
690 1304 881 1383 preceptum
907 1305 958 1362 est
983 1296 1136 1383 Philippo
1162 1296 1250 1383 quod
1276 1296 1399 1363 interim
1420 1318 1458 1359 re·

373 1401 497 1487 plegiet
526 1400 573 1465 eis
598 1400 758 1465 botellum
783 1408 819 1465 et
844 1400 943 1466 uadis
968 1424 1028 1465 sua
1056 1408 1091 1466 et
1120 1402 1342 1488 unusquisque
1369 1422 1457 1465 eoum

374 1504 495 1569 habeat
510 1503 611 1568 talem
625 1502 777 1569 asisinam
791 1502 922 1590 qualem
936 1504 1012 1569 inde
1027 1526 1114 1569 nunc
1129 1506 1254 1571 hebent
1268 1505 1344 1573 ete.²

438 1605 617 1679 'Robertus
641 1605 683 1670 ds
709 1606 792 1670 Turs
821 1612 856 1670 et
885 1606 1018 1671 Bsatrix
1047 1629 1129 1673 uxor
1158 1607 1237 1686 eius,
1266 1608 1405 1695 Rogerus
1427 1605 1458 1669 dc

374 1710 571 1797 Wilegheby
585 1718 620 1775 et
634 1710 740 1776 Maria
753 1732 835 1774 uxor
849 1710 919 1775 eius
934 1718 969 1776 et
983 1711 1091 1777 Alicio
1109 1734 1197 1778 soror
1215 1712 1358 1799 ipsarum
1376 1710 1458 1776 llario

375 1822 411 1880 et
425 1813 595 1892 Beatrieis,
610 1813 750 1878 Thomas
770 1812 812 1879 de
833 1814 997 1880 Grauenel
1017 1824 1052 1881 et
1073 1815 1319 1883 Johannauxor
1336 1818 1400 1883 eius
1418 1836 1462 1903 per

373 1927 576 1984 attomatum
598 1918 743 2004 ipsarum
765 1917 960 1983 feminarum
981 1920 1171 1985 summoniti
1192 1922 1327 1987 fuerunt
1351 1920 1389 1985 ad
1410 1940 1460 1983 res·

374 2022 582 2112 pondendum
617 2045 717 2108 quare
751 2044 818 2087 non
852 2022 1049 2107 permittunt
1082 2022 1225 2089 Priorem
1254 2023 1295 2090 de
1326 2020 1459 2105 Markeb5

373 2135 559 2214 presentare
581 2126 732 2191 idoneam
753 2144 923 2211 personam
945 2125 987 2191 ad
1007 2126 1174 2192 eeclesiam
1194 2127 1234 2193 de
1255 2128 1399 2205 Wioliue,
1411 2146 1460 2212 que

374 2239 471 2295 uacat
492 2237 553 2295 etc.
575 2227 671 2294 etad
693 2219 785 2293 suem
809 2236 936 2314 spectat
959 2227 1168 2293 donacionem
1190 2238 1230 2295 ut
1253 2230 1342 2296 dicit
1382 2227 1461 2295 Unde

374 2333 461 2398 idem
485 2332 577 2398 Prior
598 2331 679 2397 dicit
702 2331 789 2419 quod
812 2332 937 2397 Alanus
961 2332 1002 2397 de
1026 2331 1195 2419 Mundeby
1220 2333 1308 2397 filius
1329 2330 1462 2397 auunculi

373 2438 592 2524 predictarum
613 2436 706 2503 ouius
728 2436 864 2506 heredes
886 2436 956 2524 ipse
980 2443 1057 2502 sunt
1080 2435 1172 2502 dedit
1191 2438 1222 2503 ei
1242 2447 1278 2503 et
1297 2436 1404 2503 domui
1418 2456 1463 2499 sue

374 2544 541 2610 ecclesiam
563 2543 662 2620 illam,
686 2550 722 2608 et
743 2542 820 2607 inde
842 2542 964 2629 profert
985 2549 1107 2607 cartam
1129 2565 1221 2607 suam
1246 2565 1311 2628 que
1335 2550 1461 2612 testatur,

373 2646 459 2734 quod
483 2647 552 2734 ipse
576 2647 668 2713 dedit
694 2654 754 2711 etc.
780 2645 841 2711 deo
867 2653 902 2710 et
928 2646 1060 2712 ecclesie
1086 2647 1119 2712 S.
1143 2647 1234 2712 Petri
1259 2646 1300 2712 de
1328 2645 1464 2728 Markcby
1521 2659 1522 2704 r

374 2761 409 2818 et
423 2752 584 2818 canonicis
598 2760 659 2817 etc.
670 2749 839 2816 ecclesiam
851 2748 891 2815 de
901 2749 1039 2815 Wioliue
1054 2772 1130 2814 cum
1144 2751 1276 2836 capellis
1289 2751 1333 2816 ad
1347 2749 1462 2815 eondem

374 2855 541 2922 eeclesiam
556 2853 798 2942 pertinentibus
812 2853 896 2918 sicut
912 2852 1029 2941 aliquis
1043 2851 1144 2919 laicus
1158 2854 1301 2940 aliquam
1317 2853 1463 2921 ecclesiam

373 2959 507 3025 liberius
521 2969 556 3023 et
570 2957 715 3045 quieeius
735 2965 795 3022 etc
812 2956 891 3022 uiris
910 2956 1066 3043 religiosis
1086 2955 1163 3022 dare
1182 2967 1291 3043 potest
1306 2955 1380 3024 ete·

439 3063 484 3128 Et
497 3062 560 3148 ipsi
576 3084 686 3127 omnes
700 3069 811 3147 preter
830 3060 988 3126 Thomam
1008 3067 1043 3126 et
1058 3083 1191 3126 uxorem
1206 3061 1277 3126 eius
1292 3071 1352 3127 etc
1366 3061 1462 3126 dicunt

374 3167 462 3253 quod
488 3167 575 3231 iuste
596 3163 782 3252 impediunt
803 3164 1079 3250 presentacionem
1102 3185 1202 3242 suam,
1223 3163 1304 3250 quia
1326 3163 1413 3230 Eudo
1432 3161 1464 3224 de

373 3270 542 3357 Mundeby
566 3278 660 3356 pater
680 3268 819 3356 predicti
842 3267 941 3334 Alani
963 3268 1027 3334 fuit
1049 3268 1180 3334 seisitua
1202 3268 1243 3333 de
1264 3267 1324 3334 illa
1346 3267 1464 3334 adnom-

374 3374 465 3439 cione
480 3381 625 3459 tempore
640 3373 683 3438 H.
699 3371 800 3460 Regis
820 3371 875 3438 aui
896 3379 957 3437 etc.
972 3371 1021 3437 its
1039 3371 1126 3459 quod
1147 3373 1349 3458 presentauit
1369 3391 1464 3458 quem·
1519 3359 1520 3370 ¹

374 3476 450 3543 dem
471 3478 651 3545 Robertum
671 3475 824 3541 clericum
845 3475 901 3562 qui
921 3475 1038 3540 ultimo
1053 3475 1135 3541 obiit
1149 3497 1286 3562 persona
1300 3477 1336 3542 in
1350 3473 1465 3542 eeclesia

374 3580 432 3646 illa
445 3590 505 3647 eto.
521 3587 556 3645 et
575 3579 617 3645 de
637 3579 692 3644 illo
713 3579 849 3646 Eudone
869 3579 1036 3644 descendit
1057 3579 1109 3644 ius
1130 3578 1218 3644 illius
1239 3577 1465 3658 sduoeacionisl

374 3683 519 3768 predicto
541 3683 647 3747 Alano
666 3690 705 3748 ut
725 3681 791 3746 filio
811 3704 870 3748 suo
890 3689 924 3747 et
944 3681 1064 3760 heredi,
1085 3681 1180 3746 etde
1200 3682 1271 3768 ipso
1291 3683 1395 3748 Alsno
1415 3679 1465 3766 ipsi

374 3786 525 3865 Beatrioi,
539 3787 652 3863 Mane,
674 3794 709 3852 et
727 3787 834 3852 Alicie
856 3794 895 3854 ut
917 3785 1092 3852 heredibus
1113 3786 1181 3851 suis
1202 3794 1238 3852 et
1259 3788 1319 3853 hoc
1341 3787 1465 3853 offemut

373 3892 508 3978 probare
534 3899 594 3956 eto.
640 3891 700 3956 Set
722 3913 837 3956 uerum
862 3890 979 3955 uolunt
1004 3888 1118 3955 dicere.
1162 3890 1332 3956 Prediotus
1357 3891 1467 3956 Alanus

373 3994 514 4059 libenter
536 3993 751 4079 promouisset
776 3994 910 4058 domum
933 3991 1024 4056 illam
1049 3992 1099 4056 ita
1125 3993 1211 4078 quod
1240 3994 1381 4080 putabat
1408 4013 1467 4078 pre
1517 4021 1518 4040 a

373 4097 477 4162 dictos
498 4097 667 4162 canonicos
686 4119 778 4183 posse
801 4095 952 4163 habuisse
976 4095 1144 4162 ecclesiam
1167 4096 1259 4162 illam
1281 4097 1315 4161 in
1339 4093 1469 4184 proprios

406 4291 484 4341 ¹For
510 4291 577 4342 later
603 4291 770 4356 proceedings
796 4291 824 4341 in
846 4291 900 4342 this
984 4289 1470 4354 'Supplyetr'deopetuutquodclosun

373 4357 765 4480 mpttprhseelssepolppguspgll.
949 4423 1059 4492 peditent
1065 4423 1369 4486 prumtissimam.
1397 4417 1459 4482 &R

950 4357 1018 4406 illud
1033 4359 1069 4406 eis
1085 4358 1249 4406 warenttzent
1263 4358 1325 4420 quio
1341 4358 1423 4406 imre
1434 4357 1469 4402 tn·
1516 4373 1517 4386 π
