3167 5075
340 396 457 446 cosan
479 394 579 457 asos,
601 394 664 443 an.
689 380 848 458 raas—7,
869 395 933 447 aa
955 384 1005 447 21.
1161 388 1223 450 205

137 567 277 633 clamium
305 591 400 634 suum
430 567 540 635 dicens
569 567 654 655 quod
683 568 848 655 predictus
878 570 1043 637 Galfridus
1071 595 1135 638 non
1164 573 1228 640 fuit

137 692 253 756 compos
266 672 318 736 sui
331 672 417 757 quod
431 671 574 757 aliquam
589 678 710 735 cartam
726 679 805 736 tunc
820 672 923 737 facere
943 674 1061 759 potuit.
1106 676 1150 740 Et
1171 698 1229 761 per

136 796 166 837 se
179 774 321 860 requisiti
335 782 435 840 testes
450 775 478 840 si
492 783 601 840 essent
615 775 656 840 ad
671 776 904 842 confectionem
916 787 1004 843 carte
1018 786 1054 844 et
1068 779 1095 844 si
1110 780 1229 845 scirent

135 876 253 961 quando
278 878 390 943 Abbas
415 878 540 964 positus
565 878 629 943 fuit
654 878 689 943 in
715 879 834 944 saisina
858 880 900 945 de
921 881 1067 967 predicta
1087 893 1174 948 terra
1195 892 1230 948 et

135 983 261 1047 leolatus
276 1006 351 1048 cum
366 982 512 1069 predicta
527 992 621 1061 terra,
637 991 671 1048 et
687 1006 798 1049 omnes
812 993 922 1070 preter
936 993 1001 1049 tres
1016 986 1129 1051 dicunt
1144 987 1230 1073 quod

136 1106 291 1173 nunquam
307 1086 505 1151 audiuerant
520 1085 608 1171 loqui
624 1084 664 1151 de
679 1094 768 1150 carta
788 1085 847 1151 illa
863 1096 1039 1174 antequam
1060 1085 1146 1153 lecta
1167 1090 1231 1154 fuit

133 1188 169 1252 ad
198 1190 396 1266 comitatum,
416 1211 476 1253 nec
497 1188 667 1253 constabat
689 1189 735 1254 eis
756 1198 869 1254 utrum
891 1198 997 1255 ament
1019 1192 1177 1257 nominati
1196 1192 1231 1258 in

133 1300 213 1356 carta
235 1314 337 1357 necne
364 1292 465 1357 donec
489 1292 655 1378 predictus
685 1291 824 1357 Ouidius
849 1293 921 1357 illos
946 1293 1047 1380 peciit
1070 1317 1110 1360 ex
1136 1303 1230 1381 parte

134 1396 260 1479 predicti
283 1394 423 1461 Galfridi
447 1395 532 1481 quod
561 1395 786 1460 testimonium
812 1395 887 1460 inde
914 1397 1130 1483 perhiberent.
1186 1398 1231 1464 Et

133 1500 286 1565 Walterua
307 1499 348 1564 de
368 1500 518 1564 Mortona
538 1499 617 1564 dicit
637 1500 723 1586 quod
748 1500 852 1565 tribus
874 1502 969 1567 annis
990 1511 1067 1567 ante
1091 1512 1230 1568 mortem

135 1601 261 1667 Galfridi
281 1601 376 1667 uenit
397 1601 484 1666 idem
504 1602 669 1667 Walterus
688 1602 776 1688 apud
797 1602 970 1669 Oseneiam
989 1606 1047 1670 ubi
1066 1606 1230 1691 predictus

134 1706 289 1771 Galffidus
304 1705 542 1792 perhendinans
556 1706 620 1772 fuit
634 1714 711 1771 ante
722 1706 904 1792 prandium,
916 1716 951 1772 et
962 1708 1074 1773 Abbas
1088 1709 1231 1774 ostendit

135 1810 162 1874 ei
179 1820 298 1876 cartam
320 1812 508 1897 predictam,
523 1820 557 1876 et
577 1833 651 1876 cum
672 1818 761 1875 carta
780 1810 876 1875 duxit
894 1811 1034 1877 eundem
1051 1812 1230 1878 Walterum

134 1934 230 1977 coram
244 1912 392 1999 predicto
406 1911 552 1977 Galhido
565 1912 623 1998 qui
637 1919 717 1976 tunc
731 1934 861 1997 compos
875 1913 927 1978 sui
941 1913 1005 1978 fuit
1024 1922 1059 1978 et
1078 1914 1231 2000 cognouit

135 2036 232 2079 coram
249 2016 322 2100 ipso
342 2014 429 2100 quod
449 2015 568 2079 fecerat
588 2012 694 2078 eidem
714 2012 839 2078 Abbati
858 2021 980 2079 cartam
999 2014 1177 2098 predictam
1197 2025 1232 2079 et

133 2118 373 2205 diligentissime
397 2118 497 2205 peciit
520 2118 628 2204 ipsum
650 2116 735 2204 quod
756 2117 981 2183 testimonium
1000 2117 1077 2182 inde
1095 2118 1232 2184 ubicun-

132 2243 189 2306 que
213 2221 402 2307 perhiberet
427 2230 462 2286 et
489 2243 595 2286 coram
624 2220 773 2285 omnibus
803 2228 838 2285 et
867 2221 954 2307 quod
982 2243 1023 2286 ex
1052 2229 1144 2307 parte
1173 2244 1234 2289 sua

132 2334 251 2411 rogaret
264 2347 380 2390 omnes
394 2325 514 2390 amicos
528 2324 631 2411 ipsius
651 2324 788 2389 Galiridi
808 2324 895 2411 quod
914 2346 981 2390 una
997 2348 1072 2391 curn
1087 2348 1125 2391 eo
1139 2326 1231 2392 testi—

131 2426 268 2491 monium
291 2426 370 2491 inde
395 2426 611 2512 perhiberent,
636 2425 714 2513 quia
738 2426 860 2491 donum
883 2426 965 2492 illud
989 2426 1020 2491 ei
1043 2427 1121 2492 fecit
1146 2428 1232 2493 bona

131 2528 295 2596 uoluntate
312 2537 420 2594 suaet
435 2528 570 2616 integra

189 2634 232 2698 Et
247 2635 369 2699 Petrus
384 2633 535 2699 Olinerus
550 2643 585 2699 et
600 2633 739 2700 Th0mas
754 2635 784 2700 le
801 2634 893 2701 (llere
910 2635 1025 2700 dicunt
1042 2637 1129 2722 quod
1148 2637 1232 2702 circa

130 2735 246 2801 Pascha
260 2735 369 2802 tribus
383 2737 477 2801 annis
491 2737 608 2824 elapsis
622 2746 699 2803 ante
719 2746 856 2802 mortem
877 2737 979 2824 ipsius
999 2740 1136 2805 Galfridi
1154 2740 1232 2806 fecit

128 2838 208 2918 idern
224 2841 393 2906 Galffidus
406 2840 551 2927 predicto
565 2839 689 2904 Abbati
704 2847 826 2904 castam
840 2840 1020 2925 predictam
1037 2851 1071 2908 et
1088 2843 1231 2930 sigillum

129 2963 218 3007 suum
233 2943 323 3030 quod
338 2965 447 3008 secum
463 2943 583 3008 tulerat
598 2943 704 3008 eidem
719 2952 808 3008 carto
828 2945 980 3029 apposuit
996 2953 1031 3010 et
1047 2946 1137 3010 illam
1155 2947 1232 3012 inde

128 3047 288 3112 roborauit
304 3047 339 3111 in
354 3046 494 3134 quodam
514 3046 652 3132 postico¹
672 3068 770 3132 super
789 3054 942 3112 truncum
961 3047 1019 3113 ubi
1038 3049 1171 3115 sedebat
1189 3051 1232 3115 ad

130 3148 267 3216 hostium
299 3149 468 3215 cuiusdam
497 3150 571 3214 aule
601 3149 636 3214 in
664 3148 813 3214 Abbacia
840 3149 882 3214 de
911 3151 1058 3230 Oseneia,
1086 3161 1121 3217 et
1153 3161 1233 3218 tunc

128 3251 256 3318 fuerunt
271 3261 440 3341 presentes
455 3260 489 3317 et
504 3252 565 3318 hoc
580 3252 734 3318 uiderunt
749 3259 784 3316 et
801 3251 870 3339 ipse
886 3253 1051 3320 Galffidus
1064 3256 1164 3342 peciit
1177 3279 1232 3321 eos

129 3356 210 3442 quod
239 3356 469 3422 testimonium
498 3355 574 3420 inde
603 3355 819 3443 perhiberent.
866 3357 910 3422 Et
935 3358 998 3443 ipsi
1023 3368 1090 3424 tres
1115 3382 1174 3446 per
1197 3382 1232 3426 se

129 3461 274 3546 requisiti
283 3471 396 3527 utrum
406 3483 465 3547 per
474 3469 596 3526 cartam
607 3460 786 3546 predictam
798 3461 906 3547 posuit
918 3461 1057 3527 eundem
1069 3463 1232 3529 Abbatem

129 3563 159 3629 in
183 3567 306 3632 saisina
334 3565 375 3630 de
404 3563 551 3651 predicta
580 3573 667 3630 terra
694 3564 809 3630 dicunt
837 3566 924 3651 quod
953 3566 994 3631 de
1023 3566 1088 3632 alia
1115 3568 1234 3634 saisina

129 3669 312 3734 nescierunt
342 3689 440 3753 quam
469 3676 567 3733 antea
596 3691 671 3733 cum
697 3668 769 3734 aliis
792 3669 990 3734 iuratoribus
1011 3669 1047 3734 in
1069 3672 1233 3737 communi

127 3769 286 3836 dixerunt
333 3771 376 3834 Et
391 3778 460 3834 tam
475 3770 632 3836 iuratores
648 3793 746 3857 quam
761 3779 862 3838 testm
882 3771 1003 3859 quesiti
1021 3773 1050 3838 si
1069 3774 1234 3858 predictus

129 3874 265 3941 Ouidius
280 3875 340 3962 qui
353 3897 420 3939 una
434 3897 508 3940 cum
528 3874 655 3942 duobus
673 3875 850 3940 canonicis¹
869 3877 963 3942 uenit
982 3877 1024 3941 ad
1042 3877 1233 3944 comitatum

129 3977 338 4064 Bnkingham
374 4001 449 4044 oum
485 3987 575 4044 carta
608 3980 754 4065 predicta
786 3981 871 4047 siout
904 3982 1097 4047 senescallus
1132 3983 1234 4068 ipsius

130 4079 290 4159 Galfridi⁸,
304 4081 420 4146 dicunt
434 4080 521 4166 quod
535 4082 692 4160 nesciunt,
707 4091 757 4148 set
771 4083 889 4148 melius
908 4083 1045 4148 credunt
1064 4084 1149 4169 quod
1168 4107 1234 4150 non

129 4183 190 4246 luit
204 4184 401 4249 senescallus
414 4183 516 4270 ipsius
531 4185 668 4251 Galfridi
683 4185 760 4272 quia
779 4187 844 4252 fuit
863 4187 994 4274 quidam
1014 4188 1174 4254 heremita
1192 4189 1233 4254 de

161 4353 352 4469 *muletans
373 4419 420 4470 MS
710 4355 866 4484 oqutqiqply
888 4359 946 4422 suit
978 4361 1126 4410 unewanus
1152 4361 1234 4423 ipatus
