3167 5075
498 412 562 466 An.
588 399 680 476 1227,
703 415 767 464 Aa
793 403 843 464 12.
1160 401 1224 469 673

184 592 227 656 Et
241 591 338 678 Elyes
353 589 433 654 dicit
450 587 537 674 quod
551 587 639 652 idem
660 587 823 652 Robertus
841 596 962 653 cartam
981 589 1072 654 illam
1091 589 1169 656 lccit
1188 597 1224 656 ct

127 703 342 760 tenementum
363 694 445 759 illud
468 693 499 758 ei
521 692 672 758 uendidit
695 701 729 757 et
751 691 899 757 denarios
920 693 1044 780 recepit
1066 703 1101 760 ct
1119 717 1223 759 unum

125 800 346 885 esperuerium‚
366 797 424 881 let
449 796 525 862 talis
545 795 610 860 fuit
634 794 733 860 etatis
752 803 833 860 tunc
853 795 981 882 quando
1002 804 1124 862 cartam
1144 797 1224 862 fecit
1282 794 1342 844 [ἢ]

124 903 203 988 quod
230 902 410 968 secundum
441 901 548 987 legem
578 899 657 963 uille
686 899 726 963 de
757 899 934 964 Dunewico
963 899 1073 986 potuit
1102 908 1222 965 terram

124 1007 256 1072 uendere
286 1015 320 1071 et
350 1006 478 1085 donaro,
501 1014 535 1070 et
564 1002 641 1068 inde
669 1005 763 1089 ponit
792 1027 828 1070 se
857 1027 955 1091 super
983 1003 1132 1070 iuratam.
1176 1001 1325 1087 Etlm
1244 1012 1382 1089 ‚mg

122 1109 276 1174 Robertus
291 1109 405 1174 similit
392 1119 449 1174 ter
1232 1059 1380 1228 {ffiffiffi

179 1213 346 1278 Juratores
361 1211 476 1278 dicunt
491 1211 578 1298 quod
592 1209 981 1277 Robertusnonfuitnisi
995 1233 1046 1278 xv.
1061 1235 1247 1280 annorumu
1248 1235 1325 1273 ιιιιιι

121 1317 242 1404 quando
266 1326 356 1382 carta
377 1317 463 1380 facta
484 1315 548 1380 fuit
570 1323 604 1379 et
626 1315 804 1380 secundum
827 1317 1095 1382 consuetudinem
1121 1316 1219 1382 debet
1231 1281 1354 1368 *emt

121 1420 186 1505 quis
209 1443 278 1485 esse
304 1420 366 1505 xvj.
394 1439 551 1484 annorum
578 1419 704 1484 adhoc
734 1419 821 1505 quod
850 1419 960 1485 ualeat
989 1421 1139 1486 uendicio
1164 1420 1219 1486 uel

119 1523 246 1588 donacio
263 1523 407 1589 alicuius
452 1523 496 1587 Et
518 1521 592 1587 ideo
613 1521 853 1587 consideratum
875 1531 925 1588 est
948 1524 1034 1610 quod
1056 1524 1220 1590 Robertus

119 1636 167 1692 eat
181 1627 257 1692 inde
272 1626 403 1713 quietus
418 1635 453 1691 et
468 1627 567 1712 Elyas
582 1625 617 1690 in
632 1625 852 1692 misericordia
866 1635 927 1692 etc

45 1731 84 1794 00.
176 1727 333 1794 'Jacobus
370 1727 410 1792 de
449 1727 586 1793 Gisneto
620 1729 707 1814 petit
736 1751 851 1794 uersus
881 1730 1084 1796 Willelmum
1114 1731 1219 1797 filium

118 1831 273 1897 Roscelini
288 1831 375 1918 quod
389 1832 578 1896 warentizct
598 1831 630 1897 ei
650 1832 781 1897 feodum
805 1833 882 1899 dim.
902 1834 1018 1900 militis
1040 1855 1116 1900 cum
1135 1845 1219 1922 pert.

116 1933 147 1998 in
170 1931 417 2021 Huntinglenld
442 1933 556 2020 quam⁸
582 1941 675 1999 tenet
701 1933 801 2000 etde
825 1957 863 2000 eo
889 1944 1001 2001 tenere
1025 1937 1153 2013 clamat,
1183 1947 1219 2003 et

115 2039 196 2104 unde
211 2047 334 2104 cartam
350 2059 442 2103 suam
458 2039 568 2116 habet,
584 2038 671 2104 unde
686 2039 773 2104 idem
795 2039 939 2104 Jacobus
961 2039 1111 2126 queritur
1131 2040 1322 2146 q¹¹⁰dll⁰ll⁰
1307 2053 1350 2093 uod

114 2143 255 2230 Rogems
285 2141 326 2206 de
361 2141 625 2258 Huntingeleuld
661 2163 798 2228 persona
832 2142 978 2209 eiusdem
1016 2143 1095 2208 uillc
1131 2144 1338 2232 petitmsslss¹

114 2269 221 2312 uersus
249 2247 358 2335 ipsum
387 2247 429 2332 vj.
459 2245 613 2310 solidatas
639 2245 786 2312 redditus
811 2247 854 2313 de
883 2248 1014 2317 eodem
1027 2256 1216 2313 tenemento
1228 2239 1337 2324 lmbffi

113 2350 233 2416 desicut
263 2349 351 2416 idem
378 2350 562 2415 Willelmus
591 2348 690 2414 debet
719 2359 842 2414 werent
843 2350 927 2415 izare
958 2351 1064 2416 eidem
1094 2332 1301 2427 Jacobondl
1286 2383 1364 2418 ιιιιιιιι

114 2463 212 2520 totam
234 2463 357 2520 terram
379 2454 469 2519 illam
492 2454 579 2518 unda
604 2453 725 2518 detulit
747 2453 847 2518 breue
870 2452 911 2518 de
932 2454 1089 2519 warentia
1110 2475 1167 2542 pro
1189 2478 1257 2520 co
1227 2424 1307 2512 diii
1296 2427 1343 2466 ⁶⁰
1329 2437 1380 2466 ⁰¹¹⁹

113 2562 162 2626 sol.
188 2562 337 2627 redditus
362 2583 442 2646 quos
472 2559 548 2623 inde
573 2558 712 2644 percipit
738 2579 953 2643 perannum.
999 2559 1043 2623 Et
1069 2568 1217 2645 preterca

112 2662 194 2729 idem
217 2664 300 2730 dicit
323 2664 408 2750 quod
431 2664 538 2728 Adam
560 2662 601 2727 de
622 2662 771 2727 Vallibus
791 2661 939 2747 capitalis
959 2663 1109 2728 dominus
1130 2664 1216 2750 petit

112 2768 182 2834 inde
197 2768 279 2834 duos
294 2770 348 2833 sol.
364 2768 517 2833 redditus,
1219 2761 1222 2767 ¹

173 2874 217 2939 Et
245 2872 428 2939 Willelmus
450 2871 543 2936 uenit
566 2879 600 2935 et
623 2870 785 2958 cognoscit
808 2879 929 2935 cartam
952 2892 1043 2937 suam
1074 2883 1108 2938 et
1133 2874 1216 2939 bene

110 2976 196 3043 illam
222 2977 254 3043 ei
280 2976 477 3052 warentiam,
504 2982 538 3039 ct
562 2973 642 3039 dicit
668 2973 755 3059 quod
779 2974 832 3038 in‘
857 2975 971 3040 eodem
998 2985 1087 3042 statu
1115 2978 1217 3065 quod⁸

110 3090 226 3147 terram
249 3079 340 3146 illam
362 3080 470 3145 tenuit
490 3078 579 3143 illam
603 3077 634 3143 ei
656 3076 756 3155 dedit,
779 3086 814 3142 et
836 3087 916 3143 tunc
938 3080 1002 3145 fuit
1024 3082 1159 3146 ecclesia
1180 3082 1215 3146 in

110 3187 224 3252 saisina
246 3186 376 3251 nomine
399 3184 574 3250 elemosine
591 3183 638 3268 ¹de
658 3182 723 3248 illis
745 3183 785 3268 vj.
809 3184 864 3248 sol.
887 3183 1044 3262 redditus,
1058 3186 1107 3249 ita
1128 3186 1215 3271 quod

109 3290 170 3353 duo
184 3290 333 3355 homines
347 3288 403 3374 qui
418 3286 584 3351 redditum
600 3286 694 3350 illum
710 3286 831 3350 debent
851 3286 1009 3351 ettomati
1024 3287 1158 3352 fuerunt
1172 3289 1214 3353 ad

109 3392 307 3459 reddendum
321 3390 486 3455 redditum
501 3389 595 3453 illum
611 3386 751 3453 ecclesie.
789 3388 841 3452 De
853 3388 980 3452 duobus
990 3385 1045 3454 sol.
1057 3390 1214 3468 redditus,

108 3496 287 3583 dicitquod
303 3504 382 3561 tunc
403 3494 558 3580 temporis
578 3493 742 3579 predictus
764 3492 871 3556 Adam
891 3494 1040 3579 capitalis
1063 3494 1213 3560 dominus

107 3597 176 3664 illos
190 3598 323 3685 recepit,
337 3606 372 3662 et
387 3620 425 3661 eo
439 3603 529 3662 statu
545 3618 609 3682 quo
624 3596 696 3660 illos
711 3595 820 3660 tenuit
837 3594 909 3660 illos
923 3595 1066 3662 donauit.

169 3702 215 3767 Et
229 3701 371 3768 Jacobus
386 3701 466 3767 dicit
481 3699 568 3786 quod
582 3700 636 3765 die
656 3720 720 3786 quo
738 3699 885 3787 predicta
902 3709 990 3765 terra
1009 3701 1041 3765 ei
1055 3701 1133 3766 data
1148 3700 1212 3766 fuit

107 3814 256 3873 tenentes
281 3807 443 3894 predictos
467 3807 508 3892 vj.
538 3806 593 3870 sol.
625 3804 772 3869 redditus
801 3827 867 3868 non
894 3804 1028 3869 suerunt
1053 3808 1211 3871 attornati

107 3910 245 3988 ecclesie,
260 3911 361 3975 immo
375 3910 462 3976 idem
478 3909 663 3975 Willelmus
682 3906 825 3974 reddidit
845 3908 1028 3995 predictum
1044 3910 1210 3975 redditum

106 4014 236 4079 ecclesie
251 4036 309 4100 per
323 4034 458 4078 manum
473 4032 573 4077 suam

169 4119 213 4184 Et
228 4118 306 4205 quia
325 4116 540 4183 continetur
532 4138 566 4181 m
587 4124 677 4183 carta
697 4116 782 4203 quod
806 4112 895 4184 idem
916 4116 1100 4184 Willelmus
1118 4118 1210 4185 dedit

137 4252 401 4317 ¹Braoton,.‚t12s
449 4240 871 4305 ksotth1sas²ssnmle

106 4318 149 4368 the
157 4324 258 4370 custom
266 4321 295 4369 ol
303 4295 428 4383 Ipsrri03
445 4334 506 4381 very
513 4316 630 4381 possibly
712 4318 724 4351 ⁸
741 4316 792 4377 Sic,
804 4319 835 4369 A.

106 4382 150 4434 the
159 4385 290 4435 reference
301 4384 396 4435 should
406 4384 438 4435 bs
449 4387 477 4434 to
490 4383 626 4435 Dunwich.
711 4383 723 4415 ⁴
739 4384 820 4433 Om.
809 4399 847 4443 ιιι,
859 4384 889 4434 A.

107 4447 254 4509 SeeTuiss'⁹
264 4450 315 4500 vol.
329 4451 351 4511 1,
366 4464 392 4513 p.
405 4452 445 4502 93.
711 4448 811 4498 ”Gora
823 4464 880 4512 quo.

190 4557 225 4606 Η.
243 4558 291 4607 111.
