3167 5075
265 361 269 414 ,ἐ
384 365 448 435 376
689 382 842 444 τιιιιιιιι,
864 381 927 431 ιο.
953 369 1047 443 1220,
1069 372 1182 433 And.

257 579 260 591 ·
384 560 419 619 ιιι
441 551 643 619 Willelrnum
665 550 706 617 dc
727 552 822 638 Heyc
846 550 885 616 de
907 550 1034 616 roheria
1055 560 1089 617 οι
1110 550 1151 617 de
1173 574 1251 639 pace
1274 554 1370 621 Donn
1393 556 1465 643 Regio

251 663 257 740 ,’
317 680 322 696 ·
384 665 522 731 infracto
544 672 603 730 etc
648 664 694 728 Ει
721 663 786 750 ipsi
815 670 978 728 uenerunt
1006 670 1042 727 οι
1071 663 1286 731 defenderunt
1315 674 1418 732 toturn
1438 666 1466 731 de

384 770 484 834 uerbo
506 768 541 833 in
565 767 712 845 uerbum,
734 775 769 833 οι
791 774 970 853 posuemnt
993 788 1027 833 sc
1053 789 1150 853 super
1171 770 1312 854 patriam
1335 792 1427 845 suan,
1443 779 1467 834 οι

245 868 248 874 ’
381 873 457 938 ideo
479 873 576 938 dotus
597 879 648 937 est
669 871 717 936 cis
738 871 809 936 dies
829 872 866 935 in
887 870 1033 937 aduentu
1055 871 1305 938 irntioiariorum
1327 873 1364 938 in
1384 883 1466 960 parter

384 977 457 1042 illos
478 989 539 1043 etc.
561 999 601 1041 eo
622 975 708 1062 quod
731 983 824 1039 extro,
845 974 985 1061 petriam
1007 975 1096 1041 illam
1119 997 1184 1041 non
1205 983 1314 1061 potest
1336 977 1466 1063 placitum

385 1081 467 1147 illud
481 1080 586 1146 teneri
599 1088 659 1146 etc.
887 1087 889 1091 ’

402 1185 597 1250 Primum
632 1184 800 1271 appellum
836 1190 887 1249 cst
922 1183 958 1247 in
990 1191 1041 1249 rot
1027 1183 1095 1249 tulo
1124 1183 1164 1248 de
1193 1182 1310 1249 itincre
1340 1206 1418 1249 nnnc
1439 1183 1466 1247 R

385 1289 409 1355 J
410 1288 547 1353 ohcnms
567 1296 660 1354 sexto
682 1288 736 1353 uel
756 1287 919 1373 septim0¹

450 1393 624 1460 'Athelino
645 1414 710 1479 quc
733 1392 798 1457 fuit
821 1413 903 1456 uxor
923 1391 1060 1459 Aluredi
1073 1392 1116 1465 le
1131 1392 1251 1458 Sanser
1271 1394 1356 1479 petio
1377 1414 1467 1459 uersrn

385 1496 565 1562 Robertum
585 1495 626 1561 dc
646 1496 679 1561 la
698 1495 753 1560 Pit
739 1503 788 1560 ιιο
808 1495 942 1561 terciam
962 1505 1088 1581 partem
1108 1496 1206 1561 unius
1221 1496 1302 1583 uirg.
1317 1507 1398 1561 terre
1410 1518 1467 1561 cun

385 1609 467 1688 pero.
482 1600 517 1664 in
532 1600 565 1664 la
579 1600 681 1664 Putta
695 1607 733 1663 ut
748 1598 859 1663 dotem
874 1620 967 1663 suem
987 1606 1066 1697 etc
1093 1599 1137 1663 Ει
1159 1598 1321 1665 Βοιοιιιιε
1342 1596 1425 1663 ucnit
1442 1606 1467 1662 ιι

384 1707 466 1772 dicit
480 1704 567 1793 quod
580 1704 707 1769 Leticio
721 1726 802 1768 uxor
816 1702 887 1767 ciue
900 1724 959 1789 per
973 1725 1071 1789 quam
1086 1703 1203 1769 habuit
1218 1712 1336 1769 tenum
1346 1704 1429 1769 illan
1441 1711 1467 1766 ει

384 1832 449 1896 quc
471 1808 639 1874 nominata
659 1814 710 1872 est
732 1806 765 1871 in
787 1804 882 1871 breui
904 1814 1032 1871 mortua
1053 1813 1157 1871 estet
1178 1806 1273 1892 pueri
1294 1806 1344 1872 sui
1365 1806 1466 1871 habent

386 1922 505 1979 terram
520 1914 610 1978 illam
624 1912 673 1977 ite
687 1911 797 1998 quod
787 1934 857 1997 ipsc
871 1910 973 1975 nichil
992 1888 1112 1975 clamat
1131 1911 1209 1997 quia
1228 1910 1321 1997 pueri
1333 1934 1393 1976 non
1406 1923 1467 1975 sunt

385 2017 452 2085 eui¹
473 2024 508 2081 οι
528 2015 592 2102 ipci
613 2015 736 2080 habent
758 2015 999 2081 terramillam.
1044 2014 1262 2100 Etrpschoc
1284 2016 1423 2103 cognouit
1411 2023 1467 2079 tet

385 2120 497 2187 ideo
472 2142 542 2185 ome
561 2119 615 2185 dic
633 2127 669 2183 οι
688 2119 760 2205 ipso
777 2118 945 2205 perquirat
964 2141 999 2185 sc
1020 2140 1134 2183 uersus
1155 2118 1227 2184 illoc
1248 2118 1306 2205 qui
1326 2124 1427 2185 tenent
1445 2114 1466 2178 si

385 2224 534 2291 uoluerit.

453 2326 651 2393 ‘Willclmus
665 2326 751 2392 filius
766 2334 802 2391 οι
815 2325 908 2391 heres
928 2326 995 2391 Eut
981 2324 1065 2413 tropi
1085 2325 1145 2391 filii
1164 2326 1314 2414 Hugonis
1332 2322 1466 2394 attachin-

385 2439 441 2497 tus
455 2431 519 2496 fuit
533 2431 575 2497 od
589 2431 849 2518 respondendum
864 2431 1007 2496 Rober'oc
1022 2430 1089 2495 filio
1103 2440 1139 2495 et
1155 2431 1269 2496 heredi
1284 2429 1416 2497 caufridi
1432 2426 1465 2490 dc

386 2534 573 2623 Bodelcghc
597 2534 638 2600 de
663 2534 783 2621 placito
806 2557 906 2622 quare
930 2559 995 2600 non
1018 2545 1109 2601 tenco
1133 2535 1164 2600 ei
1187 2537 1286 2602 finem
1311 2531 1445 2601 factum
1437 2553 1464 2595 ιιι

384 2639 476 2704 curia
489 2639 589 2725 Regis
603 2639 735 2703 Ricardi
753 2639 843 2704 inter
861 2639 1022 2726 predictos
1042 2640 1224 2725 Eutropum
1244 2648 1279 2704 et
1299 2636 1465 2704 Gaufridum

385 2742 427 2808 dc
457 2742 600 2808 manerio
628 2742 670 2808 de
699 2743 900 2808 Frcsentona
928 2765 1002 2808 cum
1031 2750 1112 2828 pert.
1142 2742 1229 2808 unde
1259 2739 1464 2829 cyrographum

385 2848 508 2913 sactum
523 2848 587 2912 fuit
601 2847 687 2912 inter
702 2869 756 2912 eos
771 2855 840 2925 cic,
856 2846 943 2933 quod
957 2847 1079 2932 profero
1093 2855 1128 2911 et
1143 2846 1229 2933 quod
1244 2855 1384 2922 testatur
1393 2839 1465 2928 quod

385 2951 550 3040 predictus
566 2951 731 3037 Eutropus
744 2949 933 3038 recognouit
948 2957 983 3014 et
1001 2948 1150 3035 quietum
1170 2949 1323 3014 clamauit
1340 2948 1376 3013 dc
1391 2969 1418 3010 ce
1434 2956 1464 3007 οι

385 3056 427 3122 de
456 3055 628 3120 heredibus
656 3054 725 3119 suis
754 3061 863 3120 totum
892 3053 943 3118 ius
969 3061 1004 3118 et
1029 3052 1181 3117 clcmium
1207 3053 1294 3139 quod
1316 3049 1413 3116 hahuit
1433 3046 1464 3109 in

386 3159 531 3245 predicto
552 3157 697 3223 monerio
723 3179 801 3222 cum
831 3164 910 3242 pert.
934 3163 969 3221 οι
998 3177 1056 3241 pro
1085 3155 1146 3220 hac
1175 3156 1289 3242 quicto
1315 3149 1462 3221 clamanda

385 3264 473 3329 idem
499 3262 675 3328 chfridus
694 3261 851 3326 concessit
871 3261 996 3347 prefato
1017 3261 1161 3346 Eutmpo
1180 3268 1216 3326 et
1235 3259 1394 3325 heredibus
1407 3254 1463 3320 suis

381 3367 597 3438 medietatem
617 3365 761 3452 predicte
781 3365 860 3430 uilio
881 3387 956 3430 cum
979 3374 1060 3450 pert.
1075 3365 1250 3430 tenendam
1271 3365 1312 3431 de
1332 3387 1367 3430 co
1384 3369 1411 3426 οι
1425 3359 1461 3422 do

386 3471 559 3536 heredibus
573 3468 641 3535 suis
655 3492 714 3556 per
727 3469 902 3534 seruicium
916 3469 1044 3534 dimidii
1059 3469 1173 3534 militis
1187 3491 1245 3555 pro
1260 3469 1344 3534 omni
1353 3463 1462 3532 oeruicio

385 3584 456 3653 etc,
471 3575 557 3638 unde
575 3574 663 3638 idom
683 3573 845 3638 Robertus
868 3573 1011 3638 ostendit
1032 3572 1119 3658 quod
1140 3595 1205 3638 non
1227 3581 1318 3639 tenet
1337 3571 1365 3637 ei
1383 3569 1459 3634 finem

385 3677 480 3741 illum
494 3676 572 3763 quia
584 3675 654 3762 ipsc
668 3677 796 3741 nullum
811 3675 983 3740 seruicium
997 3675 1030 3740 ci
1044 3674 1129 3740 facih

452 3781 496 3846 Ει
513 3781 697 3846 Willclmuo
716 3781 811 3846 uenit
830 3788 866 3846 eh
887 3780 1050 3867 cognoscit
1070 3780 1170 3845 finem
1191 3789 1228 3847 et
1249 3777 1457 3867 cyrographum.

386 3893 436 3950 set
456 3884 536 3950 dicio
556 3884 642 3971 quod
661 3909 725 3950 non
746 3892 854 3972 potest
873 3885 972 3950 finem
992 3885 1086 3949 illum
1106 3893 1227 3962 tenere,
1241 3885 1317 3971 quio
1333 3884 1391 3969 ipse
1406 3897 1457 3942 non

386 3998 479 4055 tenet
502 3999 621 4056 terram
645 3989 735 4054 illam
758 3989 794 4054 in
817 3988 976 4054 dominico
999 4011 1059 4054 nec
1080 3987 1115 4054 in
1135 3989 1277 4066 seruicio,
1296 3987 1365 4074 quia
1382 3988 1455 4069 pater

386 4115 464 4158 suus
492 4102 611 4158 terram
641 4093 730 4157 illam
760 4092 853 4158 dedit
876 4092 1005 4157 cuidam
1036 4091 1198 4158 Willelmo
1227 4092 1267 4157 de
1289 4081 1454 4156 Bmhomin

419 4278 531 4328 1Αιοιιι
542 4281 629 4331 fifteen
640 4295 715 4345 years
726 4295 783 4344 ogo.
964 4283 1012 4330 not
1023 4279 1066 4330 hic
1076 4279 1201 4332 children.

419 4344 604 4396 ²A.m.17d.
995 4344 1336 4406 ⁴A.m.17d;B.nr.1L

418 4409 429 4442 ³
446 4409 518 4472 They
529 4425 573 4460 cre
583 4409 626 4460 hic
636 4410 716 4462 wife’s
727 4411 852 4472 children,
865 4411 910 4461 but
