3167 5075
368 359 432 422 446
601 366 835 430 nicnnnnnrs,
857 366 921 418 nn.
947 355 1041 431 1222,
1064 368 1125 417 aa
1150 352 1244 420 6—7.

366 546 436 611 siue
463 544 649 630 personium
675 544 775 608 fuerit
804 544 875 609 siue
904 543 994 621 non¹,
1018 552 1053 608 et
1081 552 1230 629 preterea
1258 542 1359 630 exigit
1384 544 1451 630 quod

366 650 485 715 habere
507 650 609 735 possit
630 648 795 714 decimum
817 648 938 713 animal
959 648 996 712 in
1017 656 1152 734 pastura
1171 648 1234 726 illa,
1249 656 1286 712 et
1303 648 1361 713 hoo
1378 649 1453 713 offert

365 755 501 841 probare
517 757 576 819 etc
926 816 931 827 ,

432 858 476 921 Et
490 858 673 922 Herbertus
688 856 748 921 hoc
763 856 910 921 defendit
923 854 987 921 niei
1003 864 1133 921 tantum
1148 856 1189 921 de
1203 856 1372 943 pannagio,
1384 856 1453 920 unde

365 960 446 1027 dicit
472 961 560 1047 quod
589 962 708 1027 habere
738 961 838 1026 debet
866 960 1030 1025 decimum
1058 960 1237 1038 denarium,
1267 970 1304 1026 et
1331 970 1455 1048 preterca

366 1065 446 1132 dicit
461 1066 548 1152 quod
564 1065 686 1131 iudices
700 1065 751 1129 sni
766 1085 934 1150 nunquam
949 1072 1024 1149 post
1036 1064 1292 1151 prohibicionem
1302 1066 1455 1131 uoluemnt

366 1170 538 1257 procedere
553 1170 589 1234 in
603 1192 701 1234 causa
715 1169 780 1233 illa

432 1275 476 1339 Et
500 1274 592 1339 Prior
616 1274 657 1338 de
681 1272 907 1338 Ambresbiria
931 1272 1132 1339 attacbiatua
1154 1272 1196 1338 ad
1220 1272 1455 1357 respondendnm

368 1402 471 1465 qnare
495 1387 608 1443 contra
632 1378 887 1465 prohibicionem
911 1386 971 1442 etc.
996 1377 1105 1443 tenuit
1127 1378 1215 1443 idem
1238 1377 1391 1464 placitum
1411 1386 1456 1441 etc

367 1482 412 1547 Et
426 1482 517 1546 Prior
531 1481 624 1546 uenit
639 1489 674 1545 et
688 1479 836 1546 defendit
850 1488 962 1544 contra
977 1502 1053 1545 enm
1069 1488 1103 1545 et
1118 1488 1231 1545 contra
1240 1488 1362 1544 sectam
1375 1502 1455 1553 suan,

366 1584 454 1671 quod
473 1605 642 1669 nunquam
661 1592 736 1670 poet
753 1582 1008 1670 prohibicionem
1030 1583 1140 1647 tenuit
1160 1584 1319 1668 placitum
1340 1584 1413 1649 sslud
1431 1594 1455 1645 ct

367 1687 428 1752 hoc
447 1686 541 1751 offert
560 1686 734 1752 defendere
753 1686 839 1752 sicut
860 1686 950 1751 curia
968 1686 1230 1762 considerauerit,
1245 1695 1281 1751 et
1295 1684 1454 1771 dicitquod

367 1812 433 1854 non
447 1791 523 1855 nult
537 1799 648 1855 tenere
663 1790 704 1854 de
719 1796 827 1853 cetero
842 1786 1001 1874 placitum
1015 1788 1107 1866 illud,
1118 1799 1153 1853 et
1166 1789 1240 1854 ideo
1254 1790 1324 1855 eine
1339 1788 1388 1854 die
1400 1800 1447 1852 etc.

434 1893 478 1959 Et
494 1894 677 1959 Herbertue
688 1893 769 1958 dicit
780 1892 867 1980 quod
878 1893 919 1958 de
930 1894 1092 1979 pannagio
1103 1895 1178 1959 nult
1189 1904 1300 1979 petere
1312 1894 1457 1966 deciman,

369 1998 439 2063 eine
460 2018 598 2083 peseona
618 1996 719 2062 fuerit
739 1997 811 2062 siue
833 2018 908 2074 non,
929 2020 990 2062 neo
1009 1998 1084 2062 uult
1103 1995 1136 2061 in
1157 1998 1248 2063 curia
1267 1998 1360 2064 Doni
1377 1998 1457 2083 Regis

369 2102 446 2167 inde
461 2101 654 2187 reepondere
670 2099 748 2185 quia
762 2100 921 2185 placitum
936 2108 987 2165 eet
1000 2099 1041 2164 de
1057 2099 1198 2165 decimin.

436 2208 480 2271 Et
495 2206 612 2272 Comes
626 2204 707 2269 dicit
721 2204 808 2290 qnod
823 2202 1023 2291 pannagium
1038 2204 1120 2269 illud
1132 2213 1182 2269 est
1194 2204 1342 2270 redditur
1352 2205 1458 2275 amisus

370 2319 405 2377 et
434 2311 589 2397 quicquid
617 2310 786 2397 contingat
816 2310 857 2374 de
888 2332 1024 2395 pessona
1049 2311 1147 2375 debet
1171 2311 1291 2377 habere
1315 2311 1457 2376 redditum

370 2414 463 2478 illum
478 2413 565 2478 unde
580 2412 795 2478 deterioratur
811 2421 861 2478 est
876 2412 960 2477 sicut
975 2414 1065 2499 prius
1080 2414 1164 2479 dixit
1179 2424 1240 2479 etc.

435 2517 513 2583 Poet
536 2518 631 2583 uenit
654 2517 839 2582 Herbertus
863 2524 898 2583 et
922 2517 1001 2583 dicit
1025 2518 1111 2604 quod
1140 2541 1205 2583 non
1235 2520 1311 2584 uult
1340 2518 1460 2605 amplius

370 2623 463 2708 sequi
477 2623 518 2687 de
533 2623 702 2709 pannagio.
748 2623 792 2687 Et
808 2621 881 2687 ideo
896 2621 965 2688 sine
979 2622 1033 2687 die
1048 2644 1142 2708 prece
1157 2623 1347 2709 querentis!

238 2733 333 2797 1562.
436 2725 517 2789 Dies
548 2724 645 2789 datus
674 2733 726 2790 est
754 2724 898 2789 Jordano
927 2725 1109 2789 Forestario
1137 2725 1265 2811 petenti
1294 2735 1329 2790 et
1357 2725 1461 2790 Abbati

251 2833 322 2872 Μ
371 2827 413 2893 de
437 2828 603 2894 certeseia
624 2828 753 2892 tenenti
772 2828 814 2892 de
834 2828 996 2893 audiendo
1016 2827 1135 2893 indicio
1155 2851 1214 2894 suo
1233 2853 1254 2894 a
1274 2830 1333 2894 tali
1351 2829 1402 2894 die
1414 2839 1462 2894 etc.

209 2965 324 3013 nmen
371 2954 430 3018 per
454 2941 646 3018 preceptum
675 2932 935 2998 iusticiariorum.
991 2933 1034 2996 Et
1058 2931 1224 2997 sciendum
1249 2934 1336 3020 quod
1358 2933 1463 2998 defalta

209 3012 356 3098 iiiiubfflh
372 3056 470 3121 quam
499 3035 586 3099 idem
612 3034 775 3099 Jordanus
801 3033 901 3120 peciit
930 3035 992 3100 eibi
1018 3035 1157 3115 allecem,
1182 3057 1245 3122 que
1272 3037 1343 3101 fieri
1367 3036 1463 3102 debuit

209 3106 330 3239 ἓξὲξ
372 3163 478 3205 oorarn
507 3138 693 3204 iusticiariis
721 3139 839 3203 ultimo
868 3138 1106 3217 itinerantibus,
1136 3139 1323 3205 adjudicata
1355 3150 1403 3206 est
1431 3139 1464 3203 ad

209 3247 271 3287 (ΠΜ
371 3242 496 3306 nullam
515 3264 573 3327 per
587 3241 648 3306 hoc
662 3240 750 3326 quod
764 3241 828 3327 ipsi
843 3240 1014 3305 iusticiarii
1033 3241 1193 3306 incertum
1213 3239 1301 3307 diem
1321 3243 1464 3310 dederunt

372 3354 433 3412 etc.

242 3456 334 3520 1563.
437 3450 461 3514 J
461 3457 556 3514 urata
567 3450 659 3514 uenit
670 3449 876 3534 recognitura
887 3472 926 3514 ex
939 3472 1094 3514 consensu
1106 3449 1251 3537 parcium
1262 3453 1290 3516 si
1300 3452 1466 3517 willelmus

257 3557 315 3597 ΗΜ
371 3553 413 3618 de
428 3552 564 3617 Promus
579 3559 674 3638 petor
688 3553 805 3615 Emme
821 3552 929 3616 uxoris
944 3551 1072 3616 Albin?
1086 3552 1127 3617 de
1148 3553 1324 3641 Stepinges
1339 3565 1374 3619 et
1389 3553 1466 3619 Sane

371 3656 480 3723 uxoris
501 3657 660 3722 Johannis
682 3657 723 3722 de
746 3656 941 3742 Staneleeby
961 3664 995 3722 et
1015 3657 1119 3723 Alioie
1140 3657 1249 3722 uxoris
1270 3657 1423 3723 Willelmi
1435 3655 1467 3718 de

372 3763 483 3850 Ileeby
496 3762 549 3826 die
564 3785 628 3849 quo
641 3763 706 3827 iter
719 3785 816 3827 sunm
830 3762 968 3849 arripuit
982 3783 1096 3828 uentus
1110 3771 1229 3828 terram
1241 3762 1467 3829 Jemsolomin

371 3891 448 3933 nam
462 3867 498 3932 in
512 3889 576 3953 quo
590 3866 707 3932 itinere
722 3867 804 3933 obiit
818 3877 858 3932 ut
872 3866 992 3932 dicitur
1006 3867 1070 3932 fuit
1081 3867 1211 3932 scisitus
1224 3867 1267 3932 de
1282 3891 1351 3934 una
1363 3869 1469 3932 bonate

372 3981 408 4037 et
436 3995 465 4037 x.
489 3970 572 4035 acris
601 3979 686 4034 terre
715 3993 790 4035 cnm
815 3957 894 4056 pert.
919 3971 954 4034 in
979 3971 1129 4056 Braytoft
1153 3978 1214 4036 eto.
1239 3993 1340 4056 quam
1365 3981 1468 4036 tamn

407 4187 417 4220 ¹
433 4186 490 4236 The
511 4186 597 4236 Earlb
618 4189 725 4236 tonante
747 4187 780 4246 by
803 4199 857 4249 way
877 4187 906 4236 of
987 4187 1050 4236 'Ar
1067 4189 1095 4236 to
1110 4183 1271 4248 prohibition
1288 4185 1317 4237 in
1334 4187 1469 4238 titheem

374 4267 494 4315 pernego
499 4267 551 4315 pay
559 4267 593 4301 an
602 4252 718 4302 anemaed
725 4251 903 4302 rcntwhether
955 4267 996 4302 ece
1007 4252 1051 4300 Br.
1063 4251 1082 4300 f.
1094 4253 1150 4303 40⁷.

376 4317 448 4367 there
470 4317 501 4366 be
522 4321 592 4368 mast
613 4333 642 4366 or
661 4332 704 4378 no,
722 4317 776 4368 and
792 4317 903 4368 Herbert
986 4317 1054 4366 ³He
1066 4317 1182 4366 beoomee
1194 4318 1416 4369 Amttnaubelov.

375 4381 502 4432 demands
513 4382 579 4432 tithe
591 4384 618 4432 oi
629 4381 683 4432 thie
694 4388 760 4433 rent.
