3167 5075
354 405 416 467 114
664 420 802 482 nssrsn,
824 421 889 472 sn.
914 407 1007 484 1225,
1029 422 1093 472 su
1116 408 1144 473 9.

353 598 487 655 monent
508 592 543 656 in
565 592 761 679 Episcopatu
787 593 1025 658 Dunholmensi
1048 593 1133 657 infra
1158 592 1343 658 libertatem
1367 592 1457 655 Dom

354 694 606 762 Dunholmensis
624 698 682 763 ubi
701 721 835 764 manum
856 721 920 763 non
940 698 1075 785 apponit
1095 706 1130 762 et
1151 719 1217 762 non
1238 696 1362 761 habent
1382 694 1458 759 alibi

354 807 473 864 terram
503 808 562 866 eto.
622 800 666 866 Et
695 801 768 868 ideo
798 803 989 868 mandatum
1020 809 1070 867 est
1100 801 1194 867 Dom.
1224 797 1458 865 Dunholmensi

355 902 512 991 Episcopo
527 904 613 991 quod
633 904 807 994 distringat
827 929 882 972 eos
903 930 961 993 per
983 915 1085 972 terras
1107 913 1142 970 et
1161 906 1279 971 catalla
1297 927 1358 970 sua
1376 902 1458 990 quod

354 1008 420 1073 sint
435 1017 495 1073 eto.
510 1008 569 1073 tali
584 1008 637 1075 die
653 1019 713 1077 etc.
727 1010 769 1077 sd
789 1010 1064 1076 warantizandum
1084 1019 1144 1075 etc.
1161 1010 1215 1075 uel
1234 1009 1276 1075 sd
1296 1030 1459 1095 rocognos-

354 1112 492 1177 oendum
515 1122 574 1178 etc.
590 1114 667 1200 quia
686 1114 848 1179 dedimus¹
862 1114 897 1179 in
912 1114 1074 1179 mandatis
1093 1112 1277 1177 nioecomiti
1297 1112 1458 1176 Norhum·

353 1214 422 1281 brie
437 1216 522 1301 quod
537 1226 755 1282 summoueret
771 1240 825 1281 eos
836 1226 869 1281 et
882 1224 1016 1282 manent
1026 1218 1111 1282 iufra
1121 1216 1307 1281 libertatem
1319 1225 1458 1281 uestram

353 1327 392 1385 ut
407 1320 576 1385 mandauit
591 1329 701 1387 eontra
716 1344 814 1408 quam
829 1322 941 1388 uenire
956 1322 1107 1387 nolumus
1122 1321 1207 1386 sicut
1222 1344 1281 1386 nec
1295 1320 1456 1386 debemus

222 1430 315 1500 1097,
419 1424 591 1490 'Ricardus
605 1426 646 1490 do
662 1426 837 1491 Beuerlaco
852 1434 886 1491 et
901 1426 1077 1491 Helewisia
1091 1448 1171 1491 uxor
1185 1426 1255 1491 eius
1266 1426 1407 1491 Thomas
1422 1424 1458 1489 de

238 1534 300 1573 3101·
355 1528 458 1593 Molsa
472 1536 506 1593 et
521 1530 681 1595 Mazelina
699 1552 780 1594 uxor
800 1530 870 1595 eius
889 1530 1079 1595 summoniti
1099 1532 1232 1595 fuerunt
1252 1529 1293 1595 ad
1313 1529 1459 1595 waranti-

354 1632 491 1698 zandum
519 1633 643 1698 Abbati
668 1632 709 1698 de
735 1633 839 1697 Melsa
861 1655 961 1697 unam
987 1654 1089 1697 carue.
1114 1641 1199 1697 terro
1222 1654 1297 1696 cum
1322 1639 1404 1717 pert
1428 1630 1461 1694 in

354 1736 486 1823 Drengo
501 1758 599 1822 quam
614 1744 706 1802 tenet
721 1744 755 1801 et
775 1736 816 1801 de
836 1736 883 1802 eis
903 1745 1014 1802 tenere
1034 1737 1154 1802 clamat
1175 1747 1210 1801 et
1231 1737 1319 1802 unde
1340 1746 1460 1801 cartam

354 1842 476 1907 Thome
502 1840 543 1906 de
569 1842 723 1929 Drengho
746 1842 849 1928 patris
874 1842 1018 1928 ipsarum
1045 1841 1219 1907 Helewisie
1246 1851 1281 1907 et
1304 1841 1461 1906 Mazeline

355 1948 447 2013 cuius
470 1947 604 2013 heredes
627 1947 696 2033 ipse
721 1956 799 2012 sunt
825 1948 925 2012 hahet
949 1955 988 2011 ut
1013 1947 1102 2024 dicit,
1126 1947 1212 2013 unde
1238 1947 1326 2013 idem
1352 1946 1462 2010 Abhas

354 2052 476 2137 profert
491 2058 613 2115 cartam
629 2049 774 2115 eiusdem
794 2050 918 2115 Thome
938 2072 1001 2136 que
1021 2050 1143 2115 donum
1163 2048 1246 2114 illud
1266 2056 1410 2113 testatur
1430 2054 1462 2112 et

356 2154 442 2219 unde
458 2154 605 2240 queritur
619 2153 704 2239 quod
719 2154 807 2219 idem
823 2154 981 2219 Ricardus
995 2163 1030 2219 et
1044 2154 1102 2219 alii
1113 2162 1225 2219 contra
1235 2162 1356 2218 canam
1373 2153 1461 2217 illam

355 2266 518 2344 pauerunt
533 2281 636 2323 unum
651 2267 781 2344 pratum
797 2258 838 2324 de
853 2258 966 2324 eadem
986 2267 1072 2325 terra
1086 2282 1161 2324 cum
1175 2258 1283 2324 warda
1296 2259 1384 2324 facta
1398 2257 1461 2323 scil.

355 2367 437 2432 illud
467 2376 596 2453 pratum
626 2368 713 2454 quod
742 2375 879 2433 uocatur
912 2368 1072 2456 Grittinge
1104 2376 1139 2434 et
1172 2390 1237 2433 non
1266 2368 1463 2455 permittunt

356 2472 494 2535 eundem
521 2472 685 2538 Abbatem
710 2481 842 2560 pratum
866 2472 947 2539 illud
973 2471 1151 2539 custodiro⁸
1172 2495 1232 2538 neo
1257 2473 1361 2539 facere
1388 2471 1463 2538 inde

356 2577 559 2642 commodum
575 2599 670 2642 suum
691 2578 869 2643 seeundum
890 2577 977 2664 quod
996 2578 1182 2643 continetur
1195 2577 1230 2643 in
1245 2585 1335 2642 carta
1348 2577 1416 2655 illa,
1431 2586 1464 2640 et

356 2681 502 2747 homines
517 2705 591 2747 suos
605 2681 779 2747 uerberant
795 2689 829 2747 et
850 2681 1012 2769 quendam
1032 2681 1150 2747 bouem
1165 2704 1261 2747 snum
1276 2681 1464 2747 occiderunt

356 2809 413 2873 per
428 2809 491 2872 que
506 2786 720 2851 deterioratos
735 2795 785 2852 est
801 2794 835 2851 et
854 2785 1033 2873 dampnum
1055 2787 1155 2853 hahet
1174 2787 1217 2853 ad
1237 2786 1419 2852 usleneiam
1440 2808 1464 2850 e

356 2893 410 2957 sol.
427 2901 462 2957 et
475 2891 552 2956 inde
568 2892 716 2978 producit
732 2900 860 2957 sectam

422 2997 466 3060 Et
486 2996 641 3060 Ricardus
661 3005 695 3060 et
716 2996 855 3060 Thomas
877 3018 935 3082 pro
956 3017 991 3062 se
1013 3005 1048 3060 et
1069 2996 1223 3060 uxoribus
1242 2995 1309 3060 suis
1327 3015 1466 3081 quarum
1560 3052 1561 3079 p

356 3101 425 3167 loco
447 3108 506 3166 etc.
530 3101 668 3165 ueniunt
690 3107 724 3165 et
747 3099 959 3186 cognoscunt⁴
981 3099 1118 3185 predicti
1139 3100 1263 3165 Thome
1285 3107 1320 3164 et
1342 3098 1466 3164 donum
1560 3082 1561 3139 1

356 3229 452 3272 suum
468 3214 502 3272 et
517 3206 599 3270 bene
610 3205 699 3269 illam
711 3203 923 3268 warentizant
934 3212 969 3268 et
979 3204 1129 3269 similiter
1139 3204 1321 3290 predictum
1333 3212 1468 3289 pratum
1560 3228 1561 3297 ξ

357 3320 392 3376 01
420 3312 503 3377 bene
533 3310 711 3377 defendunt
741 3330 836 3373 omne
866 3307 1137 3394 impedimentum
1164 3309 1204 3374 de
1228 3315 1322 3394 prato
1347 3307 1408 3373 1110
1434 3316 1468 3371 et

357 3415 618 3481 uerberaoionem
641 3411 811 3477 hominum
835 3421 870 3477 et
893 3413 1084 3478 occisionem
1107 3414 1201 3479 bouis
1222 3427 1257 3478 et
1282 3412 1469 3500 predictum
1560 3478 1561 3481 ,

356 3519 535 3606 dompnum
561 3541 585 3583 o.
609 3518 663 3583 sol.
688 3526 723 3582 et
749 3525 857 3582 totum
886 3526 956 3597 etc,
980 3526 1030 3584 set
1060 3541 1175 3584 uerum
1204 3519 1321 3584 nolunt
1349 3518 1468 3583 dicere.
1560 3504 1561 3549 3

356 3624 432 3710 Ipse
465 3623 627 3688 occasione
663 3621 752 3686 illius
789 3622 877 3707 prati
913 3623 988 3687 uult
1017 3623 1181 3688 attrahere
1210 3622 1273 3687 sibi
1302 3622 1471 3708 quandam

355 3737 522 3815 pasturam
536 3727 630 3792 iuxta
643 3734 774 3812 pratum
789 3726 872 3791 illud
882 3725 923 3792 de
935 3749 1176 3814 quanunquam
1185 3727 1302 3794 hahuit
1313 3727 1471 3794 saisinam

357 3856 416 3898 nec
442 3841 492 3897 est
516 3831 557 3896 de
583 3832 640 3897 illa
665 3840 816 3898 carucata
842 3840 927 3897 terre
954 3855 1014 3898 nec
1042 3832 1085 3898 ad
1114 3832 1204 3898 illam
1233 3833 1379 3919 pertinet
1409 3855 1472 3898 nec

357 3960 500 4024 unquam
516 3936 645 4002 seisitus
660 3937 725 4002 fuit
740 3945 774 4002 et
788 3937 865 4002 inde
880 3948 1008 4024 ponunt
1022 3961 1056 4004 se
1072 3961 1169 4024 super
1182 3938 1330 4024 patriam

422 4041 467 4106 Et
496 4040 607 4106 Abbas
636 4040 716 4107 dicit
745 4042 832 4128 quod
861 4051 996 4128 pastura
1024 4041 1083 4107 illa
1117 4042 1261 4128 pertinet
1296 4040 1339 4107 ad
1376 4042 1472 4108 illam

391 4275 400 4309 ¹
419 4275 469 4327 Sic.
936 4290 965 4326 as
987 4278 1015 4326 to
1033 4274 1148 4325 whether
1166 4287 1288 4324 common
1310 4274 1340 4323 01
1360 4277 1474 4337 pastura
1560 4278 1561 4325 1

390 4343 401 4375 ⁹
419 4341 465 4392 Sao
482 4339 578 4389 (thron.
596 4338 627 4388 ds
643 4339 733 4398 Moles,
751 4339 801 4390 vol.
820 4341 844 4399 2,
858 4355 883 4404 p.
935 4356 988 4391 was
999 4344 1175 4404 oppurtensnt
1186 4345 1213 4391 to
1225 4339 1280 4389 this
1290 4339 1420 4390 mondow.

358 4407 519 4458 notorious
530 4404 684 4467 concaming
696 4403 827 4455 thisosse.
968 4406 1094 4470 ‘supply
1105 4413 1209 4456 camna

390 4473 444 4522 ⁸1t
460 4485 542 4522 seems
559 4485 588 4520 as
605 4469 686 4520 111110
704 4469 807 4532 disputo
821 4484 886 4521 uero
