3167 5075
285 400 418 449 srmrr
439 400 513 449 sun
535 400 674 463 msrnr,
695 400 759 450 sn.
784 387 877 461 1221,
899 401 964 453 ns.
987 390 1020 457 5.
1135 390 1200 457 437

61 576 83 638 7.
168 571 338 636 ¹Henricus
363 570 405 636 de
429 572 593 636 Boultons
618 571 741 657 optulit
763 593 798 636 se
821 592 934 637 uersus
957 570 1137 637 Robertum
1155 572 1202 639 'de
1255 579 1318 621 Μ·

112 673 210 737 Gresle
231 673 272 737 de
286 674 407 759 placito
421 674 509 760 quod
523 682 609 739 esset
623 696 834 759 responsurus
854 673 895 739 de
915 674 1028 739 diuisis
1047 675 1201 741 faciendis

110 778 186 841 inter
208 786 328 842 terram
352 778 457 864 ipsius
486 778 624 843 Henrici
649 778 685 842 in
710 778 832 843 Etonn'
856 787 891 843 et
916 787 1036 843 terram
1062 778 1202 865 predicti

110 882 231 946 Roberti
244 882 280 947 in
294 882 472 947 Horewico.

153 973 206 1049 ⁴Ilt
232 1008 331 1071 super
358 986 419 1051 hoc
447 987 542 1051 uenit
564 986 770 1051 Theobcldus
792 984 933 1051 Autein⁸
955 994 989 1050 et
1011 985 1200 1071 dicitquod

108 1089 138 1153 in
150 1090 301 1155 comitatu
316 1091 372 1155 illo
386 1091 479 1155 nulla
492 1090 557 1155 suit
572 1092 659 1155 fecta
676 1089 888 1154 summonicio
907 1097 943 1156 et
963 1090 1124 1157 Henricus
1139 1090 1200 1157 hoc

109 1195 254 1281 cognonit.

163 1296 205 1361 Et
227 1296 302 1361 ideo
325 1305 515 1383 preceptum
536 1304 589 1361 est
609 1295 795 1361 uicecomiti
816 1296 903 1382 quod
924 1296 1102 1362 secundum
1125 1320 1202 1363 con-

108 1399 303 1465 suetudinem
316 1400 410 1487 regni
424 1407 537 1464 teneat
552 1398 587 1463 in
607 1400 766 1464 comitatu
785 1422 845 1463 suo
865 1400 1026 1485 loquelam
1041 1408 1075 1463 et
1090 1400 1202 1465 modo⁴

106 1513 260 1569 remaneat
275 1527 316 1569 ea
329 1504 495 1569 occasione
510 1503 597 1589 quod
611 1504 718 1589 posits
732 1503 797 1567 fuit
808 1525 866 1589 per
875 1514 1066 1590 preceptum
1077 1504 1202 1573 domini

107 1608 195 1695 Regis
218 1609 309 1695 apud
329 1608 667 1684 westmonasterium,
689 1608 832 1673 ⁶nullam
857 1608 1095 1675 districtionem
1123 1609 1200 1675 inde

107 1714 194 1777 iacnt
215 1714 294 1779 etc.⁶

60 1820 79 1883 t
162 1815 323 1883 'Andreas
348 1818 436 1883 filius
464 1818 595 1883 Radulfi
626 1818 668 1885 de
691 1818 820 1906 Thorpe
850 1821 995 1906 appellnt
1023 1820 1200 1887 Ricardum
1270 1844 1295 1873 or

105 1919 139 1983 dc
152 1920 281 2005 Rytons
296 1921 337 1985 de
356 1921 495 2007 Salops'⁷
510 1921 598 2007 quod
617 1922 716 1987 simul
731 1945 807 1987 cum
822 1923 964 2010 Hugone
979 1924 1078 1989 fratre
1093 1946 1151 1989 suo
1166 1932 1202 1989 et

105 2023 207 2110 Regin’
228 2023 335 2089 filius⁸
354 2024 425 2089 eius
446 2024 542 2089 uenit
564 2024 607 2090 ed
628 2024 761 2090 domum
784 2026 924 2111 predicti
946 2026 1077 2091 Redulfi
1098 2026 1202 2113 petris

105 2128 149 2190 sui
169 2128 257 2213 apud
276 2128 407 2214 Thorpe
429 2136 464 2193 et
487 2128 589 2214 peciit
609 2129 653 2193 ab
675 2152 713 2194 eo
738 2130 904 2195 redditum
927 2154 1000 2196 xxx.
1025 2131 1080 2196 sol.
1103 2153 1202 2217 quem

105 2230 182 2295 idem
196 2231 314 2295 debuit
329 2230 370 2295 dc
384 2232 555 2319 arreragiis
569 2233 718 2298 redditus
733 2233 774 2298 de
789 2242 978 2298 tenemento
997 2234 1082 2319 quod
1103 2235 1144 2300 de
1164 2258 1203 2299 eo

104 2336 203 2399 tenuit
227 2335 263 2400 in
291 2336 353 2400 tsli
381 2335 463 2401 uilla
491 2344 562 2413 etc,
591 2346 627 2401 et
656 2337 734 2423 quia
762 2336 876 2401 statim
906 2359 971 2401 non
1000 2338 1142 2404 reddidit
1171 2340 1201 2405 ei

104 2439 241 2507 denarios
255 2442 340 2518 illos,
354 2441 500 2527 precepit
514 2444 584 2527 ipse
599 2442 754 2527 predictis
769 2442 905 2528 Hugoni
920 2450 954 2506 et
968 2442 1150 2529 Reginnldo
1163 2452 1204 2510 ut

105 2566 171 2608 eum
185 2544 379 2622 occiderent,
390 2544 439 2609 ita
449 2544 536 2631 quod
547 2545 613 2612 cito
623 2544 798 2630 postmisit
808 2545 878 2630 ipse
886 2544 1016 2610 eosdem
1027 2547 1203 2633 Hugonem

105 2655 134 2712 et
141 2649 362 2737 Reginsldum
373 2649 415 2714 nd
424 2649 558 2714 domum
569 2673 662 2714 susm
673 2650 761 2736 apud
773 2650 878 2736 'Prope
890 2658 925 2714 et
934 2673 992 2736 per
1002 2651 1204 2718 missionem⁹

105 2752 229 2820 simet
258 2777 321 2841 per
343 2762 534 2840 preceptum
562 2755 716 2841 nequiter
740 2763 776 2820 et
805 2754 840 2818 in
869 2755 988 2820 felonis
1017 2757 1205 2823 occiderunt

104 2865 222 2941 patrem
241 2880 352 2934 snum,
366 2867 401 2923 et
420 2859 482 2923 hoc
501 2857 588 2922 uidit
604 2858 674 2944 ipse
697 2866 734 2923 et
756 2858 887 2924 audiuit
904 2859 963 2924 ubi
985 2861 1131 2947 precepit
1150 2884 1205 2927 eos

104 2969 138 3023 ut
157 2971 285 3047 patrem
308 2983 406 3025 suurn
427 2960 621 3039 occiderent,
642 2969 678 3027 et
700 2961 762 3027 hoc
785 2962 881 3027 offert
901 2962 1120 3030 disrecionsre
1145 2986 1205 3051 per

104 3087 210 3152 eorpus
223 3088 324 3131 suum
340 3073 400 3130 eto.

161 3171 205 3236 Et
219 3170 382 3236 Ricardus
396 3169 491 3234 uenit
503 3178 540 3235 et
556 3170 703 3235 defendit
716 3193 831 3256 pacem
850 3170 945 3237 Dom.
965 3173 1065 3260 Regis
1084 3179 1155 3250 etc,
1170 3180 1206 3238 et

103 3276 283 3342 missionem
308 3283 344 3340 et
366 3275 538 3340 consilium
564 3284 599 3340 et
622 3284 813 3362 preceptum
837 3285 872 3341 et
897 3285 1005 3342 totum
1031 3285 1090 3342 etc
1120 3276 1206 3342 sicut

102 3382 184 3447 curia
197 3380 455 3448 considerauerit
469 3380 555 3446 sicut
569 3381 666 3445 homo
686 3381 744 3467 qui
765 3389 888 3446 etatem
904 3381 1043 3459 transiit,
1063 3388 1099 3445 et
1119 3380 1206 3466 petit

101 3483 158 3548 sibi
175 3484 311 3550 nlloeari
332 3484 419 3570 quod
438 3507 504 3548 non
523 3484 705 3571 appellauit
726 3507 803 3550 eum
823 3485 864 3549 de
885 3486 981 3565 facto,
1001 3492 1035 3550 et
1056 3483 1150 3570 ponit
1170 3507 1205 3550 se

100 3609 191 3674 super
203 3588 352 3676 patriam
366 3596 478 3653 utrum
499 3589 683 3674 appellatus
703 3589 748 3654 sit
769 3612 828 3675 per
842 3589 952 3655 odium
968 3597 1004 3655 et
1020 3597 1130 3677 styam
1150 3589 1206 3654 uel

101 3713 153 3774 per
165 3715 285 3758 uerum
306 3693 473 3777 appellum
494 3700 530 3758 et
548 3693 643 3758 offert
663 3694 759 3759 Dom.
778 3695 864 3782 Regi
883 3695 1041 3760 tantum¹⁰
1065 3701 1124 3762 etc
1146 3716 1205 3779 pro

100 3794 245 3862 habenda
274 3795 499 3881 inquisicione‚
526 3804 563 3861 et
590 3796 672 3861 dicit
701 3796 788 3882 quod
806 3797 905 3863 ‘idem
934 3799 1035 3885 Hugo
1059 3799 1085 3885 j.
1119 3821 1205 3864 anno

102 3909 258 3966 transacto
274 3898 410 3964 recessit
423 3899 465 3964 dc
476 3900 583 3985 patris
594 3923 737 3966 suasum
748 3902 889 3988 quodem
900 3925 983 3989 equo
992 3911 1027 3968 et
1038 3925 1205 3989 nunquam

127 4040 296 4097 1s.m.or;
313 4038 445 4090 s.m.1s.
676 4043 746 4104 epus
764 4031 1016 4104 sermonum,
1034 4043 1132 4093 nurum
1145 4044 1206 4095 rnre

129 4104 140 4135 ²
154 4107 272 4161 Herm,
285 4105 326 4164 B;
344 4104 488 4168 Honghton
498 4105 552 4156 und
560 4105 627 4156 Hor·
676 4107 860 4157 districtionem
865 4109 960 4171 faciat,
972 4109 1003 4157 A.

102 4168 160 4219 nich
170 4185 234 4221 nenr
243 4169 351 4232 wigen.
709 4170 720 4202 ⁶
736 4172 767 4220 A.
776 4187 812 4220 m.
825 4173 869 4231 25;
886 4173 918 4223 B.
930 4189 967 4224 m.
978 4175 1009 4224 15
1017 4172 1042 4224 d.

131 4235 142 4267 ⁸
156 4237 303 4301 Houtoyn’,
314 4236 337 4283 B
347 4253 355 4295 3
370 4235 488 4298 Ηαιιτιί’,“
498 4236 529 4284 Δ.
709 4236 721 4270 ⁷
738 4237 904 4304 Salopcrbyr’,
914 4238 947 4288 B.

132 4299 142 4331 ⁴
157 4301 227 4350 corr.
238 4317 293 4350 non
304 4304 352 4349 not
362 4303 441 4358 modo,
452 4300 482 4361 Δ,
495 4300 527 4352 Β.
710 4301 722 4334 ⁸
738 4303 809 4353 Gorr.
815 4305 882 4366 filio,
894 4305 930 4362 B;
940 4306 992 4369 fil',
1004 4305 1035 4355 Δ.

131 4363 169 4396 Η
183 4375 208 4417 et
229 4368 255 4416 ri
278 4367 369 4429 aliqua
391 4367 431 4415 lex
445 4368 504 4419 inde
520 4368 629 4416 radiata
710 4366 879 4431 ⁰iussicmm,
893 4369 923 4418 B.

99 4433 150 4492 ‚fuir
175 4441 315 4496 antequam
342 4433 441 4494 loquela
464 4434 551 4495 posito
572 4434 629 4497 fnit
710 4432 732 4465 ¹⁰
748 4432 930 4498 shall-mark,
944 4435 975 4494 A,
987 4435 1018 4486 B.
