<?xml version="1.0" encoding="UTF-8"?>
<!DOCTYPE html PUBLIC "-//W3C//DTD XHTML 1.0 Transitional//EN"
    "http://www.w3.org/TR/xhtml1/DTD/xhtml1-transitional.dtd">
<html xmlns="http://www.w3.org/1999/xhtml" xml:lang="en" lang="en">
 <head>
  <title>
</title>
<meta http-equiv="Content-Type" content="text/html;charset=utf-8" />
  <meta name='ocr-system' content='tesseract 3.04.00' />
  <meta name='ocr-capabilities' content='ocr_page ocr_carea ocr_par ocr_line ocrx_word'/>
</head>
<body>
  <div class='ocr_page' id='page_1' title='image "bractonsnoteboo03maitgoog_0283.png"; bbox 0 0 3167 5075; ppageno 0'>
   <div class='ocr_carea' id='block_1_1' title="bbox 335 351 1224 427">
    <p class='ocr_par' dir='ltr' id='par_1_1' title="bbox 335 351 1224 427">
     <span class='ocr_line' id='line_1_1' title="bbox 335 351 1224 427; baseline 0.012 -17"><span class='ocrx_word' id='word_1_1' title='bbox 335 362 453 411; x_wconf 63' lang='lat' dir='ltr'>conen</span> <span class='ocrx_word' id='word_1_2' title='bbox 476 363 574 424; x_wconf 74' lang='lat' dir='ltr'>enon,</span> <span class='ocrx_word' id='word_1_3' title='bbox 596 364 660 413; x_wconf 73' lang='lat' dir='ltr'>nn.</span> <span class='ocrx_word' id='word_1_4' title='bbox 686 351 846 427; x_wconf 78' lang='lat'>1238-9,</span> <span class='ocrx_word' id='word_1_5' title='bbox 867 366 929 415; x_wconf 73' lang='lat' dir='ltr'>nu.</span> <span class='ocrx_word' id='word_1_6' title='bbox 954 354 1005 417; x_wconf 78' lang='lat'>23.</span> <span class='ocrx_word' id='word_1_7' title='bbox 1160 358 1224 421; x_wconf 81' lang='lat'>269</span> 
     </span>
    </p>
   </div>
   <div class='ocr_carea' id='block_1_2' title="bbox 121 534 1226 627">
    <p class='ocr_par' dir='ltr' id='par_1_2' title="bbox 121 534 1226 627">
     <span class='ocr_line' id='line_1_2' title="bbox 121 534 1226 627; baseline 0.007 -28"><span class='ocrx_word' id='word_1_8' title='bbox 121 536 216 599; x_wconf 87' lang='lat' dir='ltr'>breue</span> <span class='ocrx_word' id='word_1_9' title='bbox 245 534 333 600; x_wconf 81' lang='lat' dir='ltr'>dicit</span> <span class='ocrx_word' id='word_1_10' title='bbox 390 536 441 601; x_wconf 89' lang='lat' dir='ltr'>De</span> <span class='ocrx_word' id='word_1_11' title='bbox 471 542 659 601; x_wconf 78' lang='lat' dir='ltr'>tenemento</span> <span class='ocrx_word' id='word_1_12' title='bbox 690 559 765 601; x_wconf 88' lang='lat' dir='ltr'>uero</span> <span class='ocrx_word' id='word_1_13' title='bbox 795 545 830 602; x_wconf 88' lang='lat' dir='ltr'>et</span> <span class='ocrx_word' id='word_1_14' title='bbox 855 539 974 604; x_wconf 83' lang='lat' dir='ltr'>fossato</span> <span class='ocrx_word' id='word_1_15' title='bbox 999 539 1114 605; x_wconf 88' lang='lat' dir='ltr'>dicunt</span> <span class='ocrx_word' id='word_1_16' title='bbox 1139 542 1226 627; x_wconf 92' lang='lat' dir='ltr'>quod</span> 
     </span>
    </p>
   </div>
   <div class='ocr_carea' id='block_1_3' title="bbox 55 639 1227 4042">
    <p class='ocr_par' dir='ltr' id='par_1_3' title="bbox 120 639 1227 1761">
     <span class='ocr_line' id='line_1_3' title="bbox 121 639 1226 731; baseline 0.006 -28"><span class='ocrx_word' id='word_1_17' title='bbox 121 639 281 725; x_wconf 80' lang='lat' dir='ltr'>predictus</span> <span class='ocrx_word' id='word_1_18' title='bbox 311 640 450 704; x_wconf 77' lang='lat' dir='ltr'>Thomee</span> <span class='ocrx_word' id='word_1_19' title='bbox 478 640 556 705; x_wconf 82' lang='lat' dir='ltr'>lecit</span> <span class='ocrx_word' id='word_1_20' title='bbox 586 640 747 725; x_wconf 77' lang='lat' dir='ltr'>quoddam</span> <span class='ocrx_word' id='word_1_21' title='bbox 782 642 939 706; x_wconf 78' lang='lat' dir='ltr'>fossatum</span> <span class='ocrx_word' id='word_1_22' title='bbox 971 643 1093 731; x_wconf 80' lang='lat' dir='ltr'>largius</span> <span class='ocrx_word' id='word_1_23' title='bbox 1127 668 1226 731; x_wconf 81' lang='lat' dir='ltr'>quam</span> 
     </span>
     <span class='ocr_line' id='line_1_4' title="bbox 121 742 1226 833; baseline 0.008 -28"><span class='ocrx_word' id='word_1_24' title='bbox 121 742 240 807; x_wconf 78' lang='lat' dir='ltr'>solebat</span> <span class='ocrx_word' id='word_1_25' title='bbox 265 766 335 807; x_wconf 80' lang='lat' dir='ltr'>esee</span> <span class='ocrx_word' id='word_1_26' title='bbox 361 766 459 830; x_wconf 84' lang='lat' dir='ltr'>super</span> <span class='ocrx_word' id='word_1_27' title='bbox 484 744 646 830; x_wconf 80' lang='lat' dir='ltr'><strong>quoddam</strong></span> <span class='ocrx_word' id='word_1_28' title='bbox 669 752 903 811; x_wconf 79' lang='lat' dir='ltr'>tenementum.</span> <span class='ocrx_word' id='word_1_29' title='bbox 947 746 1111 833; x_wconf 84' lang='lat' dir='ltr'>Requieiti</span> <span class='ocrx_word' id='word_1_30' title='bbox 1133 750 1226 813; x_wconf 85' lang='lat' dir='ltr'>cuius</span> 
     </span>
     <span class='ocr_line' id='line_1_5' title="bbox 121 846 1226 933; baseline 0.005 -23"><span class='ocrx_word' id='word_1_31' title='bbox 121 846 160 910; x_wconf 90' lang='lat' dir='ltr'>sit</span> <span class='ocrx_word' id='word_1_32' title='bbox 174 846 295 911; x_wconf 85' lang='lat' dir='ltr'>fundus</span> <span class='ocrx_word' id='word_1_33' title='bbox 309 846 365 911; x_wconf 91' lang='lat' dir='ltr'>ille</span> <span class='ocrx_word' id='word_1_34' title='bbox 380 870 477 933; x_wconf 89' lang='lat' dir='ltr'>super</span> <span class='ocrx_word' id='word_1_35' title='bbox 491 870 588 933; x_wconf 90' lang='lat' dir='ltr'>quem</span> <span class='ocrx_word' id='word_1_36' title='bbox 604 847 681 912; x_wconf 84' lang='lat' dir='ltr'>fecit</span> <span class='ocrx_word' id='word_1_37' title='bbox 696 847 818 933; x_wconf 82' lang='lat' dir='ltr'>largius</span> <span class='ocrx_word' id='word_1_38' title='bbox 833 849 990 915; x_wconf 74' lang='lat' dir='ltr'>fossatum</span> <span class='ocrx_word' id='word_1_39' title='bbox 1004 851 1095 928; x_wconf 91' lang='lat' dir='ltr'>illud,</span> <span class='ocrx_word' id='word_1_40' title='bbox 1111 852 1226 916; x_wconf 85' lang='lat' dir='ltr'>dieunt</span> 
     </span>
     <span class='ocr_line' id='line_1_6' title="bbox 121 948 1227 1035; baseline 0.005 -23"><span class='ocrx_word' id='word_1_41' title='bbox 121 948 202 1032; x_wconf 93' lang='lat' dir='ltr'>quod</span> <span class='ocrx_word' id='word_1_42' title='bbox 231 949 415 1013; x_wconf 82' lang='lat' dir='ltr'>eommunis</span> <span class='ocrx_word' id='word_1_43' title='bbox 444 958 578 1035; x_wconf 77' lang='lat' dir='ltr'>pastura</span> <span class='ocrx_word' id='word_1_44' title='bbox 607 957 657 1013; x_wconf 85' lang='lat' dir='ltr'>est</span> <span class='ocrx_word' id='word_1_45' title='bbox 684 958 718 1013; x_wconf 88' lang='lat' dir='ltr'>et</span> <span class='ocrx_word' id='word_1_46' title='bbox 743 972 809 1013; x_wconf 91' lang='lat' dir='ltr'>non</span> <span class='ocrx_word' id='word_1_47' title='bbox 835 950 975 1015; x_wconf 88' lang='lat' dir='ltr'>liberum</span> <span class='ocrx_word' id='word_1_48' title='bbox 1000 960 1227 1017; x_wconf 85' lang='lat' dir='ltr'>tenementum</span> 
     </span>
     <span class='ocr_line' id='line_1_7' title="bbox 121 1050 1227 1136; baseline 0.007 -23"><span class='ocrx_word' id='word_1_49' title='bbox 121 1050 216 1136; x_wconf 85' lang='lat' dir='ltr'>ipsius</span> <span class='ocrx_word' id='word_1_50' title='bbox 236 1051 378 1129; x_wconf 80' lang='lat' dir='ltr'>Ricardi,</span> <span class='ocrx_word' id='word_1_51' title='bbox 393 1052 479 1117; x_wconf 87' lang='lat' dir='ltr'>undo</span> <span class='ocrx_word' id='word_1_52' title='bbox 500 1051 588 1116; x_wconf 88' lang='lat' dir='ltr'>idem</span> <span class='ocrx_word' id='word_1_53' title='bbox 609 1051 749 1116; x_wconf 76' lang='lat' dir='ltr'>Thomas</span> <span class='ocrx_word' id='word_1_54' title='bbox 771 1052 900 1116; x_wconf 92' lang='lat' dir='ltr'>nullum</span> <span class='ocrx_word' id='word_1_55' title='bbox 922 1052 1048 1119; x_wconf 79' lang='lat' dir='ltr'>leuauit</span> <span class='ocrx_word' id='word_1_56' title='bbox 1069 1056 1227 1121; x_wconf 81' lang='lat' dir='ltr'>fossatum</span> 
     </span>
     <span class='ocr_line' id='line_1_8' title="bbox 120 1156 1226 1242; baseline 0.005 -22"><span class='ocrx_word' id='word_1_57' title='bbox 120 1156 158 1220; x_wconf 78' lang='lat' dir='ltr'>od</span> <span class='ocrx_word' id='word_1_58' title='bbox 178 1163 413 1221; x_wconf 86' lang='lat' dir='ltr'>nocumentum</span> <span class='ocrx_word' id='word_1_59' title='bbox 435 1156 529 1220; x_wconf 91' lang='lat' dir='ltr'>liberi</span> <span class='ocrx_word' id='word_1_60' title='bbox 551 1156 732 1221; x_wconf 89' lang='lat' dir='ltr'>tenementi</span> <span class='ocrx_word' id='word_1_61' title='bbox 751 1156 854 1242; x_wconf 84' lang='lat' dir='ltr'>ipsius</span> <span class='ocrx_word' id='word_1_62' title='bbox 874 1157 1014 1236; x_wconf 82' lang='lat' dir='ltr'>Ricardi,</span> <span class='ocrx_word' id='word_1_63' title='bbox 1029 1168 1064 1224; x_wconf 90' lang='lat' dir='ltr'>et</span> <span class='ocrx_word' id='word_1_64' title='bbox 1078 1160 1151 1224; x_wconf 88' lang='lat' dir='ltr'>ideo</span> <span class='ocrx_word' id='word_1_65' title='bbox 1166 1159 1226 1225; x_wconf 86' lang='lat' dir='ltr'>sit¹</span> 
     </span>
     <span class='ocr_line' id='line_1_9' title="bbox 120 1260 1226 1346; baseline 0.004 -21"><span class='ocrx_word' id='word_1_66' title='bbox 120 1261 151 1325; x_wconf 93' lang='lat' dir='ltr'>in</span> <span class='ocrx_word' id='word_1_67' title='bbox 165 1260 383 1326; x_wconf 82' lang='lat' dir='ltr'>misericordia</span> <span class='ocrx_word' id='word_1_68' title='bbox 397 1284 455 1346; x_wconf 90' lang='lat' dir='ltr'>pro</span> <span class='ocrx_word' id='word_1_69' title='bbox 470 1261 549 1325; x_wconf 81' lang='lat' dir='ltr'>falso</span> <span class='ocrx_word' id='word_1_70' title='bbox 569 1260 708 1325; x_wconf 67' lang='lat' dir='ltr'>emmone</span> <span class='ocrx_word' id='word_1_71' title='bbox 727 1260 768 1325; x_wconf 89' lang='lat' dir='ltr'>de</span> <span class='ocrx_word' id='word_1_72' title='bbox 789 1262 909 1325; x_wconf 81' lang='lat' dir='ltr'>fossato</span> <span class='ocrx_word' id='word_1_73' title='bbox 929 1270 964 1327; x_wconf 90' lang='lat' dir='ltr'>et</span> <span class='ocrx_word' id='word_1_74' title='bbox 984 1270 1171 1330; x_wconf 90' lang='lat' dir='ltr'>tenemento</span> <span class='ocrx_word' id='word_1_75' title='bbox 1191 1274 1226 1331; x_wconf 92' lang='lat' dir='ltr'>et</span> 
     </span>
     <span class='ocr_line' id='line_1_10' title="bbox 120 1364 1227 1454; baseline 0.005 -25"><span class='ocrx_word' id='word_1_76' title='bbox 120 1365 283 1451; x_wconf 80' lang='lat' dir='ltr'>perquirat</span> <span class='ocrx_word' id='word_1_77' title='bbox 297 1364 360 1430; x_wconf 85' lang='lat' dir='ltr'>sibi</span> <span class='ocrx_word' id='word_1_78' title='bbox 378 1386 436 1451; x_wconf 90' lang='lat' dir='ltr'>per</span> <span class='ocrx_word' id='word_1_79' title='bbox 455 1366 553 1430; x_wconf 88' lang='lat' dir='ltr'>breue</span> <span class='ocrx_word' id='word_1_80' title='bbox 575 1365 615 1431; x_wconf 88' lang='lat' dir='ltr'>de</span> <span class='ocrx_word' id='word_1_81' title='bbox 638 1388 812 1430; x_wconf 80' lang='lat' dir='ltr'>commune</span> <span class='ocrx_word' id='word_1_82' title='bbox 831 1375 971 1451; x_wconf 71' lang='lat' dir='ltr'>pastore.</span> <span class='ocrx_word' id='word_1_83' title='bbox 1017 1368 1068 1432; x_wconf 91' lang='lat' dir='ltr'>De</span> <span class='ocrx_word' id='word_1_84' title='bbox 1089 1368 1227 1454; x_wconf 80' lang='lat' dir='ltr'>piscaria</span> 
     </span>
     <span class='ocr_line' id='line_1_11' title="bbox 122 1470 1226 1556; baseline 0.005 -23"><span class='ocrx_word' id='word_1_85' title='bbox 122 1493 191 1534; x_wconf 85' lang='lat' dir='ltr'>nero</span> <span class='ocrx_word' id='word_1_86' title='bbox 201 1470 411 1556; x_wconf 79' lang='lat' dir='ltr'>recuperauit</span> <span class='ocrx_word' id='word_1_87' title='bbox 422 1470 509 1534; x_wconf 88' lang='lat' dir='ltr'>idem</span> <span class='ocrx_word' id='word_1_88' title='bbox 520 1470 679 1535; x_wconf 80' lang='lat' dir='ltr'>Ricardus</span> <span class='ocrx_word' id='word_1_89' title='bbox 689 1470 842 1535; x_wconf 74' lang='lat' dir='ltr'>neieinam</span> <span class='ocrx_word' id='word_1_90' title='bbox 856 1494 950 1536; x_wconf 82' lang='lat' dir='ltr'>suam</span> <span class='ocrx_word' id='word_1_91' title='bbox 961 1494 1074 1538; x_wconf 79' lang='lat' dir='ltr'>nemus</span> <span class='ocrx_word' id='word_1_92' title='bbox 1085 1472 1226 1537; x_wconf 88' lang='lat' dir='ltr'>eundem</span> 
     </span>
     <span class='ocr_line' id='line_1_12' title="bbox 121 1571 1226 1647; baseline 0.004 -13"><span class='ocrx_word' id='word_1_93' title='bbox 121 1571 275 1636; x_wconf 83' lang='lat' dir='ltr'>Thomam</span> <span class='ocrx_word' id='word_1_94' title='bbox 301 1580 336 1636; x_wconf 87' lang='lat' dir='ltr'>et</span> <span class='ocrx_word' id='word_1_95' title='bbox 361 1571 449 1647; x_wconf 78' lang='lat' dir='ltr'>alim,</span> <span class='ocrx_word' id='word_1_96' title='bbox 476 1580 510 1637; x_wconf 89' lang='lat' dir='ltr'>et</span> <span class='ocrx_word' id='word_1_97' title='bbox 540 1571 613 1636; x_wconf 90' lang='lat' dir='ltr'>ideo</span> <span class='ocrx_word' id='word_1_98' title='bbox 639 1572 779 1637; x_wconf 73' lang='lat' dir='ltr'>Thomas</span> <span class='ocrx_word' id='word_1_99' title='bbox 805 1572 923 1637; x_wconf 79' lang='lat' dir='ltr'>etalii</span> <span class='ocrx_word' id='word_1_100' title='bbox 949 1573 984 1636; x_wconf 92' lang='lat' dir='ltr'>in</span> <span class='ocrx_word' id='word_1_101' title='bbox 1010 1573 1226 1638; x_wconf 81' lang='lat' dir='ltr'>misericordia</span> 
     </span>
     <span class='ocr_line' id='line_1_13' title="bbox 120 1673 198 1761; baseline -0.013 -21"><span class='ocrx_word' id='word_1_102' title='bbox 120 1684 173 1740; x_wconf 81' lang='lat' dir='ltr'>eto</span> <span class='ocrx_word' id='word_1_103' title='bbox 192 1673 198 1761; x_wconf 91' lang='grc' dir='ltr'>Ι</span> 
     </span>
    </p>

    <p class='ocr_par' dir='ltr' id='par_1_4' title="bbox 55 1778 1226 2283">
     <span class='ocr_line' id='line_1_14' title="bbox 55 1778 1226 1865; baseline 0.003 -24"><span class='ocrx_word' id='word_1_104' title='bbox 55 1780 88 1842; x_wconf 78' lang='lat' dir='ltr'>tt.</span> <span class='ocrx_word' id='word_1_105' title='bbox 178 1779 294 1844; x_wconf 77' lang='lat' dir='ltr'>Aesisa</span> <span class='ocrx_word' id='word_1_106' title='bbox 315 1778 409 1843; x_wconf 90' lang='lat' dir='ltr'>uenit</span> <span class='ocrx_word' id='word_1_107' title='bbox 434 1778 639 1865; x_wconf 73' lang='lat' dir='ltr'>recognitum</span> <span class='ocrx_word' id='word_1_108' title='bbox 664 1778 692 1844; x_wconf 84' lang='lat' dir='ltr'>si</span> <span class='ocrx_word' id='word_1_109' title='bbox 717 1778 876 1845; x_wconf 75' lang='lat' dir='ltr'>Rionrdus</span> <span class='ocrx_word' id='word_1_110' title='bbox 901 1779 1018 1844; x_wconf 83' lang='lat' dir='ltr'>Ruseel</span> <span class='ocrx_word' id='word_1_111' title='bbox 1043 1780 1165 1845; x_wconf 83' lang='lat' dir='ltr'>iniuste</span> <span class='ocrx_word' id='word_1_112' title='bbox 1191 1789 1226 1845; x_wconf 88' lang='lat' dir='ltr'>et</span> 
     </span>
     <span class='ocr_line' id='line_1_15' title="bbox 120 1883 1225 1950; baseline 0 -1"><span class='ocrx_word' id='word_1_113' title='bbox 120 1884 183 1949; x_wconf 86' lang='lat' dir='ltr'>sine</span> <span class='ocrx_word' id='word_1_114' title='bbox 197 1884 321 1949; x_wconf 81' lang='lat' dir='ltr'>iudicio</span> <span class='ocrx_word' id='word_1_115' title='bbox 340 1883 517 1949; x_wconf 82' lang='lat' dir='ltr'>disseisiuit</span> <span class='ocrx_word' id='word_1_116' title='bbox 537 1883 561 1949; x_wconf 86' lang='lat' dir='ltr'><strong>J</strong></span> <span class='ocrx_word' id='word_1_117' title='bbox 562 1884 722 1949; x_wconf 80' lang='lat' dir='ltr'>ohannem</span> <span class='ocrx_word' id='word_1_118' title='bbox 743 1884 783 1949; x_wconf 88' lang='lat' dir='ltr'>de</span> <span class='ocrx_word' id='word_1_119' title='bbox 805 1884 937 1950; x_wconf 80' lang='lat' dir='ltr'>Gelrum</span> <span class='ocrx_word' id='word_1_120' title='bbox 957 1883 999 1949; x_wconf 92' lang='lat' dir='ltr'>de</span> <span class='ocrx_word' id='word_1_121' title='bbox 1014 1884 1115 1949; x_wconf 87' lang='lat' dir='ltr'>libero</span> <span class='ocrx_word' id='word_1_122' title='bbox 1135 1892 1225 1949; x_wconf 87' lang='lat' dir='ltr'>tene·</span> 
     </span>
     <span class='ocr_line' id='line_1_16' title="bbox 120 1987 1225 2073; baseline 0 -20"><span class='ocrx_word' id='word_1_123' title='bbox 120 1996 223 2053; x_wconf 89' lang='lat' dir='ltr'>mento</span> <span class='ocrx_word' id='word_1_124' title='bbox 245 2009 308 2053; x_wconf 87' lang='lat' dir='ltr'>suo</span> <span class='ocrx_word' id='word_1_125' title='bbox 329 1987 365 2051; x_wconf 91' lang='lat' dir='ltr'>in</span> <span class='ocrx_word' id='word_1_126' title='bbox 386 1988 632 2053; x_wconf 80' lang='lat' dir='ltr'>Reimerestono</span> <span class='ocrx_word' id='word_1_127' title='bbox 652 1995 726 2073; x_wconf 86' lang='lat' dir='ltr'>post</span> <span class='ocrx_word' id='word_1_128' title='bbox 746 1988 884 2073; x_wconf 80' lang='lat' dir='ltr'>primam</span> <span class='ocrx_word' id='word_1_129' title='bbox 900 1989 1139 2054; x_wconf 72' lang='lat' dir='ltr'>coronationem</span> <span class='ocrx_word' id='word_1_130' title='bbox 1155 1999 1225 2067; x_wconf 71' lang='lat' dir='ltr'>eto„</span> 
     </span>
     <span class='ocr_line' id='line_1_17' title="bbox 120 2092 1225 2180; baseline 0.002 -23"><span class='ocrx_word' id='word_1_131' title='bbox 120 2103 151 2157; x_wconf 89' lang='lat' dir='ltr'>et</span> <span class='ocrx_word' id='word_1_132' title='bbox 164 2094 249 2159; x_wconf 90' lang='lat' dir='ltr'>unde</span> <span class='ocrx_word' id='word_1_133' title='bbox 271 2094 422 2180; x_wconf 88' lang='lat' dir='ltr'>queritur</span> <span class='ocrx_word' id='word_1_134' title='bbox 441 2092 528 2179; x_wconf 94' lang='lat' dir='ltr'>quod</span> <span class='ocrx_word' id='word_1_135' title='bbox 548 2093 726 2159; x_wconf 83' lang='lat' dir='ltr'>disseisiuit</span> <span class='ocrx_word' id='word_1_136' title='bbox 747 2116 823 2158; x_wconf 91' lang='lat' dir='ltr'>eum</span> <span class='ocrx_word' id='word_1_137' title='bbox 845 2093 886 2159; x_wconf 86' lang='lat' dir='ltr'>de</span> <span class='ocrx_word' id='word_1_138' title='bbox 907 2116 973 2158; x_wconf 81' lang='lat' dir='ltr'>uno</span> <span class='ocrx_word' id='word_1_139' title='bbox 991 2116 1066 2159; x_wconf 80' lang='lat' dir='ltr'>aere</span> <span class='ocrx_word' id='word_1_140' title='bbox 1084 2102 1170 2159; x_wconf 85' lang='lat' dir='ltr'>terre</span> <span class='ocrx_word' id='word_1_141' title='bbox 1189 2102 1225 2159; x_wconf 90' lang='lat' dir='ltr'>et</span> 
     </span>
     <span class='ocr_line' id='line_1_18' title="bbox 121 2196 370 2283; baseline 0.008 -24"><span class='ocrx_word' id='word_1_142' title='bbox 121 2218 179 2261; x_wconf 92' lang='lat' dir='ltr'>uno</span> <span class='ocrx_word' id='word_1_143' title='bbox 192 2196 370 2283; x_wconf 80' lang='lat' dir='ltr'>mesuagio</span> 
     </span>
    </p>

    <p class='ocr_par' dir='ltr' id='par_1_5' title="bbox 120 2299 1224 2906">
     <span class='ocr_line' id='line_1_19' title="bbox 179 2299 1224 2367; baseline 0.002 -2"><span class='ocrx_word' id='word_1_144' title='bbox 179 2302 221 2365; x_wconf 87' lang='lat' dir='ltr'>Et</span> <span class='ocrx_word' id='word_1_145' title='bbox 236 2300 397 2365; x_wconf 76' lang='lat' dir='ltr'>Riomdue</span> <span class='ocrx_word' id='word_1_146' title='bbox 412 2300 528 2364; x_wconf 84' lang='lat' dir='ltr'>Russel</span> <span class='ocrx_word' id='word_1_147' title='bbox 543 2309 578 2364; x_wconf 89' lang='lat' dir='ltr'>et</span> <span class='ocrx_word' id='word_1_148' title='bbox 593 2322 704 2365; x_wconf 84' lang='lat' dir='ltr'>omnes</span> <span class='ocrx_word' id='word_1_149' title='bbox 719 2299 792 2365; x_wconf 82' lang='lat' dir='ltr'>olii⁸</span> <span class='ocrx_word' id='word_1_150' title='bbox 807 2301 948 2366; x_wconf 88' lang='lat' dir='ltr'>ueniunt</span> <span class='ocrx_word' id='word_1_151' title='bbox 962 2309 996 2366; x_wconf 90' lang='lat' dir='ltr'>et</span> <span class='ocrx_word' id='word_1_152' title='bbox 1011 2300 1133 2367; x_wconf 89' lang='lat' dir='ltr'>dicunt.</span> <span class='ocrx_word' id='word_1_153' title='bbox 1180 2304 1224 2367; x_wconf 88' lang='lat' dir='ltr'>Et</span> 
     </span>
     <span class='ocr_line' id='line_1_20' title="bbox 120 2403 1224 2491; baseline 0.005 -23"><span class='ocrx_word' id='word_1_154' title='bbox 120 2404 270 2470; x_wconf 75' lang='lat' dir='ltr'>Ricardus</span> <span class='ocrx_word' id='word_1_155' title='bbox 285 2404 367 2469; x_wconf 89' lang='lat' dir='ltr'>dicit</span> <span class='ocrx_word' id='word_1_156' title='bbox 381 2403 468 2489; x_wconf 92' lang='lat' dir='ltr'>quod</span> <span class='ocrx_word' id='word_1_157' title='bbox 481 2404 580 2468; x_wconf 76' lang='lat' dir='ltr'>uesieu</span> <span class='ocrx_word' id='word_1_158' title='bbox 594 2426 659 2469; x_wconf 92' lang='lat' dir='ltr'>non</span> <span class='ocrx_word' id='word_1_159' title='bbox 674 2404 772 2469; x_wconf 86' lang='lat' dir='ltr'>debet</span> <span class='ocrx_word' id='word_1_160' title='bbox 787 2405 864 2470; x_wconf 89' lang='lat' dir='ltr'>inde</span> <span class='ocrx_word' id='word_1_161' title='bbox 878 2405 950 2471; x_wconf 86' lang='lat' dir='ltr'>fieri</span> <span class='ocrx_word' id='word_1_162' title='bbox 965 2406 1043 2491; x_wconf 79' lang='lat' dir='ltr'>quio</span> <span class='ocrx_word' id='word_1_163' title='bbox 1056 2406 1224 2491; x_wconf 80' lang='lat' dir='ltr'>predictus</span> 
     </span>
     <span class='ocr_line' id='line_1_21' title="bbox 120 2506 1223 2595; baseline 0.005 -23"><span class='ocrx_word' id='word_1_164' title='bbox 120 2507 279 2573; x_wconf 79' lang='lat' dir='ltr'>dohannes</span> <span class='ocrx_word' id='word_1_165' title='bbox 302 2506 395 2572; x_wconf 87' lang='lat' dir='ltr'>dedit</span> <span class='ocrx_word' id='word_1_166' title='bbox 417 2514 536 2572; x_wconf 72' lang='lat' dir='ltr'>tenum</span> <span class='ocrx_word' id='word_1_167' title='bbox 559 2506 648 2573; x_wconf 85' lang='lat' dir='ltr'>illam</span> <span class='ocrx_word' id='word_1_168' title='bbox 669 2508 799 2574; x_wconf 81' lang='lat' dir='ltr'>cuidem</span> <span class='ocrx_word' id='word_1_169' title='bbox 819 2508 941 2574; x_wconf 79' lang='lat' dir='ltr'>uillono</span> <span class='ocrx_word' id='word_1_170' title='bbox 960 2509 1062 2595; x_wconf 81' lang='lat' dir='ltr'>ipsius</span> <span class='ocrx_word' id='word_1_171' title='bbox 1082 2509 1223 2587; x_wconf 68' lang='lat' dir='ltr'>Ricardi,</span> 
     </span>
     <span class='ocr_line' id='line_1_22' title="bbox 120 2611 1223 2700; baseline 0.003 -23"><span class='ocrx_word' id='word_1_172' title='bbox 120 2623 150 2677; x_wconf 89' lang='lat' dir='ltr'>et</span> <span class='ocrx_word' id='word_1_173' title='bbox 177 2614 244 2700; x_wconf 85' lang='lat' dir='ltr'>ipse</span> <span class='ocrx_word' id='word_1_174' title='bbox 275 2612 419 2678; x_wconf 82' lang='lat' dir='ltr'>uillunue</span> <span class='ocrx_word' id='word_1_175' title='bbox 448 2611 591 2677; x_wconf 89' lang='lat' dir='ltr'>reddidit</span> <span class='ocrx_word' id='word_1_176' title='bbox 620 2621 740 2678; x_wconf 79' lang='lat' dir='ltr'>terrem</span> <span class='ocrx_word' id='word_1_177' title='bbox 770 2613 861 2678; x_wconf 81' lang='lat' dir='ltr'>illam</span> <span class='ocrx_word' id='word_1_178' title='bbox 890 2613 1021 2678; x_wconf 93' lang='lat' dir='ltr'>domino</span> <span class='ocrx_word' id='word_1_179' title='bbox 1050 2637 1109 2679; x_wconf 85' lang='lat' dir='ltr'>suo</span> <span class='ocrx_word' id='word_1_180' title='bbox 1138 2615 1223 2680; x_wconf 81' lang='lat' dir='ltr'>sicut</span> 
     </span>
     <span class='ocr_line' id='line_1_23' title="bbox 120 2716 1223 2805; baseline 0.003 -24"><span class='ocrx_word' id='word_1_181' title='bbox 120 2727 257 2804; x_wconf 81' lang='lat' dir='ltr'>emptam</span> <span class='ocrx_word' id='word_1_182' title='bbox 272 2717 316 2782; x_wconf 88' lang='lat' dir='ltr'>de</span> <span class='ocrx_word' id='word_1_183' title='bbox 331 2717 457 2782; x_wconf 78' lang='lat' dir='ltr'>catellis</span> <span class='ocrx_word' id='word_1_184' title='bbox 472 2717 596 2782; x_wconf 91' lang='lat' dir='ltr'>domini</span> <span class='ocrx_word' id='word_1_185' title='bbox 610 2716 669 2793; x_wconf 86' lang='lat' dir='ltr'>sui,</span> <span class='ocrx_word' id='word_1_186' title='bbox 686 2725 720 2782; x_wconf 90' lang='lat' dir='ltr'>et</span> <span class='ocrx_word' id='word_1_187' title='bbox 735 2717 823 2803; x_wconf 89' lang='lat' dir='ltr'>quod</span> <span class='ocrx_word' id='word_1_188' title='bbox 842 2716 892 2782; x_wconf 79' lang='lat' dir='ltr'>ite</span> <span class='ocrx_word' id='word_1_189' title='bbox 910 2717 1092 2805; x_wconf 77' lang='lat' dir='ltr'>ingressum</span> <span class='ocrx_word' id='word_1_190' title='bbox 1106 2717 1223 2785; x_wconf 83' lang='lat' dir='ltr'>habuit</span> 
     </span>
     <span class='ocr_line' id='line_1_24' title="bbox 121 2819 1176 2906; baseline 0.002 -22"><span class='ocrx_word' id='word_1_191' title='bbox 121 2841 172 2904; x_wconf 88' lang='lat' dir='ltr'>per</span> <span class='ocrx_word' id='word_1_192' title='bbox 184 2821 345 2886; x_wconf 82' lang='lat' dir='ltr'>uillannm</span> <span class='ocrx_word' id='word_1_193' title='bbox 360 2819 454 2884; x_wconf 89' lang='lat' dir='ltr'>illum</span> <span class='ocrx_word' id='word_1_194' title='bbox 469 2819 504 2884; x_wconf 90' lang='lat' dir='ltr'>in</span> <span class='ocrx_word' id='word_1_195' title='bbox 519 2827 638 2884; x_wconf 85' lang='lat' dir='ltr'>terram</span> <span class='ocrx_word' id='word_1_196' title='bbox 653 2819 742 2884; x_wconf 81' lang='lat' dir='ltr'>illam</span> <span class='ocrx_word' id='word_1_197' title='bbox 757 2819 851 2904; x_wconf 84' lang='lat' dir='ltr'>ponit</span> <span class='ocrx_word' id='word_1_198' title='bbox 865 2841 900 2884; x_wconf 80' lang='lat' dir='ltr'>ee</span> <span class='ocrx_word' id='word_1_199' title='bbox 915 2842 1012 2906; x_wconf 82' lang='lat' dir='ltr'>super</span> <span class='ocrx_word' id='word_1_200' title='bbox 1025 2820 1176 2886; x_wconf 79' lang='lat' dir='ltr'>iuratam.</span> 
     </span>
    </p>

    <p class='ocr_par' dir='ltr' id='par_1_6' title="bbox 121 2920 1222 3320">
     <span class='ocr_line' id='line_1_25' title="bbox 179 2920 1222 3008; baseline 0.001 -20"><span class='ocrx_word' id='word_1_201' title='bbox 179 2923 221 2988; x_wconf 84' lang='lat' dir='ltr'>Et</span> <span class='ocrx_word' id='word_1_202' title='bbox 235 2924 260 2988; x_wconf 82' lang='lat' dir='ltr'><strong>J</strong></span> <span class='ocrx_word' id='word_1_203' title='bbox 260 2923 405 2988; x_wconf 83' lang='lat' dir='ltr'>ohannes</span> <span class='ocrx_word' id='word_1_204' title='bbox 420 2921 513 2986; x_wconf 88' lang='lat' dir='ltr'>uenit</span> <span class='ocrx_word' id='word_1_205' title='bbox 528 2931 563 2986; x_wconf 88' lang='lat' dir='ltr'>et</span> <span class='ocrx_word' id='word_1_206' title='bbox 577 2921 657 2987; x_wconf 84' lang='lat' dir='ltr'>dicit</span> <span class='ocrx_word' id='word_1_207' title='bbox 678 2920 764 3007; x_wconf 93' lang='lat' dir='ltr'>quod</span> <span class='ocrx_word' id='word_1_208' title='bbox 783 2944 951 3008; x_wconf 84' lang='lat' dir='ltr'>nunquam</span> <span class='ocrx_word' id='word_1_209' title='bbox 972 2922 1108 2988; x_wconf 84' lang='lat' dir='ltr'>feofauit</span> <span class='ocrx_word' id='word_1_210' title='bbox 1127 2925 1222 2990; x_wconf 83' lang='lat' dir='ltr'>uilla-</span> 
     </span>
     <span class='ocr_line' id='line_1_26' title="bbox 121 3024 1221 3111; baseline 0.003 -22"><span class='ocrx_word' id='word_1_211' title='bbox 121 3047 193 3092; x_wconf 90' lang='lat' dir='ltr'>num</span> <span class='ocrx_word' id='word_1_212' title='bbox 206 3027 301 3092; x_wconf 92' lang='lat' dir='ltr'>illum</span> <span class='ocrx_word' id='word_1_213' title='bbox 317 3049 377 3091; x_wconf 85' lang='lat' dir='ltr'>neo</span> <span class='ocrx_word' id='word_1_214' title='bbox 392 3025 479 3090; x_wconf 89' lang='lat' dir='ltr'>idem</span> <span class='ocrx_word' id='word_1_215' title='bbox 496 3025 689 3090; x_wconf 85' lang='lat' dir='ltr'>Gilibertue⁴</span> <span class='ocrx_word' id='word_1_216' title='bbox 703 3025 883 3111; x_wconf 82' lang='lat' dir='ltr'>ingressum</span> <span class='ocrx_word' id='word_1_217' title='bbox 905 3024 1022 3090; x_wconf 81' lang='lat' dir='ltr'>habuit</span> <span class='ocrx_word' id='word_1_218' title='bbox 1044 3026 1080 3090; x_wconf 92' lang='lat' dir='ltr'>in</span> <span class='ocrx_word' id='word_1_219' title='bbox 1101 3034 1221 3092; x_wconf 83' lang='lat' dir='ltr'>terrem</span> 
     </span>
     <span class='ocr_line' id='line_1_27' title="bbox 122 3128 1221 3217; baseline 0.003 -24"><span class='ocrx_word' id='word_1_220' title='bbox 122 3129 202 3194; x_wconf 78' lang='lat' dir='ltr'>illam</span> <span class='ocrx_word' id='word_1_221' title='bbox 216 3153 276 3217; x_wconf 88' lang='lat' dir='ltr'>per</span> <span class='ocrx_word' id='word_1_222' title='bbox 289 3129 450 3194; x_wconf 84' lang='lat' dir='ltr'>uillanum</span> <span class='ocrx_word' id='word_1_223' title='bbox 465 3151 570 3207; x_wconf 79' lang='lat' dir='ltr'>suum,</span> <span class='ocrx_word' id='word_1_224' title='bbox 585 3143 636 3194; x_wconf 78' lang='lat' dir='ltr'>eet</span> <span class='ocrx_word' id='word_1_225' title='bbox 653 3129 761 3215; x_wconf 85' lang='lat' dir='ltr'>ipsum</span> <span class='ocrx_word' id='word_1_226' title='bbox 782 3129 859 3194; x_wconf 90' lang='lat' dir='ltr'>inde</span> <span class='ocrx_word' id='word_1_227' title='bbox 881 3128 1066 3209; x_wconf 69' lang='lat' dir='ltr'>disseisiuit</span> <span class='ocrx_word' id='word_1_228' title='bbox 1088 3139 1123 3196; x_wconf 93' lang='lat' dir='ltr'>et</span> <span class='ocrx_word' id='word_1_229' title='bbox 1144 3131 1221 3196; x_wconf 88' lang='lat' dir='ltr'>inde</span> 
     </span>
     <span class='ocr_line' id='line_1_28' title="bbox 122 3232 531 3320; baseline 0.002 -22"><span class='ocrx_word' id='word_1_230' title='bbox 122 3234 206 3318; x_wconf 87' lang='lat' dir='ltr'>ponit</span> <span class='ocrx_word' id='word_1_231' title='bbox 219 3257 254 3299; x_wconf 83' lang='lat' dir='ltr'>se</span> <span class='ocrx_word' id='word_1_232' title='bbox 269 3255 368 3320; x_wconf 79' lang='lat' dir='ltr'>super</span> <span class='ocrx_word' id='word_1_233' title='bbox 382 3232 531 3299; x_wconf 79' lang='lat' dir='ltr'>iuratam.</span> 
     </span>
    </p>

    <p class='ocr_par' dir='ltr' id='par_1_7' title="bbox 122 3335 1222 4042">
     <span class='ocr_line' id='line_1_29' title="bbox 179 3335 1220 3423; baseline 0 -21"><span class='ocrx_word' id='word_1_234' title='bbox 179 3338 200 3402; x_wconf 88' lang='lat' dir='ltr'><strong>J</strong></span> <span class='ocrx_word' id='word_1_235' title='bbox 202 3346 348 3402; x_wconf 79' lang='lat' dir='ltr'>uratores</span> <span class='ocrx_word' id='word_1_236' title='bbox 362 3335 477 3401; x_wconf 88' lang='lat' dir='ltr'>dicunt</span> <span class='ocrx_word' id='word_1_237' title='bbox 492 3336 578 3423; x_wconf 92' lang='lat' dir='ltr'>quod</span> <span class='ocrx_word' id='word_1_238' title='bbox 592 3335 757 3422; x_wconf 87' lang='lat' dir='ltr'>predictus</span> <span class='ocrx_word' id='word_1_239' title='bbox 771 3338 795 3401; x_wconf 83' lang='lat' dir='ltr'>J</span> <span class='ocrx_word' id='word_1_240' title='bbox 796 3335 939 3400; x_wconf 76' lang='lat' dir='ltr'>ohannes</span> <span class='ocrx_word' id='word_1_241' title='bbox 953 3336 1088 3400; x_wconf 80' lang='lat' dir='ltr'>feoseuit</span> <span class='ocrx_word' id='word_1_242' title='bbox 1108 3359 1220 3422; x_wconf 91' lang='lat' dir='ltr'>quem·</span> 
     </span>
     <span class='ocr_line' id='line_1_30' title="bbox 122 3440 1221 3527; baseline 0.003 -23"><span class='ocrx_word' id='word_1_243' title='bbox 122 3440 190 3504; x_wconf 81' lang='lat' dir='ltr'>dnm</span> <span class='ocrx_word' id='word_1_244' title='bbox 204 3441 407 3506; x_wconf 81' lang='lat' dir='ltr'>willelmum</span> <span class='ocrx_word' id='word_1_245' title='bbox 423 3440 480 3526; x_wconf 90' lang='lat' dir='ltr'>qui</span> <span class='ocrx_word' id='word_1_246' title='bbox 494 3440 570 3505; x_wconf 89' lang='lat' dir='ltr'>inde</span> <span class='ocrx_word' id='word_1_247' title='bbox 585 3440 667 3504; x_wconf 88' lang='lat' dir='ltr'>obiit</span> <span class='ocrx_word' id='word_1_248' title='bbox 683 3440 813 3505; x_wconf 83' lang='lat' dir='ltr'>seisitus</span> <span class='ocrx_word' id='word_1_249' title='bbox 835 3449 870 3504; x_wconf 90' lang='lat' dir='ltr'>et</span> <span class='ocrx_word' id='word_1_250' title='bbox 890 3447 965 3527; x_wconf 87' lang='lat' dir='ltr'>post</span> <span class='ocrx_word' id='word_1_251' title='bbox 984 3440 1091 3526; x_wconf 83' lang='lat' dir='ltr'>ipsum</span> <span class='ocrx_word' id='word_1_252' title='bbox 1112 3443 1221 3507; x_wconf 88' lang='lat' dir='ltr'>tenuit</span> 
     </span>
     <span class='ocr_line' id='line_1_31' title="bbox 123 3542 1220 3628; baseline 0.004 -22"><span class='ocrx_word' id='word_1_253' title='bbox 123 3543 221 3608; x_wconf 80' lang='lat' dir='ltr'>Adam</span> <span class='ocrx_word' id='word_1_254' title='bbox 244 3545 345 3608; x_wconf 72' lang='lat' dir='ltr'>frater</span> <span class='ocrx_word' id='word_1_255' title='bbox 367 3542 453 3607; x_wconf 81' lang='lat' dir='ltr'>eius⁵</span> <span class='ocrx_word' id='word_1_256' title='bbox 477 3542 534 3628; x_wconf 91' lang='lat' dir='ltr'>qui</span> <span class='ocrx_word' id='word_1_257' title='bbox 559 3542 623 3607; x_wconf 86' lang='lat' dir='ltr'>fuit</span> <span class='ocrx_word' id='word_1_258' title='bbox 648 3542 790 3608; x_wconf 84' lang='lat' dir='ltr'>uillonuo</span> <span class='ocrx_word' id='word_1_259' title='bbox 815 3542 918 3628; x_wconf 80' lang='lat' dir='ltr'>ipsius</span> <span class='ocrx_word' id='word_1_260' title='bbox 944 3542 1075 3607; x_wconf 82' lang='lat' dir='ltr'>Ricardi</span> <span class='ocrx_word' id='word_1_261' title='bbox 1101 3551 1220 3610; x_wconf 84' lang='lat' dir='ltr'>terram</span> 
     </span>
     <span class='ocr_line' id='line_1_32' title="bbox 123 3644 1221 3730; baseline 0.003 -21"><span class='ocrx_word' id='word_1_262' title='bbox 123 3645 204 3710; x_wconf 83' lang='lat' dir='ltr'>illem</span> <span class='ocrx_word' id='word_1_263' title='bbox 218 3657 253 3712; x_wconf 89' lang='lat' dir='ltr'>et</span> <span class='ocrx_word' id='word_1_264' title='bbox 268 3646 358 3710; x_wconf 85' lang='lat' dir='ltr'>illam</span> <span class='ocrx_word' id='word_1_265' title='bbox 373 3645 515 3730; x_wconf 81' lang='lat' dir='ltr'>excoluit</span> <span class='ocrx_word' id='word_1_266' title='bbox 529 3654 564 3710; x_wconf 91' lang='lat' dir='ltr'>et</span> <span class='ocrx_word' id='word_1_267' title='bbox 578 3645 753 3709; x_wconf 81' lang='lat' dir='ltr'>seminauit</span> <span class='ocrx_word' id='word_1_268' title='bbox 773 3653 808 3710; x_wconf 92' lang='lat' dir='ltr'>et</span> <span class='ocrx_word' id='word_1_269' title='bbox 827 3644 904 3710; x_wconf 91' lang='lat' dir='ltr'>inde</span> <span class='ocrx_word' id='word_1_270' title='bbox 924 3645 1007 3710; x_wconf 89' lang='lat' dir='ltr'>obiit</span> <span class='ocrx_word' id='word_1_271' title='bbox 1028 3646 1166 3724; x_wconf 72' lang='lat' dir='ltr'>seisituS,</span> <span class='ocrx_word' id='word_1_272' title='bbox 1186 3655 1221 3712; x_wconf 88' lang='lat' dir='ltr'>et</span> 
     </span>
     <span class='ocr_line' id='line_1_33' title="bbox 124 3749 1222 3835; baseline 0.001 -21"><span class='ocrx_word' id='word_1_273' title='bbox 124 3758 349 3834; x_wconf 78' lang='lat' dir='ltr'>postmortem</span> <span class='ocrx_word' id='word_1_274' title='bbox 376 3749 446 3814; x_wconf 83' lang='lat' dir='ltr'>eine</span> <span class='ocrx_word' id='word_1_275' title='bbox 472 3749 565 3814; x_wconf 89' lang='lat' dir='ltr'>uenit</span> <span class='ocrx_word' id='word_1_276' title='bbox 590 3749 659 3835; x_wconf 81' lang='lat' dir='ltr'>ipse</span> <span class='ocrx_word' id='word_1_277' title='bbox 685 3749 853 3814; x_wconf 56' lang='lat' dir='ltr'>«lohannes</span> <span class='ocrx_word' id='word_1_278' title='bbox 881 3757 917 3813; x_wconf 90' lang='lat' dir='ltr'>et</span> <span class='ocrx_word' id='word_1_279' title='bbox 945 3750 1125 3835; x_wconf 79' lang='lat' dir='ltr'>asportnuit</span> <span class='ocrx_word' id='word_1_280' title='bbox 1154 3750 1222 3816; x_wconf 79' lang='lat' dir='ltr'>lino</span> 
     </span>
     <span class='ocr_line' id='line_1_34' title="bbox 123 3853 1221 3938; baseline 0.004 -22"><span class='ocrx_word' id='word_1_281' title='bbox 123 3853 219 3918; x_wconf 76' lang='lat' dir='ltr'>uirida</span> <span class='ocrx_word' id='word_1_282' title='bbox 233 3861 268 3918; x_wconf 91' lang='lat' dir='ltr'>et</span> <span class='ocrx_word' id='word_1_283' title='bbox 282 3875 347 3918; x_wconf 91' lang='lat' dir='ltr'>non</span> <span class='ocrx_word' id='word_1_284' title='bbox 362 3863 499 3930; x_wconf 80' lang='lat' dir='ltr'>matura,</span> <span class='ocrx_word' id='word_1_285' title='bbox 515 3862 549 3918; x_wconf 88' lang='lat' dir='ltr'>et</span> <span class='ocrx_word' id='word_1_286' title='bbox 570 3853 657 3919; x_wconf 88' lang='lat' dir='ltr'>idem</span> <span class='ocrx_word' id='word_1_287' title='bbox 673 3853 830 3918; x_wconf 78' lang='lat' dir='ltr'>Ricundus</span> <span class='ocrx_word' id='word_1_288' title='bbox 844 3853 1025 3938; x_wconf 79' lang='lat' dir='ltr'>asportauit</span> <span class='ocrx_word' id='word_1_289' title='bbox 1040 3854 1221 3920; x_wconf 81' lang='lat' dir='ltr'>koumiam⁶</span> 
     </span>
     <span class='ocr_line' id='line_1_35' title="bbox 124 3954 1220 4042; baseline 0.005 -24"><span class='ocrx_word' id='word_1_290' title='bbox 124 3965 276 4020; x_wconf 79' lang='lat' dir='ltr'>maturum</span> <span class='ocrx_word' id='word_1_291' title='bbox 305 3965 340 4020; x_wconf 89' lang='lat' dir='ltr'>et</span> <span class='ocrx_word' id='word_1_292' title='bbox 368 3955 442 4020; x_wconf 79' lang='lat' dir='ltr'>alio.</span> <span class='ocrx_word' id='word_1_293' title='bbox 486 3955 530 4020; x_wconf 91' lang='lat' dir='ltr'>Et</span> <span class='ocrx_word' id='word_1_294' title='bbox 559 3955 632 4022; x_wconf 88' lang='lat' dir='ltr'>ideo</span> <span class='ocrx_word' id='word_1_295' title='bbox 661 3954 900 4021; x_wconf 82' lang='lat' dir='ltr'>consideratum</span> <span class='ocrx_word' id='word_1_296' title='bbox 930 3964 981 4020; x_wconf 86' lang='lat' dir='ltr'>est</span> <span class='ocrx_word' id='word_1_297' title='bbox 1010 3957 1096 4042; x_wconf 93' lang='lat' dir='ltr'>quod</span> <span class='ocrx_word' id='word_1_298' title='bbox 1132 3957 1220 4022; x_wconf 90' lang='lat' dir='ltr'>idem</span> 
     </span>
    </p>
   </div>
   <div class='ocr_carea' id='block_1_4' title="bbox 127 4119 1190 4434">
    <p class='ocr_par' dir='ltr' id='par_1_8' title="bbox 127 4119 1190 4434">
     <span class='ocr_line' id='line_1_36' title="bbox 153 4119 863 4172; baseline 0 -2"><span class='ocrx_word' id='word_1_299' title='bbox 153 4119 456 4171; x_wconf 73' lang='lat' dir='ltr'>¹Rioherdieemeroed.</span> <span class='ocrx_word' id='word_1_300' title='bbox 691 4135 736 4172; x_wconf 82' lang='lat' dir='ltr'>ore</span> <span class='ocrx_word' id='word_1_301' title='bbox 745 4120 863 4172; x_wconf 85' lang='lat' dir='ltr'>omitted.</span> 
     </span>
     <span class='ocr_line' id='line_1_37' title="bbox 153 4185 1015 4253; baseline 0.005 -18"><span class='ocrx_word' id='word_1_302' title='bbox 153 4187 163 4217; x_wconf 83' lang='lat'>²</span> <span class='ocrx_word' id='word_1_303' title='bbox 177 4187 343 4248; x_wconf 74' lang='lat' dir='ltr'>ueymmun</span> <span class='ocrx_word' id='word_1_304' title='bbox 357 4185 381 4235; x_wconf 81' lang='lat' dir='ltr'>io</span> <span class='ocrx_word' id='word_1_305' title='bbox 393 4187 423 4236; x_wconf 86' lang='lat' dir='ltr'>in</span> <span class='ocrx_word' id='word_1_306' title='bbox 440 4185 548 4236; x_wconf 77' lang='lat' dir='ltr'>uiuord</span> <span class='ocrx_word' id='word_1_307' title='bbox 564 4187 640 4237; x_wconf 86' lang='lat' dir='ltr'>Hun-</span> <span class='ocrx_word' id='word_1_308' title='bbox 723 4188 734 4220; x_wconf 84' lang='lat'><strong>⁴</strong></span> <span class='ocrx_word' id='word_1_309' title='bbox 751 4187 823 4236; x_wconf 84' lang='lat' dir='ltr'>Oorr.</span> <span class='ocrx_word' id='word_1_310' title='bbox 832 4189 960 4238; x_wconf 75' lang='lat' dir='ltr'>Ricardm</span> <span class='ocrx_word' id='word_1_311' title='bbox 974 4187 1015 4253; x_wconf 77' lang='lat' dir='ltr'>(l).</span> 
     </span>
     <span class='ocr_line' id='line_1_38' title="bbox 127 4249 1190 4315; baseline 0.007 -16"><span class='ocrx_word' id='word_1_312' title='bbox 127 4249 188 4312; x_wconf 85' lang='lat' dir='ltr'>drod,</span> <span class='ocrx_word' id='word_1_313' title='bbox 205 4252 319 4310; x_wconf 74' lang='lat' dir='ltr'>Norlolln.</span> <span class='ocrx_word' id='word_1_314' title='bbox 337 4251 422 4302; x_wconf 77' lang='lat' dir='ltr'>which</span> <span class='ocrx_word' id='word_1_315' title='bbox 440 4252 582 4315; x_wconf 73' lang='lat' dir='ltr'>seemingly</span> <span class='ocrx_word' id='word_1_316' title='bbox 598 4253 639 4303; x_wconf 89' lang='lat' dir='ltr'>be·</span> <span class='ocrx_word' id='word_1_317' title='bbox 722 4252 734 4284; x_wconf 78' lang='lat'>⁵</span> <span class='ocrx_word' id='word_1_318' title='bbox 750 4252 861 4302; x_wconf 85' lang='lat' dir='ltr'>Brother</span> <span class='ocrx_word' id='word_1_319' title='bbox 872 4253 901 4302; x_wconf 84' lang='lat' dir='ltr'>ol</span> <span class='ocrx_word' id='word_1_320' title='bbox 909 4253 1026 4303; x_wconf 80' lang='lat' dir='ltr'>Williom</span> <span class='ocrx_word' id='word_1_321' title='bbox 1037 4254 1082 4304; x_wconf 90' lang='lat' dir='ltr'>the</span> <span class='ocrx_word' id='word_1_322' title='bbox 1092 4255 1190 4306; x_wconf 83' lang='lat' dir='ltr'>villein.</span> 
     </span>
     <span class='ocr_line' id='line_1_39' title="bbox 127 4316 1064 4434; baseline 0.01 -71"><span class='ocrx_word' id='word_1_323' title='bbox 127 4316 229 4430; x_wconf 41' lang='lat' dir='ltr'>longao&amp;</span> <span class='ocrx_word' id='word_1_324' title='bbox 239 4316 438 4433; x_wconf 41' lang='lat' dir='ltr'>thatim&amp;</span> <span class='ocrx_word' id='word_1_325' title='bbox 450 4317 532 4433; x_wconf 56' lang='lat' dir='ltr'>Elly.se</span> <span class='ocrx_word' id='word_1_326' title='bbox 549 4397 640 4434; x_wconf 51' lang='lat' dir='ltr'>namn</span> <span class='ocrx_word' id='word_1_327' title='bbox 723 4317 1064 4384; x_wconf 71' lang='lat' dir='ltr'>‘Strow,F1.cl1aume(?).</span> 
     </span>
     <span class='ocr_line' id='line_1_40' title="bbox 228 4397 626 4434; baseline 0.005 -2"><span class='ocrx_word' id='word_1_328' title='bbox 228 4397 256 4432; x_wconf 84' lang='lat' dir='ltr'>er</span> <span class='ocrx_word' id='word_1_329' title='bbox 289 4397 303 4431; x_wconf 84' lang='lat' dir='ltr'>e</span> <span class='ocrx_word' id='word_1_330' title='bbox 445 4398 469 4433; x_wconf 83' lang='lat' dir='ltr'><strong>w</strong></span> <span class='ocrx_word' id='word_1_331' title='bbox 487 4398 503 4434; x_wconf 93' lang='lat' dir='ltr'>o</span> <span class='ocrx_word' id='word_1_332' title='bbox 612 4398 626 4433; x_wconf 83' lang='lat' dir='ltr'>e</span> 
     </span>
    </p>
   </div>
   <div class='ocr_carea' id='block_1_5' title="bbox 0 0 1588 5075">
    <p class='ocr_par' dir='ltr' id='par_1_9' title="bbox 0 0 1588 5075">
     <span class='ocr_line' id='line_1_41' title="bbox 0 0 1588 5075; baseline 0 0"><span class='ocrx_word' id='word_1_333' title='bbox 0 0 1588 5075; x_wconf 95' lang='lat' dir='ltr'> </span> 
     </span>
    </p>
   </div>
  </div>
 </body>
</html>
