3167 5075
357 343 420 404 498
587 348 821 415 nrcnrmnns,
843 353 905 402 nn.
932 340 1024 414 1223,
1046 355 1109 405 nr„
1132 341 1227 407 7-8.

356 535 396 592 ut
419 527 454 591 in
477 534 628 613 pmpsrte
651 547 807 600 somnum,
828 546 891 611 que
915 525 947 590 ei
967 523 1161 590 descendere
1180 525 1279 591 debet
1298 525 1340 590 de
1361 534 1465 590 nistre

356 652 424 706 sua,
439 637 473 694 et
488 628 575 715 quod
589 627 677 693 idem
691 627 876 692 Willelmus
896 627 944 692 ite
964 627 1028 692 fuit
1047 627 1178 693 seisitus
1197 637 1233 692 et
1253 628 1341 714 quod
1364 629 1397 694 ei
1420 629 1467 693 its

356 735 456 800 debet
471 732 673 808 descendere,
688 732 782 797 offert
798 731 932 818 probare
948 731 1033 796 sieut
1047 732 1137 797 curie
1150 741 1210 798 ete
1297 799 1302 808 ,

423 838 467 903 Et
481 837 643 924 Mergens
657 837 751 902 uenit
765 844 801 900 et
815 834 962 900 defendit
977 835 1029 900 ius
1043 857 1139 900 sunm
1156 845 1217 900 ete.
1233 847 1268 901 et
1282 835 1465 921 dicitquod

356 942 426 1026 ipse
440 941 567 1005 nullum
578 940 629 1004 ius
643 939 763 1004 habere
777 939 899 1024 poterit
912 937 948 1002 in
963 938 1056 1002 terris
1071 938 1144 1015 illis,
1158 939 1237 1024 qnia
1250 939 1348 1004 Sarra
1361 947 1466 1003 mater

357 1043 503 1109 eiusdem
534 1043 653 1107 Vitnlis
681 1041 775 1107 cuins
804 1041 897 1105 heres
922 1040 991 1126 ipse
1017 1048 1068 1104 est
1097 1041 1223 1106 remisit
1251 1052 1286 1106 et
1315 1041 1465 1127 quietum

357 1145 512 1210 clamauit
529 1153 635 1210 totum
650 1144 702 1208 ins
716 1165 812 1208 suum
829 1143 915 1228 quod
929 1143 1000 1228 ipen
1015 1143 1132 1207 habuit
1152 1144 1186 1207 in
1207 1153 1295 1208 term
1309 1143 1466 1208 willelmi

358 1251 400 1314 de
416 1249 574 1335 Ohednay
588 1249 690 1335 patris
704 1249 756 1313 sui
770 1271 877 1312 eorem
892 1248 985 1312 Dom.
999 1248 1040 1312 H
1054 1247 1144 1332 Rege
1159 1270 1223 1312 auo
1238 1257 1297 1312 ete.
1309 1270 1367 1333 pro
1379 1257 1466 1312 tens

357 1353 399 1417 de
424 1352 539 1418 Colum
564 1375 662 1438 qnsm
685 1351 758 1436 ipss
779 1350 902 1436 recepit
922 1351 963 1415 nd
983 1359 1109 1436 partem
1130 1373 1230 1415 susm
1277 1351 1320 1415 Et
1343 1353 1466 1437 prnfert

357 1465 481 1520 mrtem
501 1455 647 1520 eiusdem
670 1455 713 1519 H.
735 1455 835 1542 Regis
856 1454 891 1518 in
911 1454 971 1519 hec
989 1453 1113 1532 nerbs¹,
1135 1455 1176 1518 R
1197 1454 1252 1519 dei
1272 1457 1384 1542 gracia
1407 1468 1464 1519 ete.

357 1560 504 1624 salutern.
550 1559 669 1624 Sciatis
691 1558 777 1645 qnod
800 1558 853 1622 hie
875 1567 925 1623 est
947 1558 1021 1622 finis
1043 1565 1077 1623 et
1100 1558 1160 1623 hec
1181 1558 1357 1624 conuencio
1381 1559 1467 1624 faeta

356 1687 464 1729 eoram
479 1688 531 1730 me
547 1663 635 1749 apud
649 1673 710 1729 etc.
726 1664 814 1728 inter
828 1665 1004 1752 Hugonem
1019 1664 1060 1729 de
1081 1665 1200 1751 Orescy
1214 1675 1249 1730 et
1268 1665 1465 1752 Margerism

357 1767 505 1832 uxorem¹
527 1777 562 1832 et
585 1769 715 1832 Snrrsm
736 1789 876 1832 sororem
896 1768 998 1854 ipsius
1018 1768 1188 1854 Margerie‚
1204 1767 1357 1834 uidelicet
1377 1769 1465 1855 quod

357 1871 429 1958 ipss
454 1872 551 1937 Sarra
574 1871 698 1958 reeepit
723 1870 857 1937 Oolum⁸
885 1893 960 1936 cum
990 1871 1180 1956 Snrdesleya
1208 1894 1283 1936 curn
1313 1874 1467 1938 omnibns

357 1975 566 2061 pertinenciis
580 1983 639 2040 ete
655 1996 713 2061 pro
728 1982 820 2060 perte
836 1997 895 2040 sus
909 1983 993 2039 terre
1009 1974 1111 2060 petris
1125 1973 1184 2048 sui,
1195 1973 1244 2038 ita
1257 1973 1344 2060 qnod
1358 1984 1466 2040 totam

356 2079 515 2165 reliquam
540 2087 667 2164 purtem
693 2075 849 2141 clamauit
875 2076 1021 2162 quietam
1047 2077 1207 2164 Mugerie
1229 2086 1264 2142 et
1289 2077 1468 2145 heredibus

355 2184 424 2248 suis
445 2191 505 2249 ete
521 2183 597 2248 Hiis
618 2182 759 2248 testibus
779 2191 840 2246 ete
886 2182 930 2246 Et
952 2183 1013 2247 hee
1034 2182 1161 2246 racione
1183 2181 1263 2246 dicit
1284 2182 1356 2268 ipen
1380 2185 1465 2270 quod

356 2288 425 2374 ipse
440 2288 567 2352 nullum
582 2287 634 2352 ius
648 2287 748 2352 habet
763 2286 798 2350 in
814 2295 901 2352 terra
915 2287 973 2352 ills
986 2295 1021 2351 et
1036 2286 1122 2372 petit
1143 2287 1207 2352 sibi
1225 2286 1356 2352 alloenri
1380 2288 1468 2376 quod

356 2390 425 2475 ipse
440 2390 546 2455 adhuc
561 2397 652 2454 tenet
668 2388 784 2453 Colum
800 2388 884 2452 sient
899 2387 1005 2452 eidem
1022 2388 1117 2452 Serre
1128 2388 1282 2453 remansit
1295 2411 1355 2476 per
1367 2389 1467 2454 finem

356 2493 450 2559 illum
465 2502 525 2559 ete

420 2598 465 2661 Et
480 2597 598 2662 Vitatis
614 2598 707 2662 uenit
716 2606 752 2663 et
762 2597 844 2663 dicit
858 2596 945 2683 quod
960 2604 1050 2662 carta
1060 2597 1118 2662 illa
1131 2596 1173 2662 de
1188 2598 1279 2662 Dom
1293 2598 1390 2685 Rege
1406 2622 1468 2663 non

353 2700 454 2766 debet
470 2701 502 2765 ei
516 2722 630 2766 nocere
645 2724 706 2766 nee
720 2701 880 2788 Margerie
897 2701 1014 2780 ualere,
1030 2700 1108 2787 qnia
1122 2709 1214 2765 carte
1228 2700 1284 2765 ills
1299 2702 1392 2767 sacta
1405 2703 1470 2767 fuit

355 2814 390 2869 et
412 2804 594 2880 conuenci0‚
609 2804 638 2869 si
659 2827 815 2891 umquem
837 2806 924 2871 faeta
946 2804 1018 2881 snit,
1038 2805 1103 2870 fuit
1125 2805 1211 2869 facts
1232 2814 1381 2890 tempore
1405 2828 1470 2891 qno

355 2905 453 2969 Serre
467 2912 571 2968 meter
585 2926 645 2969 sus
658 2904 723 2969 fuit
738 2904 772 2969 in
787 2905 935 2970 custodie
949 2906 1044 2972 Dom.
1060 2906 1160 2992 Regis
1180 2914 1215 2970 et
1235 2905 1319 2970 infra
1332 2916 1471 2983 etatem,

355 3016 390 3073 et
412 3018 560 3094 preterea
581 3008 652 3095 ipse
674 3010 771 3075 Sarra
791 3033 960 3096 nunquam
982 3010 1048 3075 fuit
1069 3010 1105 3075 in
1126 3010 1245 3075 seisina
1263 3010 1305 3075 de
1320 3012 1472 3098 predicta

356 3123 443 3175 terre
463 3110 504 3175 de
527 3110 644 3199 Colum
665 3111 845 3177 secundum
867 3112 1120 3177 conuencionem
1141 3114 1233 3178 illem
1253 3122 1327 3199 post
1341 3125 1469 3179 mrtem

354 3215 444 3279 illem
467 3214 586 3279 factam
607 3224 685 3279 ente
707 3224 925 3302 tempusque
947 3217 1019 3303 ipss
1041 3217 1138 3283 Serre
1157 3240 1216 3303 per
1230 3218 1324 3283 Dom.
1340 3218 1470 3307 Regem

355 3318 509 3384 maritata
536 3318 600 3383 fuit
629 3319 767 3384 Ricardo
796 3321 883 3406 patri
910 3343 979 3399 suo,
1005 3330 1056 3387 set
1086 3331 1165 3387 tnnc
1195 3322 1289 3388 Dom.
1314 3322 1389 3387 Rex
1415 3346 1473 3409 per

355 3421 559 3486 uoluntatem
581 3444 675 3487 snam
697 3424 834 3489 tradidit
857 3425 997 3491 Riderdo
1017 3427 1088 3491 uino
1108 3448 1167 3491 suo
1182 3426 1413 3493 terramillam
1431 3428 1473 3494 de

356 3524 483 3602 Colum,
497 3526 575 3612 quis
588 3526 688 3613 Hugn
703 3528 743 3592 de
762 3528 880 3615 Cresey
896 3538 932 3594 et
951 3530 1023 3617 ipsa
1043 3531 1206 3617 Margeria
1227 3553 1356 3617 semper
1378 3534 1473 3617 prius

354 3630 488 3695 fuerunt
503 3631 538 3695 in
552 3631 673 3697 seisinn
686 3632 728 3696 de
743 3640 814 3697 tots
828 3633 963 3699 baronis
976 3634 1104 3721 integre
1119 3646 1155 3699 et
1169 3634 1210 3701 de
1232 3636 1348 3701 Colum
1369 3650 1411 3701 et
1432 3636 1472 3702 de

353 3732 427 3797 aliis
441 3734 535 3798 terris
550 3756 652 3820 nsque
667 3734 781 3800 eedem
797 3736 895 3801 Sans
909 3738 974 3802 fuit
989 3740 1152 3815 maritate,
1161 3748 1198 3803 et
1208 3739 1294 3825 petit
1308 3739 1472 3805 iudicium

353 3833 480 3898 desicut
495 3834 566 3920 ipss
580 3834 680 3899 nichil
696 3836 797 3901 habet
815 3837 857 3903 de
878 3838 949 3925 ipss
971 3840 1069 3905 Sarra
1090 3841 1131 3905 de
1153 3841 1268 3927 quiete
1289 3842 1474 3909 clamanda

354 3936 417 3999 nisi
432 3945 561 4001 tantum
578 3938 802 4003 testimoninm
817 3940 911 4007 Dom„
928 3942 1037 4030 Regis,
1052 3943 1081 4009 si
1100 3967 1139 4009 es
1160 3944 1324 4009 oecasione
1345 3943 1472 4011 debeat

354 4038 570 4105 hereditatem
584 4064 677 4107 sunm
691 4043 835 4129 perdere,
851 4047 1024 4131 presertim
1044 4046 1173 4112 desicut
1193 4057 1274 4114 tnnc
1295 4048 1360 4113 fuit
1386 4051 1474 4115 infra

353 4152 475 4207 etatem
498 4153 533 4208 et
554 4144 589 4208 in
610 4145 764 4212 custodis
811 4148 855 4213 Et
877 4150 1041 4236 Mergeris
1062 4150 1145 4216 dicit
1166 4153 1254 4238 quod
1275 4153 1345 4237 ipsa
1371 4152 1473 4219 Sarra

386 4286 395 4318 ¹
413 4286 881 4356 Theneteboohnmitntormslpnrts
966 4297 977 4329 ²
995 4296 1094 4362 Supply
1104 4300 1167 4360 eine,
1182 4300 1213 4348 A.

354 4350 438 4401 which
449 4366 492 4401 ere
503 4353 584 4404 round
594 4354 622 4404 in
634 4355 679 4405 the
689 4358 748 4408 roll.
965 4361 977 4394 ⁸
994 4362 1074 4412 Oolne
1085 4364 1211 4426 Eumne,
1227 4365 1314 4415 Emer.
