3167 5075
336 418 455 470 cosan
475 420 573 481 asoa,
595 418 659 470 an.
684 406 930 483 1238-9,a.a.
953 408 1005 473 23.
1160 410 1223 473 255

129 596 230 680 aliqua
252 595 463 681 inquisicione
488 594 564 660 inde
591 594 677 659 facta
701 592 834 659 admisit
859 591 1135 661 Bartholomeum.
1180 596 1224 661 Et

129 698 276 763 Ricardus
299 698 341 764 de
366 699 400 763 la
420 698 509 763 Lade
535 706 615 763 tunc
640 698 835 763 senescallus
859 697 998 764 Comitis
1023 698 1223 764 Glaucestrie

128 802 300 891 dicitquod
319 802 435 869 Comes
452 802 509 888 qui
528 801 649 867 donum
669 800 752 866 illud
774 802 888 867 fecisse
906 800 1021 867 debuit
1040 799 1124 869 obiit
1140 802 1225 867 infra

127 906 184 971 viii
199 906 396 993 septimanas
410 927 469 992 per
482 926 632 993 guerram
648 911 708 973 eta

125 1215 310 1285 PLAOI'I'A
321 1218 416 1298 QUE
429 1217 766 1297 SEQUEBAN'I'UR
776 1217 885 1283 DOM
895 1218 1053 1283 REGEM
1062 1218 1226 1283 HENRI-

202 1320 300 1386 CUM
323 1320 488 1385 FILIUM
510 1321 646 1387 REGIS
668 1320 907 1386 IOHANNIS
929 1321 1062 1387 ANNO
1081 1322 1225 1387 REGNI
1309 1349 1312 1354 >

202 1424 279 1491 SUI
294 1425 514 1491 VIOESIMO
536 1425 702 1492 TEROIO
724 1424 883 1491 CORAM
902 1426 1142 1492 WILLELMO
1163 1426 1233 1502 Da,

200 1530 422 1596 BALEGHA
434 1528 540 1597 Ero}

50 1748 94 1813 ee.
180 1748 293 1813 Assisa
331 1749 425 1814 uenit
461 1748 667 1835 recognitum
702 1748 731 1812 si
767 1746 926 1835 Magister
961 1746 1146 1813 Willelmus
1182 1747 1222 1812 de
1236 1748 1382 1843 fflfflsst’

124 1850 320 1919 Kentewella
342 1862 376 1918 et
398 1852 599 1939 Reginaldus
620 1850 660 1917 de
683 1852 769 1918 Albo
792 1852 990 1919 Monasterio
1011 1854 1132 1919 iniust-e
1162 1862 1222 1918 ctc.

122 1954 362 2022 disseisiuerunt
382 1956 584 2021 Willelmum
604 1956 748 2021 Priorem
769 1958 802 2022 S.
818 1956 991 2023 Trinitatis
1004 1958 1046 2023 de
1061 1957 1223 2044 Gipewico

121 2057 157 2123 de
171 2059 270 2124 libero
288 2067 474 2124 tenemento
489 2081 546 2124 suo
561 2058 596 2122 in
615 2058 791 2123 Hertherst
811 2068 885 2145 post
906 2060 1044 2146 primam
1063 2060 1223 2125 coronaci-

121 2184 206 2227 onem
236 2172 309 2241 etc,
339 2172 374 2228 et
403 2163 490 2228 unde
520 2161 601 2227 dicit
626 2161 713 2248 quod
738 2161 986 2228 disseisiuerunt
1011 2186 1087 2228 eum
1113 2162 1154 2228 de
1179 2163 1221 2250 vj.

121 2266 169 2331 sol.
189 2264 339 2331 redditus
362 2274 396 2329 et
418 2264 506 2331 unde
535 2263 615 2330 dicit
645 2262 732 2351 quod
761 2263 849 2330 idem
878 2264 1079 2352 Reginaldus
1107 2265 1223 2331 debuit

120 2368 242 2436 reddere
276 2370 307 2434 ei
336 2368 501 2434 redditum
531 2368 623 2433 illum
654 2376 688 2433 et
718 2390 806 2433 nunc
836 2390 911 2435 eum
941 2368 1049 2434 reddit
1077 2369 1222 2456 predicto

120 2471 270 2560 Magistro
290 2460 463 2537 Willelmo.
510 2470 554 2535 Et
575 2470 733 2558 Magister
756 2470 940 2537 Willelmus
964 2478 998 2537 et
1022 2471 1222 2560 Reginaldus

120 2597 176 2641 non
204 2577 355 2654 ueniunt,
381 2583 416 2642 et
445 2576 602 2664 Magister
631 2575 816 2640 Willclmua
845 2573 1044 2641 attachiatus
1073 2575 1136 2640 fuit
1165 2598 1223 2662 per

120 2681 293 2747 Roberturn
315 2681 356 2746 de
380 2679 602 2746 Gerardeuilla
624 2687 658 2744 et
679 2677 788 2766 plures
809 2677 897 2756 alios,
921 2689 955 2744 et
974 2677 1048 2745 ideo
1067 2682 1169 2768 plegii
1188 2683 1222 2746 in

119 2785 338 2851 misericordia.

176 2891 346 2956 Juratores
368 2887 483 2953 dicunt
507 2883 594 2972 qnod
617 2885 805 2952 Gilobertus
828 2885 869 2951 de
895 2885 1099 2951 Kentewella
1123 2887 1223 2952 frater

119 2989 211 3076 ipsius
240 2991 394 3080 Magistri
423 2989 580 3056 Willelmi
617 2989 710 3055 dedit
745 2987 910 3054 redditum
946 2986 1041 3054 illum
1077 2990 1222 3076 predicto

119 3095 213 3162 Priori
243 3099 276 3164 S.
307 3095 477 3162 Trinitatis
508 3093 548 3158 de
579 3093 741 3179 Gipewico
771 3102 806 3158 et
831 3093 1013 3158 attomauit
1037 3091 1221 3179 predictum

119 3199 329 3288 Roginaldum
352 3199 411 3287 qui
430 3197 595 3264 redditum
616 3199 709 3263 illum
730 3198 762 3263 ei
782 3197 916 3263 reddere
937 3197 1061 3262 solebat
1076 3198 1220 3283 predicto
1233 3219 1360 3260 soa-aa

1233 3271 1294 3305 acute
1302 3268 1364 3306 alleu-

121 3303 213 3369 Priori
233 3313 268 3369 et
287 3305 337 3369 ita
356 3303 442 3390 quod
462 3302 549 3367 idem
572 3300 772 3388 Reginaldus
792 3323 922 3386 semper
940 3301 1063 3367 solebat
1086 3301 1220 3367 reddere
1232 3313 1382 3400 {guam-st

118 3409 294 3494 predictum
317 3407 484 3473 redditum
504 3405 610 3470 eidem
629 3405 731 3470 Priori
750 3405 957 3492 perlongum
972 3402 1102 3491 tempus
1117 3427 1219 3491 usque
1232 3409 1383 3494 fflffig

120 3509 156 3574 ad
170 3519 298 3598 tempus
313 3511 451 3576 aliorum
466 3509 717 3574 iusticiarionrm
733 3508 963 3574 itinerancium
978 3509 1101 3574 scilicet
1115 3508 1220 3574 tribus
1232 3501 1369 3595 ssiss'ffl„

118 3615 204 3680 anuis
227 3615 352 3702 elapsis
399 3615 443 3678 Et
466 3613 587 3700 quesiti
610 3613 750 3701 qualiter
773 3625 808 3678 et
832 3637 897 3700 qua
915 3614 1088 3691 occasione,
1105 3612 1219 3678 dicunt
1232 3593 1379 3727 {3¹:232ssss

119 3717 197 3800 quod
235 3718 323 3784 idern
363 3718 521 3805 Magister
556 3717 740 3784 Willelmus
775 3717 853 3782 fecit
890 3715 1128 3782 districcionem
1161 3733 1364 3820 prom

118 3817 242 3884 redditu
260 3821 317 3884 illo
338 3820 388 3884 ita
407 3819 493 3906 quod
512 3819 600 3884 idem
621 3817 823 3906 Reginaldus
841 3817 984 3883 reddidit
1004 3818 1036 3882 ci
1054 3817 1218 3884 redditum
1232 3813 1383 3869 madebit

119 3919 206 3986 illum
230 3933 360 3989 coactus
384 3933 418 3988 et
442 3945 501 4010 per
523 3923 768 3988 districcionem.
814 3923 858 3986 Et
882 3920 956 3987 ideo
981 3922 1218 3988 consideratum
1231 3873 1359 4008 {iffi}

119 4026 264 4111 estquod
278 4026 365 4091 idem
382 4027 474 4090 Prior
486 4026 691 4112 recuperauit
706 4025 858 4090 saisinam
874 4046 966 4117 suam
980 4047 1095 4090 uersus
1110 4025 1218 4113 ipsum
1231 4015 1298 4056 ''⁰¹²''

149 4183 157 4216 ¹
173 4187 332 4250 Apparently
341 4187 386 4237 the
394 4186 457 4250 king
468 4187 521 4238 and
532 4165 641 4250 Raleigh
691 4188 831 4238 Bracton’a
841 4186 966 4238 citatione
976 4185 995 4235 i.
1009 4188 1065 4247 195,
1077 4188 1134 4240 200.

119 4247 174 4298 held
185 4267 201 4300 a
212 4253 311 4302 naasion
322 4257 350 4302 at
359 4253 479 4302 Norwieh
490 4253 543 4303 and
554 4253 640 4303 Catea-
723 4255 734 4285 ²
749 4252 877 4316 Babergh.
891 4252 998 4304 Suflollr.

119 4313 171 4364 bul]
182 4316 223 4365 lor
234 4331 304 4366 cases
314 4317 382 4366 from
393 4317 438 4366 the
450 4323 553 4367 eastern
562 4333 640 4368 coun-
723 4317 735 4351 ⁸
750 4319 797 4366 Br.
806 4319 826 4366 l.
838 4319 887 4367 203
897 4317 924 4368 b.
956 4315 1022 4368 'l'bis
1037 4331 1095 4369 case
1111 4318 1135 4369 ls
1149 4317 1216 4370 I'itz.

120 4379 172 4430 tiae.
207 4381 263 4431 Tha
273 4382 401 4444 marginal
412 4397 508 4432 renuas
518 4397 562 4432 ara
573 4383 640 4432 hun·
691 4385 782 4442 Ambe,
794 4384 854 4432 4³4.

120 4443 191 4495 dreds
210 4445 239 4496 in
254 4447 362 4498 Norlolk
378 4447 432 4498 and
452 4447 560 4499 Suflollr.
594 4447 642 4498 See
