3167 5075
404 393 541 464 merus,
563 394 628 443 sn
653 381 745 456 1226,
767 395 831 445 nn
856 382 910 446 10.
1145 385 1206 445 581

118 567 248 632 aduentu
269 565 518 632 iustieiuriorum
539 565 582 632 ad
604 567 898 656 recognoscendum
916 569 948 634 si·
966 569 1046 655 quid
1066 570 1209 635 clement

117 671 147 736 in
164 671 251 736 feodo
270 671 327 735 illo
347 679 382 736 et
402 671 538 736 seruicio
558 681 631 747 ete.,.
644 680 678 736 et
700 672 730 736 si
749 671 911 737 dederunt
931 672 1016 738 illud
1034 671 1207 737 seruieium

116 775 247 860 predicto
258 775 422 840 Willelmo
437 785 509 862 post
523 775 706 861 predictum
721 775 820 840 finem
831 775 916 840 sieut
927 775 1013 841 idem
1025 775 1211 841 Willelmus

116 878 194 956 dicit,
207 881 260 945 uel
275 902 340 944 non
355 889 416 945 ete.

51 981 81 1042 id.
171 979 345 1047 ¹He'nrieus
359 983 400 1048 de
416 982 575 1069 Rumully
589 991 623 1047 et
639 983 756 1047 Emme
770 1005 852 1047 uxor
871 982 943 1048 eius
960 990 1080 1069 petunt
1097 1005 1211 1047 uersus

114 1087 302 1152 Wiilelmum
329 1087 433 1152 filium
460 1087 609 1152 Guuhidi
630 1086 842 1152 medietatem
864 1095 980 1172 quarte
1001 1087 1105 1172 pertis
1125 1085 1211 1152 feodi

113 1191 200 1254 unius
213 1190 328 1255 militis
342 1213 416 1255 eum
431 1198 512 1275 pert
528 1191 563 1255 in
579 1190 730 1276 Roygnes
744 1197 783 1253 ut
799 1190 850 1264 ius
865 1189 968 1275 ipsius
982 1190 1099 1255 Emme
1118 1198 1152 1255 et
1172 1199 1212 1255 ut

112 1291 327 1357 racionabilem
362 1300 489 1378 partem
525 1314 618 1357 suem
655 1314 719 1377 que
749 1314 822 1356 eam
851 1292 1013 1379 contingit
1041 1293 1082 1358 de
1111 1293 1212 1358 libero

112 1404 291 1462 tenemento
305 1395 391 1482 quod
406 1396 470 1460 fuit
485 1395 616 1460 Ricardi
631 1396 691 1460 filii
702 1395 860 1460 Willelmi
870 1395 1034 1481 patris-sui
1048 1397 1083 1461 in
1098 1396 1212 1462 eedem

112 1499 183 1564 uilla
209 1509 269 1565 ete.
330 1500 374 1564 Et
402 1499 587 1564 Willelmus
622 1499 716 1565 uenit
753 1509 787 1564 et
825 1499 905 1565 dicit
934 1500 1021 1588 quod
1048 1501 1213 1588 predictus

111 1603 259 1668 Ricardus
274 1603 390 1667 habuit
404 1603 485 1667 dues
500 1602 582 1668 filies
597 1603 661 1668 scil.
675 1603 779 1689 ipsam
796 1605 946 1669 Emmam
962 1615 996 1670 et
1008 1606 1214 1692 Mergeriem,

111 1715 139 1768 et
154 1705 312 1792 Murgeria
326 1704 442 1770 habuit
457 1705 539 1769 filios
554 1705 705 1791 quisunt
720 1706 827 1770 edhuc
841 1706 925 1772 infru
940 1717 1072 1786 etatem,
1086 1717 1121 1773 et
1140 1708 1214 1772 ideo

110 1831 167 1872 non
184 1810 257 1874 uult
277 1809 320 1874 ad
340 1810 400 1873 hoe
422 1810 522 1875 breue
544 1810 734 1895 respondere
757 1809 823 1874 nisi
843 1811 933 1875 curie
954 1810 1212 1877 considerauerit.

110 1914 148 1978 Et
162 1915 322 1981 Henricus
337 1924 372 1980 et
387 1915 504 1980 Emme
517 1915 631 1980 dieunt
652 1914 739 2001 quod
758 1938 824 1979 non
843 1915 985 1980 clement
1005 1916 1067 1981 nisi
1086 1924 1213 2002 purtem

109 2041 201 2084 enam
246 2020 292 2083 Et
313 2018 433 2106 quesiti
455 2019 482 2084 ei
508 2018 665 2084 Ricardus
690 2026 886 2105 paterenus
911 2018 993 2083 obiit
1017 2019 1147 2084 seisitus
1172 2017 1213 2084 de

109 2133 188 2188 tene
201 2123 267 2200 illa„
282 2123 397 2188 dicunt
412 2122 498 2209 quod
516 2145 588 2187 non
634 2121 678 2186 Et
699 2121 772 2186 ideo
793 2120 1032 2186 consideratum
1054 2131 1105 2186 est
1126 2121 1213 2208 quod

109 2248 167 2290 non
191 2226 355 2313 respond'
381 2226 451 2292 sine
477 2226 550 2291 aliis
575 2226 692 2312 pueris,
717 2233 752 2290 et
776 2225 850 2290 ideo
873 2225 943 2290 sine
965 2225 1020 2290 die
1045 2225 1213 2312 usquead

109 2340 224 2396 etatem
241 2353 415 2418 puerorum
432 2329 592 2416 Murgerie
608 2339 668 2395 ete.

47 2433 75 2498 u.
167 2436 360 2502 ’Petronille
389 2457 452 2522 que
482 2435 545 2500 fuit
577 2457 657 2499 uxor
685 2435 707 2500 J
709 2434 845 2500 ohannis
874 2434 915 2499 de
945 2435 978 2498 lo
1002 2434 1098 2500 Wike
1126 2435 1213 2521 petit
1299 2446 1304 2484 ῑ

106 2562 213 2605 uersus
228 2540 400 2605 Matheum
416 2539 519 2603 filium
536 2538 688 2603 Giliberti
704 2538 838 2603 terciam
849 2546 976 2623 partem
991 2538 1135 2624 quinque
1150 2560 1212 2603 uer.

108 2652 185 2709 terre
200 2654 262 2709 ete.
278 2644 313 2709 in
328 2644 502 2720 Mentem,
520 2651 554 2707 et
571 2664 683 2707 uersus
698 2642 781 2707 tales
800 2650 860 2708 ete.
876 2651 1003 2707 tentem
1019 2651 1138 2707 terrem
1153 2650 1214 2708 ete.

107 2756 141 2811 ut
161 2748 272 2813 dotem
295 2770 387 2813 suam
410 2746 482 2811 ete‘
527 2746 571 2809 Et
591 2745 744 2810 Metheus
765 2753 801 2809 et
820 2768 931 2810 omnes
951 2746 1007 2810 elii
1026 2746 1165 2810 ueniunt
1179 2755 1214 2811 et

107 2860 218 2916 noeent
241 2850 285 2916 ad
306 2857 486 2915 warantum
510 2848 667 2913 Thomam
688 2848 729 2913 de
749 2848 849 2915 Wika
863 2850 996 2914 fratrem
1012 2859 1046 2915 et
1061 2850 1213 2916 heredem

105 2956 238 3039 predicti
265 2955 433 3021 Johannis.
488 2953 553 3033 Qui
579 2953 672 3017 uenit
697 2975 756 3038 per
781 2953 1065 3018 summonicionem
1089 2961 1158 3031 ete,
1180 2961 1215 3018 et

106 3059 180 3124 dicit
195 3058 285 3146 quod
299 3082 363 3123 non
378 3058 476 3123 debet
492 3057 538 3121 eis
553 3054 768 3132 warentizere
785 3056 863 3142 quie
877 3055 917 3121 de
932 3056 1066 3121 Matheo
1085 3056 1165 3121 dicit
1179 3056 1215 3121 in

106 3164 203 3247 primo
226 3164 315 3250 quod
337 3185 402 3242 non
421 3162 521 3227 debet
541 3161 573 3225 ei
586 3160 802 3237 warentizure,
817 3159 894 3245 quia
907 3160 930 3225 J
932 3160 1074 3225 ohannes
1091 3158 1097 3241 Ι
1116 3160 1216 3224 frater

106 3290 178 3333 suus
193 3268 279 3333 obiit
294 3267 425 3333 seisitus
439 3266 480 3331 de
495 3266 552 3330 illa
567 3274 654 3329 terre
668 3287 766 3351 quem
782 3273 883 3341 tenet,
898 3273 933 3329 et
953 3264 1041 3329 idem
1061 3264 1215 3329 Mothous

106 3392 165 3435 non
187 3372 291 3437 hebet
312 3372 494 3458 ingressum
516 3369 580 3433 nisi
602 3391 660 3454 per
680 3368 894 3433 intrusionem
921 3390 1019 3453 quem
1043 3368 1121 3432 fecit
1142 3375 1215 3453 post

107 3483 239 3539 mortem
271 3474 417 3539 eiusdem
446 3471 615 3548 (Iohannis,
644 3480 678 3537 et
708 3471 784 3535 inde
815 3470 895 3535 tulit
921 3470 989 3555 ipse
1015 3472 1147 3536 assisam
1174 3472 1215 3537 de

106 3588 203 3643 morte
219 3577 431 3643 antecessoris
445 3599 542 3662 super
557 3575 697 3641 eundem
714 3575 895 3651 Metheum,
910 3583 945 3640 et
958 3575 1044 3661 petit
1058 3575 1216 3641 iudicium

106 3680 132 3745 si
144 3703 242 3768 super
258 3681 318 3746 hoe
332 3680 452 3745 debeat
466 3680 656 3743 wereneiam
671 3680 784 3743 fecere.

168 3786 212 3850 Et
236 3786 391 3851 Mothous
416 3783 497 3849 dicit
522 3783 609 3870 quod
633 3784 670 3848 in
694 3782 950 3869 Quadragesima
975 3791 1052 3847 ente
1078 3790 1215 3847 mortem

106 3888 126 3952 J
129 3889 264 3955 ohannis
286 3889 378 3955 dedit
399 3889 487 3954 idem
507 3888 674 3954 Johennes
694 3887 725 3951 ei
747 3896 867 3951 terrem
882 3886 980 3964 illem,
995 3886 1044 3951 ita
1057 3886 1143 3972 quod
1158 3908 1217 3973 per

107 3990 223 4058 donum
247 3992 330 4057 illud
353 3992 416 4057 fuit
438 3992 473 4057 in
495 3992 613 4057 seisine
635 4000 669 4056 et
692 4000 812 4057 terram
834 3990 940 4056 areuit
963 4000 996 4056 et
1019 3990 1161 4068 fosseuit,
1181 4000 1216 4057 et

105 4106 216 4181 'postea
238 4096 326 4162 uixit
347 4096 513 4161 Johannes
534 4117 636 4181 usque
659 4094 701 4160 ed
724 4094 937 4159 Pentecosten
960 4103 1159 4180 sequentem,
1180 4104 1216 4160 et

138 4270 146 4301 ¹
163 4271 193 4319 B.
205 4286 243 4320 m.
258 4266 288 4319 11
300 4268 326 4319 d.
717 4270 728 4301 ⁴
746 4268 817 4319 Serto
833 4268 866 4319 de
881 4268 1031 4329 Bedehkin,
1044 4268 1099 4319 Rie.
1116 4270 1152 4321 fil.
1169 4272 1214 4319 Ar·

138 4334 279 4399 'resp’Bz
296 4334 420 4401 probably
432 4338 633 4401 respondeantur.
688 4334 768 4391 mildi,
792 4334 857 4385 Rob.
882 4334 914 4383 de
941 4335 1077 4384 Hildelnth
1102 4351 1146 4385 ere
1171 4336 1215 4385 the

138 4399 148 4431 ³
164 4402 194 4450 Β.
207 4416 243 4451 m.
258 4403 290 4450 12
301 4400 326 4450 d.
688 4399 761 4449 other
773 4402 885 4460 tenente,
899 4400 928 4451 B.
