3167 5075
342 394 406 459 212
559 400 677 459 consu
698 408 798 471 ausu,
819 407 884 457 un.
909 389 1068 469 1236-7,
1090 406 1155 457 aa
1176 394 1227 457 21.

340 586 473 668 pasture
487 601 545 646 sue
559 578 595 645 in
609 578 777 645 Killebun'
790 600 853 665 que
864 578 1009 665 pertinet
1018 576 1061 643 ad
1072 577 1211 644 liberum
1221 585 1448 645 tenementum

340 706 436 749 suum
451 682 487 748 in
501 681 701 769 Turkeleby¹
715 688 790 768 pest
804 680 944 767 primam
958 688 1020 745 ete.

405 786 450 866 Et
471 786 633 852 Robertus
654 784 749 850 uenit
769 792 806 849 et
827 784 907 850 dieit
928 783 1016 871 qued
1037 784 1138 850 assisa
1161 807 1226 850 non
1248 785 1351 852 debet
1372 785 1447 851 inde

339 888 411 957 fieri
434 891 512 978 quia
531 889 771 977 perambulaeio
793 888 874 954 alias
895 890 1056 955 intereos
1077 890 1165 955 faeta
1185 890 1249 955 fuit
1270 890 1313 955 de
1334 891 1449 955 endem

338 1016 511 1058 commune
525 994 565 1058 de
580 1015 711 1058 assensu
727 992 873 1079 parcium
888 1014 995 1057 eoram
1008 992 1060 1059 W.
1075 992 1117 1057 de
1132 993 1284 1072 Eboraeo,
1298 994 1349 1059 ita
1361 994 1448 1079 quod

339 1119 398 1183 per
418 1096 732 1184 perambulaeionem
753 1096 845 1161 illam
866 1096 1023 1161 remansit
1043 1096 1180 1162 cuilibet
1205 1097 1350 1184 imorum
1373 1122 1449 1185 pars

338 1222 399 1265 sua
422 1224 482 1287 per
503 1223 538 1265 se
561 1200 631 1266 sine
657 1222 830 1266 commune
852 1222 951 1286 quam
974 1200 1062 1266 idem
1088 1202 1276 1289 Stephanus
1304 1226 1380 1269 eum
1408 1226 1448 1269 eo

338 1302 456 1368 habuit
480 1310 517 1369 et
541 1302 610 1367 sine
636 1324 809 1368 commune
838 1325 936 1389 quam
961 1302 1049 1368 idem
1078 1304 1242 1371 Robertus
1270 1328 1346 1371 eum
1377 1306 1448 1393 ipso

339 1405 507 1492 Stephano
522 1405 646 1483 habuit,
662 1414 697 1469 et
712 1404 799 1492 quod
813 1427 982 1491 nunquam
996 1405 1059 1470 sibi
1073 1405 1199 1492 ahquid
1212 1409 1386 1495 occupauit
1406 1409 1447 1474 de

337 1518 431 1597 parte
445 1510 547 1597 ipsius
563 1510 731 1597 Stephani,
746 1517 782 1574 et
795 1509 872 1575 inde
886 1509 980 1596 ponit
994 1532 1028 1575 se
1042 1532 1141 1596 super
1154 1510 1303 1579 iuratam

402 1614 426 1679 J
427 1622 571 1679 uratores
590 1614 705 1679 dieunt
722 1612 810 1700 quod
824 1636 938 1679 reuera
952 1612 1092 1700 quedam
1106 1614 1347 1701 perambulaeio
1361 1616 1450 1681 faeta

337 1716 402 1783 fuit
415 1717 502 1783 inter
515 1726 635 1783 terram
650 1718 793 1804 ipsorum
808 1717 849 1782 de
863 1740 1020 1783 consensu
1035 1718 1206 1805 utriusque
1220 1720 1325 1805 partis
1338 1727 1374 1785 et
1387 1742 1450 1807 per

338 1844 436 1908 quam
458 1821 597 1909 quedem
620 1822 780 1908 particula
801 1829 887 1887 terre
906 1821 994 1887 unde
1015 1822 1182 1888 eonteneio
1202 1824 1266 1889 fuit
1286 1824 1449 1889 intereos

336 1924 494 1991 remansit
521 1926 667 2013 predicte
696 1925 848 2003 Roberto,
877 1933 913 1991 et
941 1925 1020 2011 quia
1056 1925 1220 2011 predictus
1257 1924 1448 2012 Stephanus
1554 1919 1556 1989 i

337 2027 476 2095 immisit
494 2029 530 2093 in
550 2037 670 2095 terram
689 2029 780 2094 illam
798 2029 910 2094 aueria
924 2051 984 2095 sua
997 2038 1033 2095 et
1046 2030 1140 2116 pauit
1154 2029 1347 2116 herbagium
1361 2030 1451 2116 quod

337 2132 403 2196 fuit
437 2132 473 2198 in
509 2132 623 2199 eadem
659 2140 747 2197 terra
777 2132 866 2218 eepit
894 2131 983 2197 idem
1011 2131 1175 2197 Robertus
1203 2132 1317 2197 aueria
1343 2132 1450 2219 ipsius
1554 2149 1555 2212 j

338 2233 507 2322 Stephani.
561 2236 606 2302 Et
636 2236 756 2323 quesiti
784 2236 814 2301 si
842 2235 972 2323 quando
999 2235 1239 2322 perambulaeio
1267 2237 1356 2301 faeta
1382 2237 1449 2302 fuit
1554 2218 1556 2276 i

336 2336 415 2403 data
428 2338 492 2404 suit
506 2339 594 2405 idem
609 2339 753 2407 Ruberto
768 2347 856 2404 terra
868 2339 926 2404 illa
939 2339 1009 2404 sine
1026 2338 1137 2425 aliqua
1156 2360 1330 2404 eommuna
1348 2362 1448 2425 quam

335 2442 423 2507 idem
455 2444 641 2530 Stephanus
669 2444 717 2509 ihi
744 2443 864 2509 habere
893 2442 993 2509 debet
1021 2443 1076 2507 uel
1105 2465 1179 2520 non,
1209 2442 1327 2508 dieunt
1360 2442 1449 2530 quod

335 2547 496 2614 dederunt
511 2550 734 2616 terramillam
749 2549 896 2636 predicte
909 2548 1053 2614 Roberte
1067 2549 1157 2614 saluo
1170 2549 1242 2614 iure
1257 2556 1293 2614 et
1312 2557 1449 2635 pastura

335 2652 511 2718 cuiuslibet
530 2654 588 2741 qui
607 2654 655 2720 ibi
668 2654 758 2741 prius
773 2676 979 2720 communem
993 2662 1125 2741 pasture
1139 2652 1266 2731 habuit,
1280 2662 1318 2718 et
1331 2653 1448 2718 dieunt

336 2756 423 2843 qued
442 2780 570 2844 semper
589 2767 666 2824 ante
680 2758 1002 2845 'perambulationem
1016 2757 1107 2823 illam
1116 2756 1448 2822 'mmmunieauenmt

336 2861 482 2926 homines
503 2862 544 2928 de
567 2861 733 2949 Turkelby
754 2885 829 2928 cum
851 2861 1037 2927 hominibus
1058 2861 1100 2927 de
1123 2861 1350 2947 Kylleburnm
1369 2869 1406 2926 et
1425 2883 1447 2926 e

336 2986 488 3031 eonuerso
517 2966 553 3031 in
581 2973 768 3032 tenemento
797 2966 854 3030 illo
883 2964 924 3030 de
954 2987 1019 3052 quo
1046 2965 1138 3035 uisus
1167 2965 1273 3030 faetus
1296 2972 1357 3030 est
1401 2965 1447 3029 Et

335 3067 450 3134 dieunt
472 3064 561 3156 quod
589 3069 754 3156 predictus
783 3069 948 3136 Robertus
976 3069 1153 3134 disseisiuit
1182 3091 1258 3134 eum
1288 3068 1450 3156 capiendo

334 3173 447 3238 aueria
467 3196 534 3240 sua
579 3175 624 3239 Et
645 3175 719 3240 ideo
741 3174 979 3240 consideratum
1001 3183 1052 3239 est
1073 3173 1160 3260 quod
1182 3171 1372 3259 Stephanus
1395 3195 1451 3239 re·

336 3278 506 3363 superauit
520 3277 672 3343 seisinam
687 3300 779 3344 suam
795 3286 830 3343 et
845 3277 1007 3343 Robertus
1021 3277 1057 3341 in
1071 3275 1298 3340 miserieordia

205 3388 297 3454 1198.
400 3383 513 3448 Assisa
531 3382 625 3448 uenit
644 3383 850 3470 recognitum
866 3380 895 3448 si
909 3382 998 3448 Elias
1012 3382 1053 3447 de
1068 3381 1231 3446 Leiburne
1245 3380 1368 3445 iniuste
1383 3387 1453 3446 etc.

336 3485 512 3551 disseisiuit
526 3486 717 3572 Wymarum
737 3486 778 3551 de
798 3485 962 3551 Leiburne
982 3485 1023 3550 de
1043 3506 1216 3550 commune
1234 3493 1367 3570 pesture
1384 3506 1455 3552 sue

336 3612 400 3677 que
419 3591 563 3677 pertinet
581 3589 624 3656 ad
644 3590 782 3656 liberum
803 3597 1029 3655 tenementum
1048 3611 1145 3654 suum
1163 3587 1200 3652 in
1220 3587 1336 3652 eadem
1349 3586 1456 3653 uilla¹

335 3700 410 3780 post
425 3701 484 3758 etc.

401 3797 446 3861 Et
465 3797 562 3884 Elyas
582 3798 675 3862 uenit
697 3805 732 3862 et
751 3797 831 3863 dicit
851 3796 938 3883 quod
956 3795 1058 3861 assisa
1076 3816 1142 3860 non
1161 3793 1262 3859 debet
1281 3794 1355 3858 inde
1371 3792 1461 3861 fieri

335 3901 413 3986 quia
435 3895 568 3988 pastura
592 3901 649 3967 illa
671 3902 736 3966 suit
759 3924 787 3966 v.
812 3899 1016 3966 dominorum
1040 3898 1147 3963 etita
1174 3898 1329 3963 eonuenit
1355 3898 1460 3965 inter

334 4004 480 4070 dominos
495 4006 581 4092 quod
595 4006 732 4092 quimue
748 4006 870 4071 faceret
883 4002 1090 4070 commodum
1104 4024 1202 4068 suum
1215 4002 1258 4067 de
1272 4009 1362 4089 parte
1379 4023 1463 4070 sua

335 4117 370 4174 et
397 4131 457 4196 per
484 4109 567 4175 hanc
597 4109 847 4175 eonueneionem
867 4107 946 4174 feeit
967 4106 1113 4172 excolere
1133 4111 1263 4191 partem
1285 4125 1381 4180 suam,
1411 4117 1462 4172 et

334 4213 410 4278 inde
425 4213 517 4300 ponit
533 4236 566 4280 se
582 4207 681 4300 super
693 4213 843 4279 iuratam
1107 4209 1110 4219 '

335 4451 347 4500 r
367 4382 377 4415 ¹
395 4383 507 4499 Itplllpurrlt¹
521 4383 574 4436 aud
591 4383 739 4447 Thirhleby.
758 4387 807 4435 not
822 4383 864 4433 far
945 4380 1100 4445 ’Iseybum
1111 4377 1259 4430 rotharim.

346 4465 401 4502 rom
456 4465 490 4499 us
510 4485 516 4499 .
