3167 5075
350 405 414 469 324
581 402 814 480 memnonis,
835 420 901 469 nn.
925 400 1021 481 1217,
1042 418 1105 469 un
1130 405 1223 469 1-2.

349 590 542 669 continetur,
568 574 654 678 quod
679 589 742 676 ipsi
768 600 993 656 concesserunt
1018 590 1176 678 Magistro
1201 592 1239 658 R
1264 592 1306 658 de
1337 593 1458 659 Stokes

349 693 517 759 ecclesiam
536 692 577 759 de
599 693 761 759 Beintona
781 716 856 759 cum
876 700 957 780 pert.
973 701 1033 759 etc
1075 694 1201 760 Profert
1215 695 1317 760 eciam
1332 704 1457 760 <artam

348 798 488 885 predicti
513 799 551 865 G.
575 798 817 885 Archiepiscopi
842 797 878 862 in
905 820 971 884 quo
996 798 1190 877 continetur,
1211 798 1300 886 quod
1321 800 1393 886 ipse
1416 798 1458 863 sd

350 902 625 989 presentacionem
651 902 869 990 predictorum
894 902 1035 968 Abbatis
1062 910 1097 968 et
1122 912 1303 969 conuentus
1324 903 1458 968 admisit

352 1008 547 1095 Magistrum
559 1008 737 1073 Rndulfum
753 1008 905 1073 clericum
916 1008 958 1072 ad
974 1008 1139 1073 ecclesiam
1147 1008 1195 1074 ⁴de
1206 1008 1368 1074 Beintonn
1381 1032 1456 1073 cum

348 1118 428 1197 pert.
467 1118 527 1177 etc.
585 1111 711 1177 Profert
748 1110 851 1177 eciem
886 1110 973 1177 idem
1008 1112 1120 1176 Abbos
1148 1121 1272 1177 cartam
1299 1111 1458 1177 Wiilelmi

350 1212 517 1279 Fosssrde¹
532 1214 741 1280 antecessoris
755 1214 859 1301 ipsius
873 1214 1012 1280 Isobelle
1030 1214 1066 1279 in
1083 1238 1149 1301 que
1167 1217 1353 1281 continetur
1370 1216 1459 1302 quod

349 1316 419 1402 ipse
433 1315 525 1381 dedit
538 1317 695 1382 concessit
710 1326 744 1382 et
759 1316 966 1382 confirmauit
985 1316 1021 1382 in
1040 1339 1155 1403 puram
1174 1317 1383 1382 elemosinam
1398 1328 1459 1382 etc

349 1420 481 1485 ecclesie
497 1421 530 1486 S.
546 1420 649 1487 Marie
666 1420 802 1486 Eboraci
816 1422 925 1507 piures
944 1430 1045 1487 terres
1060 1430 1095 1487 et
1113 1422 1263 1488 ecclesias
1276 1423 1365 1488 inter
1378 1446 1459 1509 quse

349 1522 516 1587 nominate
527 1531 578 1588 est
592 1522 726 1588 ccclesia
742 1522 783 1587 de
799 1523 961 1588 Beintone
975 1546 1049 1588 cum
1063 1532 1144 1610 pert
1159 1547 1258 1611 quom
1272 1524 1459 1589 habuerunt

349 1626 436 1692 idem
445 1627 594 1693 monachi
604 1628 644 1692 de
654 1627 746 1693 feodo
763 1628 864 1715 patris
874 1628 926 1693 sui
937 1628 1073 1695 Roberti
1084 1630 1240 1695 Fosserde
1248 1639 1308 1696 etc
1332 1631 1459 1695 meer't

350 1731 452 1797 eciam
474 1729 612 1797 certem'
633 1732 769 1798 Hernici
791 1732 891 1819 Regis
913 1732 1082 1819 senisque
1102 1733 1150 1797 eis
1168 1735 1338 1799 confirmat
1351 1735 1461 1821 plures

349 1844 451 1901 terres
466 1845 500 1901 et
514 1837 622 1923 plures
637 1837 786 1903 ecclesias
805 1838 893 1903 inter
911 1859 991 1925 quos
1009 1838 1178 1903 nominato
1192 1846 1243 1903 est
1263 1839 1403 1904 ecclesis
1421 1838 1458 1903 de

350 1942 511 2007 Beintona
526 1951 585 2009 etc.
629 1941 727 2008 Unde
743 1942 857 2008 dieunt
872 1943 958 2031 quod
973 1942 1099 2008 desicut
1114 1941 1248 2008 ecclesia
1268 1966 1334 2008 non
1352 1954 1459 2019 namt,

349 2046 483 2113 uidetur
493 2047 540 2113 eis
551 2045 638 2134 quod
649 2047 748 2113 assisa
758 2071 825 2113 non
835 2047 934 2114 debet
944 2048 1124 2135 procedere.
1146 2047 1273 2113 Profert
1286 2047 1394 2112 eciem
1409 2048 1461 2112 lit·

349 2160 435 2218 teres
447 2153 540 2217 Dom.
551 2152 639 2239 Pepe
650 2151 737 2217 idem
750 2153 983 2217 confirmantes
1010 2152 1056 2216 Et
1064 2152 1145 2217 dicit
1153 2150 1241 2217 idem
1249 2152 1363 2216 Abbas
1372 2151 1461 2239 quod

348 2256 412 2345 ipsi
426 2257 543 2322 Petrus
558 2265 593 2322 et
607 2256 747 2323 Isobelle
765 2257 888 2322 debent
908 2256 940 2321 ei
954 2255 1122 2322 ecclesiam
1136 2256 1227 2322 illam
1240 2258 1460 2323 warentizsre

415 2363 459 2428 Et
473 2370 658 2428 ottomntus
672 2362 761 2428 Petri
777 2370 812 2429 et
832 2360 971 2427 Isobelle
991 2360 1088 2426 dicit⁸
1101 2362 1188 2449 quod
1207 2362 1319 2428 Abbos
1336 2362 1461 2428 iniuste

350 2464 537 2553 dicitquod
558 2466 723 2553 predictus
740 2466 901 2531 Radulfus
923 2474 974 2531 est
996 2488 1133 2553 persone
1153 2466 1194 2531 de
1216 2466 1304 2531 dicto
1325 2467 1464 2533 ecclesis

350 2571 429 2658 quia
459 2571 528 2658 ipse
564 2594 743 2658 numquam
780 2571 845 2636 fuit
874 2570 1049 2636 institutus
1077 2571 1114 2637 in
1143 2571 1277 2637 ecclesia
1304 2571 1372 2650 ilie,
1403 2596 1463 2638 nec

350 2697 506 2761 umquam
521 2675 585 2741 fuit
598 2675 633 2740 in
648 2675 766 2742 seisinn
780 2685 815 2740 et
831 2676 892 2740 hoc
910 2683 1005 2762 petet
1025 2675 1103 2762 quia
1122 2675 1256 2741 ecclesia
1274 2675 1333 2740 illc
1350 2687 1406 2742 eet
1428 2679 1464 2741 in

350 2802 448 2844 manu
464 2779 712 2866 Archiepiscopi.
757 2779 809 2844 De
824 2779 921 2844 cartis
936 2801 1017 2866 quas
1029 2779 1141 2845 Abbns
1155 2781 1277 2866 profert
1290 2781 1375 2846 dicit
1391 2782 1462 2869 ipse

351 2882 437 2968 quod
451 2882 483 2948 ei
500 2903 566 2947 non
586 2882 707 2947 debent
725 2905 849 2960 nocere,
864 2882 943 2968 quio.
963 2890 1135 2969 postquem
1158 2905 1271 2948 omnes
1291 2893 1384 2949 curte
1407 2885 1466 2950 ifle

349 2988 434 3053 facte
449 2987 589 3065 fuerunt,
604 2985 632 3052 si
646 3007 803 3072 umquam
818 2985 952 3052 fuerunt
966 2988 1059 3064 facte,
1075 2987 1278 3073 presenteuit
1292 2987 1465 3054 Robertus

349 3092 390 3158 de
420 3092 586 3157 Tumhcm
615 3099 681 3157 tres
710 3113 861 3176 personas
890 3089 932 3156 ed
961 3090 1099 3156 eandem
1133 3092 1301 3158 ecclesiam
1333 3095 1467 3160 scilicet

350 3196 574 3263 Baldewinum
589 3197 629 3263 de
646 3195 770 3261 Guines
785 3217 848 3282 que
862 3194 939 3261 inde
954 3196 1019 3261 fuit
1033 3218 1169 3282 persona
1183 3205 1219 3262 et
1233 3197 1324 3262 illam
1340 3196 1468 3265 habuit

351 3310 386 3368 ct
415 3303 533 3380 tenuit,
558 3309 593 3366 et
622 3309 696 3388 post
726 3323 802 3366 eum
832 3298 965 3386 quidem
995 3300 1137 3366 Michoel
1165 3301 1230 3366 fuit
1259 3323 1402 3388 persons
1433 3315 1470 3368 et

350 3405 467 3471 hebuit
487 3404 653 3470 ecclesiam
673 3403 763 3468 illam
784 3411 819 3468 et
838 3403 958 3480 tenuit,
974 3412 1009 3468 et
1028 3414 1103 3490 post
1123 3427 1199 3469 eum
1215 3404 1408 3472 Willelmus
1425 3407 1469 3472 dc

349 3508 538 3575 Wrotehum
568 3508 631 3573 fuit
660 3507 736 3573 inde
766 3530 901 3595 persona
929 3506 972 3573 ed
1003 3509 1280 3593 presentncionem
1315 3510 1468 3595 predicti

350 3613 494 3691 Roberti,
515 3621 548 3678 et
569 3612 650 3677 obiit
673 3613 790 3677 ultimo
813 3635 949 3698 persono
971 3611 1006 3676 in
1030 3613 1144 3677 eedem
1165 3613 1306 3692 ecclesia,
1326 3623 1364 3678 et
1387 3616 1472 3682 inde

351 3717 443 3805 ponit
457 3741 491 3783 sc
507 3737 603 3804 super
618 3716 760 3796 assisam,
777 3724 811 3782 et
825 3717 910 3803 petit
925 3715 1058 3781 assisam
1073 3739 1175 3796 susm,
1190 3727 1251 3783 etc.

417 3821 460 3888 Et
474 3830 657 3887 attornetus
671 3820 812 3886 Abbatis
826 3821 973 3907 quesitus
986 3821 1023 3886 in
1042 3822 1134 3887 cuius
1151 3845 1252 3888 manu
1266 3823 1308 3888 sit
1321 3826 1476 3893 coelom
1540 3845 1541 3894 t

350 3925 414 4003 ou„
430 3925 510 4000 dicu
525 3926 610 4014 quod
626 3934 675 3990 ee
690 3925 725 3990 in
743 3947 843 3990 manu
863 3925 1107 4012 Amhiepiseopi
1126 3935 1160 3992 e
1175 3927 1240 3992 fuit
1254 3928 1315 3993 um
1328 3927 1477 3996 duobus

350 4028 443 4118 ennis
458 4029 583 4116 elapsis,
598 4051 635 4094 eo
650 4028 736 4116 quod
752 4049 818 4093 non
838 4029 948 4094 tenuit
963 4027 1015 4096 W.
1030 4030 1071 4094 de
1085 4029 1274 4097 Wrotehom
1287 4051 1476 4119 personam
1540 4021 1541 4032 i

351 4131 495 4197 eiusdem
511 4131 649 4198 ecclesie.

383 4303 392 4337 ¹
410 4303 551 4354 chartcrof
556 4303 756 4368 NigelFosssrd,
763 4305 878 4358 Monuit.
929 4307 953 4367 t,
961 4319 983 4406 p
1002 4297 1071 4358 54⁸1

349 4367 401 4420 vor.
413 4372 437 4428 e,
449 4384 475 4433 p.
487 4370 543 4419 551.
572 4365 573 4368 ’
984 4343 1063 4424 iser.
1077 4370 1163 4423 orsu

383 4433 394 4466 2
410 4433 518 4485 Charton
529 4435 654 4498 ochnry
661 4436 696 4486 11.
705 4436 819 4487 Monost.
827 4437 877 4486 vol.
