3167 5075
394 413 457 476 580
690 425 829 486 mersa,
851 426 915 475 sn.
940 413 1033 487 1226,
1055 425 1119 476 aa
1140 415 1192 476 10.

458 589 502 660 Et
527 597 718 684 Amulphus
741 606 776 663 et
801 597 857 662 alii
883 597 943 662 hoc
969 605 1076 662 totum
1106 605 1311 684 cognoscunt
1357 595 1398 661 Et
1420 596 1478 662 ideo

390 700 624 776 custodiantur,
653 711 688 767 et
718 702 819 768 Senia
847 702 967 768 habeat
996 701 1147 766 seisinem
1184 724 1284 766 suam
1343 701 1388 766 Et
1419 700 1480 786 quia

394 805 530 892 Egidius
552 827 616 869 non
638 805 760 871 dedicit
781 805 869 891 quod
891 805 1028 870 tradidit
1051 805 1099 869 eis
1123 813 1242 869 terram
1267 804 1359 870 illam
1381 805 1420 870 ad
1437 829 1480 870 ex·

394 908 637 974 heredecionem
654 910 760 987 Seuie,
775 910 909 974 amittat
923 909 1113 986 custodiam,
1128 919 1163 974 et
1176 910 1221 975 sit
1236 911 1271 974 in
1285 909 1481 975 misericordis

394 1013 472 1099 quia
485 1034 543 1099 per
558 1013 627 1077 eius
642 1013 812 1078 consilium
827 1015 973 1077 fecerunt
988 1012 1126 1098 predicti
1140 1020 1201 1077 etc.
1217 1021 1348 1077 uastum
1362 1021 1419 1076 ete.

46 1195 47 1200 ἵ
263 1117 355 1185 1747.
458 1115 663 1181 ¹Willelmus
687 1117 727 1181 de
757 1117 908 1181 Dustona
935 1116 1021 1203 petit
1049 1139 1164 1182 uersus
1192 1118 1351 1182 Thomam
1379 1118 1481 1202 Coigne

255 1219 352 1260 ΜΝ
394 1220 480 1307 quod
500 1221 597 1286 faeiat
617 1221 649 1286 ei
668 1221 918 1286 consuetudines
939 1229 974 1286 et
993 1229 1083 1286 recta
1103 1222 1240 1287 seruicia
1260 1245 1325 1308 que
1347 1223 1379 1288 ei
1398 1223 1480 1285 facere

388 1325 492 1414 ,dehet
506 1325 547 1391 de
562 1325 663 1390 libero
683 1334 873 1390 tenemento
892 1348 951 1390 suo
970 1325 1058 1411 quod
1078 1325 1118 1390 de
1139 1347 1179 1390 eo
1199 1334 1293 1390 tenet
1313 1326 1350 1390 in
1372 1325 1482 1393 Hulmo.

393 1427 480 1492 unde
502 1426 590 1492 idem
613 1427 797 1492 willelmus
818 1428 904 1512 petit
926 1427 1013 1513 quod
1035 1428 1134 1492 saciat
1152 1428 1183 1493 ei
1205 1449 1264 1514 per
1277 1451 1353 1493 ann.
1367 1427 1481 1513 viij.sol

393 1529 434 1595 de
456 1530 498 1617 vj.
513 1531 642 1595 bouatis
662 1539 755 1606 terre,
771 1539 807 1594 et
826 1530 857 1594 ei
877 1553 942 1595 non
963 1531 1106 1596 reddidit
1128 1553 1331 1617 perannum
1354 1533 1413 1596 nisi
1432 1543 1483 1595 tres

393 1638 458 1714 sol,
475 1645 509 1700 et
524 1635 555 1701 ei
569 1644 675 1700 aretro
690 1629 767 1700 sunt'
782 1634 823 1699 de
838 1635 896 1722 iiij.
911 1636 1005 1700 annis
1020 1659 1070 1701 ιι
1086 1637 1141 1701 sol.
1157 1659 1215 1721 per
1228 1636 1314 1723 quod
1330 1647 1389 1702 ete

460 1738 504 1803 Et
518 1739 658 1802 Thomas
672 1737 752 1802 alias
771 1738 904 1802 uocauit
923 1738 966 1803 ad
985 1746 1166 1803 warantum
1184 1739 1365 1804 Walterum
1379 1739 1483 1824 Coigne

394 1843 451 1929 qui
466 1843 529 1907 fuit
548 1843 583 1907 in
603 1843 721 1907 seisina
740 1842 781 1908 de
802 1843 937 1908 seruicio
959 1843 1113 1929 predicto.
1158 1843 1201 1908 Et
1224 1843 1390 1908 Walterns
1409 1842 1483 1907 uenit

395 1955 430 2011 et
452 1946 484 2010 ei
505 1945 702 2022 warentizat,
718 1953 752 2009 et
774 1945 855 2010 dicit
877 1945 963 2031 quod
986 1945 1073 2010 idem
1096 1945 1281 2010 Willelmus
1301 1946 1426 2011 nullum
1445 1947 1485 2009 ius

395 2051 495 2115 habet
520 2048 555 2114 in
582 2047 718 2113 seruicio
747 2048 813 2125 illo,
838 2049 916 2135 quia
941 2049 1067 2114 Alanus
1092 2058 1186 2135 pater
1211 2049 1357 2116 eiusdem
1380 2051 1484 2115 Thone

396 2154 505 2220 tenuit
520 2161 638 2218 terram
653 2153 744 2218 illam
763 2153 804 2217 de
825 2175 873 2230 eo,
889 2162 924 2218 et
942 2161 1090 2240 tempore
1109 2155 1141 2219 J:
1156 2154 1257 2241 Regis
1273 2155 1366 2220 uenit
1380 2154 1484 2219 Willel-

396 2278 468 2321 mus
482 2254 524 2320 de
539 2255 689 2319 Dustona
708 2263 803 2340 pater
823 2254 919 2319 istius
934 2253 1091 2320 Willelmi
1111 2263 1146 2320 et
1167 2253 1346 2321 disseisiuit
1366 2280 1436 2323 eum
1453 2255 1484 2320 de

396 2359 532 2424 seruieio
554 2359 619 2434 illo,
641 2359 690 2422 ita
711 2357 798 2443 qnod
820 2381 927 2423 coram
950 2358 1136 2425 iusticiariis
1161 2361 1391 2427 itinerantibus
1413 2359 1485 2446 apud
1544 2400 1545 2403 =

397 2462 629 2528 Lieheleldiam
655 2461 829 2526 aramiauit
851 2462 920 2550 ipse
942 2464 1073 2529 assisam
1097 2487 1181 2529 noue
1202 2465 1371 2531 disseisine
1391 2485 1486 2530 uersus
1544 2408 1546 2511 l

396 2570 598 2636 Willelrnum
620 2577 745 2655 patrem
769 2568 914 2633 eiusdem
937 2569 1103 2647 willelmi,
1126 2580 1161 2635 et
1186 2593 1293 2635 coram
1320 2569 1485 2636 iusticiariis
1543 2629 1544 2632 ,

397 2674 550 2762 predictis
579 2674 673 2738 uenit
702 2672 886 2738 Willelmus
916 2681 951 2737 et
979 2696 1038 2759 per
1066 2673 1268 2739 concordiam
1297 2675 1330 2739 ei
1362 2674 1485 2739 reddidit

397 2778 569 2843 seruieium
585 2776 667 2840 illud
683 2784 743 2841 etc.
1543 2757 1545 2820 l

464 2882 508 2945 Et
522 2878 706 2943 Willelmus
720 2876 801 2941 dicit
816 2877 902 2963 quod
916 2877 1038 2943 iniuste
1052 2878 1113 2944 hoc
1127 2878 1216 2956 dicit,
1230 2880 1309 2966 quis
1323 2881 1486 2946 Willelmns

397 2992 491 3072 pater
509 3004 587 3048 suus
603 2981 667 3046 suit
680 2982 716 3046 in
730 2981 850 3046 seisina
862 2980 903 3047 de
919 2982 1055 3047 seruicio
1069 2983 1126 3047 illo
1140 2992 1175 3047 et
1189 2984 1272 3049 obiit
1285 2984 1363 3050 inde
1377 2985 1485 3049 scisitus

397 3110 456 3174 per
477 3109 611 3152 manum
634 3083 779 3149 eiusdem
802 3083 926 3149 Thome
948 3094 983 3150 et
1003 3086 1102 3151 Alani
1122 3086 1224 3172 patris
1238 3088 1299 3165 sui,
1314 3088 1391 3173 quia
1404 3086 1485 3153 serni·
1542 3081 1544 3126 ³

397 3192 483 3257 cium
507 3189 589 3255 illud
614 3200 687 3253 octo
713 3188 767 3253 sol.
792 3190 949 3254 remansit
974 3190 1010 3254 in
1036 3190 1126 3255 curia
1151 3192 1244 3256 Dom
1272 3192 1374 3278 Regis
1397 3211 1482 3256 coram
1541 3245 1542 3266 ,

396 3294 581 3361 iusticiariis
603 3293 670 3357 suis
692 3292 779 3379 apud
795 3292 1121 3357 westmonasterium
1144 3292 1286 3357 Henrico
1308 3293 1350 3359 de
1372 3293 1483 3357 Verdun
1541 3291 1543 3432 p

397 3408 432 3465 et
455 3398 597 3464 Hawisie
621 3397 712 3461 uxori
735 3397 805 3461 eius
824 3398 1014 3482 petentibus
1034 3420 1146 3461 uersus
1164 3397 1348 3482 predictum
1362 3398 1482 3463 Alanuur

396 3510 522 3589 patrem
558 3501 697 3586 predicti
726 3500 849 3564 Thome
873 3501 943 3565 sine
969 3501 1084 3566 clamio
1108 3498 1196 3587 quod
1227 3501 1316 3565 idem
1342 3502 1482 3567 Walterus

395 3613 581 3691 apponeret,
598 3613 633 3669 et
655 3604 718 3689 ipsi
740 3605 901 3669 dederunt
922 3604 1005 3669 illud
1027 3604 1156 3669 feodum
1178 3612 1214 3668 et
1235 3605 1407 3670 seminium
1425 3619 1480 3689 peu

394 3712 495 3775 finem
510 3710 604 3774 illum
619 3708 784 3774 Willelmo
798 3708 886 3795 petri
905 3732 972 3785 suo,
987 3708 1044 3795 qui
1063 3715 1191 3793 semper
1210 3720 1325 3793 postea
1343 3718 1411 3773 tota
1426 3708 1481 3771 uita
1539 3777 1540 3784 ἵ

394 3836 455 3878 sua
468 3812 532 3877 fuit
545 3812 622 3877 inde
637 3813 766 3877 seisitus
781 3836 840 3899 per
855 3813 976 3877 donum
991 3812 1082 3889 illud,
1094 3822 1129 3877 et
1143 3815 1266 3899 profert
1279 3814 1478 3902 cirographum

395 3917 481 4005 quod
496 3918 595 3981 finem
610 3916 703 3981 illum
719 3924 866 3981 testatur.

461 4020 505 4085 Et
516 4018 680 4084 Walterns
695 4029 729 4083 et
744 4019 884 4084 Thomas
898 4028 1095 4106 cognoscunt
1109 4018 1207 4084 finem
1225 4028 1260 4085 et
1271 4019 1476 4106 cirographum.

395 4131 446 4189 eet
460 4121 625 4187 Walterus
639 4122 718 4187 dicit
733 4122 821 4207 quod
833 4122 925 4186 curia
943 4122 1080 4208 decepta
1099 4122 1164 4186 fuit
1183 4144 1222 4187 eo
1242 4123 1326 4209 quod
1344 4123 1406 4207 ipse
1424 4140 1475 4183 nor
1538 4139 1539 4148 ¹

396 4226 460 4291 fuit
485 4225 527 4290 ad
552 4224 612 4289 hoe
639 4225 862 4290 summonitus
909 4225 953 4289 Et
978 4224 1051 4290 ideo
1076 4224 1312 4290 consideratum
1336 4233 1382 4289 est
1401 4220 1474 4307 quoi
1538 4277 1540 4294 p

396 4328 533 4415 predicti
557 4328 718 4393 Henricus
742 4336 776 4393 et
801 4328 947 4393 Hawisia
972 4339 1239 4394 summoneantur
1263 4327 1342 4414 quod
1363 4326 1422 4389 sint
1444 4324 1470 4384 in
1538 4311 1540 4348 ¹

873 4441 881 4472 ¹
899 4441 930 4491 B.
943 4457 979 4491 m.
993 4442 1033 4493 12.
