3167 5075
334 424 374 487 52
640 434 877 495 dormanno.
901 420 996 494 1224,
1017 434 1080 483 aa„
1106 422 1134 484 8.

333 605 397 671 nisi
412 604 591 671 custodiam
607 627 680 671 cum
696 604 765 691 ipso
781 604 923 669 Roberto
937 603 1017 668 dum
1032 602 1097 667 fuit
1111 602 1195 667 infra
1209 610 1331 668 ctatcm
1353 612 1389 669 et
1406 604 1448 669 in

333 710 481 779 custodia
494 734 562 789 sua,
576 719 611 777 et
625 710 686 775 hoc
700 711 783 775 bene
798 717 891 796 patet
910 709 989 796 quia
1003 708 1168 774 Walterus
1187 708 1240 773 uir
1258 730 1339 774 suus
1361 708 1450 774 obiit

333 918 460 984 desicut
474 918 515 983 de
531 917 646 984 cadem
661 926 747 983 terra
761 940 867 983 coram
882 915 1068 981 iusticiariis
1082 915 1199 980 ultimo
1212 915 1450 983 itinerantibus

334 1022 421 1087 inter
455 1020 646 1107 Celestriam
667 1019 672 1106 Ι
690 1028 829 1085 matrem
864 1018 1002 1105 predicti
1036 1018 1172 1082 Roberti
1205 1026 1375 1103 petentem
1409 1027 1450 1082 et

334 1124 518 1211 predictum
534 1122 716 1188 Walterum
732 1122 838 1187 filium
853 1121 972 1186 Vitalis
986 1128 1153 1186 tenentem
1170 1121 1235 1185 suit
1249 1121 1324 1186 finis
1339 1123 1450 1187 factus

335 1250 395 1315 per
420 1227 655 1314 cyrographum
681 1235 716 1291 et
739 1226 827 1291 unde
852 1225 940 1290 idem
959 1224 1123 1291 Walterus
1146 1234 1226 1291 tunc
1249 1226 1382 1291 uocauit
1403 1227 1451 1291 ad

334 1341 515 1399 warantum
536 1332 560 1399 J
561 1332 720 1399 ohannem
743 1330 848 1396 filiurn
869 1329 1041 1395 Laurcncii
1061 1331 1195 1396 fratrem
1217 1330 1363 1417 predicte
1382 1331 1449 1396 Ju-

336 1436 422 1502 liana
452 1442 486 1501 et
512 1434 599 1499 idem
623 1434 789 1500 Johannes
815 1434 946 1498 uocauit
971 1433 1078 1519 ipsum
1105 1434 1286 1500 Robertum
1311 1444 1374 1500 etc.
1397 1435 1452 1500 ita

336 1537 424 1627 quod
446 1537 518 1623 ipsa
542 1536 700 1603 Oclcstria
724 1559 787 1621 que
814 1536 919 1622 ipsam
944 1543 1065 1601 terram
1090 1536 1246 1603 clamauit
1272 1538 1308 1603 in
1333 1539 1448 1604 dotem

336 1640 463 1708 remisit
489 1640 594 1705 eidem
621 1641 763 1706 Roberto
792 1649 901 1705 totum
929 1640 981 1705 ins
1010 1650 1044 1706 ct
1073 1642 1227 1707 clamium
1256 1666 1353 1717 suum
1383 1652 1450 1709 ete
1572 1705 1573 1720 ,

336 1744 474 1811 Desicut
502 1743 574 1830 ipsa
601 1743 736 1810 Juliana
764 1765 824 1808 nec
851 1743 969 1830 aliquis
997 1766 1055 1830 pro
1085 1767 1125 1809 ea
1158 1745 1312 1811 clamium
1346 1770 1448 1811 suum

336 1848 489 1936 apposuit
514 1868 578 1911 non
600 1847 675 1911 uult
698 1868 798 1933 super
820 1847 919 1911 finem
943 1848 1036 1913 illum
1057 1850 1249 1936 respondere
1271 1850 1336 1915 nisi
1356 1852 1452 1916 curia

336 1950 596 2019 considerauerit
641 1950 687 2015 Et
700 1949 791 2015 idem
805 1950 971 2016 Johannes
985 1951 1043 2037 qui
1057 1974 1143 2017 nunc
1162 1974 1295 2039 presens
1314 1962 1366 2019 est
1385 1954 1450 2019 hoc

336 2056 500 2144 cognoscit
523 2063 558 2119 et
578 2052 665 2140 quod
684 2075 750 2118 non
769 2053 922 2139 apposuit
935 2053 1095 2121 clamium
1139 2055 1186 2121 Et
1207 2057 1231 2122 J
1232 2057 1344 2123 uliana
1364 2058 1449 2123 dicit

335 2161 423 2247 qnod
437 2170 517 2229 tunc
533 2158 687 2225 infirmat

403 2266 514 2331 Assisa
528 2263 622 2330 uenit
641 2263 847 2351 recognitura
865 2263 894 2327 si
913 2263 1014 2329 Fulco
1033 2263 1074 2329 de
1095 2264 1253 2331 Breaute¹
1266 2266 1390 2332 iniuste
1409 2277 1450 2333 et

337 2370 407 2435 sine
421 2368 540 2433 iudicio
555 2364 732 2431 disseisiuit
746 2365 947 2430 Willclmum
967 2366 1008 2431 de
1029 2366 1147 2432 Stanes
1165 2367 1207 2433 de
1231 2367 1334 2433 libero
1353 2378 1449 2435 tene-

338 2477 449 2535 mento
474 2491 533 2534 suo
561 2468 596 2532 in
626 2467 766 2533 Lintona
793 2474 867 2555 post
895 2468 1049 2533 ultimum
1078 2478 1137 2535 etc
1183 2471 1228 2535 Et
1254 2471 1355 2538 Fulco
1380 2495 1450 2539 non

336 2573 431 2640 uenit
441 2579 500 2644 etc
546 2571 590 2636 Et
605 2571 766 2636 Robertus
779 2570 821 2636 dc
836 2571 1018 2637 Lexintona
1032 2581 1067 2638 et
1079 2573 1159 2638 socii
1171 2575 1224 2640 sui
1238 2575 1297 2662 qui
1308 2578 1449 2642 firerunt

336 2675 506 2744 iusticia-rii
519 2675 607 2762 apud
622 2675 871 2762 Dunestapliam
886 2674 927 2740 ad
940 2676 1031 2741 illam
1045 2677 1178 2744 assisam
1198 2679 1390 2766 capiendam
1411 2691 1450 2748 ct

334 2803 441 2846 coram
463 2779 582 2866 quibus
603 2777 703 2843 assisa
723 2778 780 2843 illa
804 2779 1004 2845 summonita
1029 2781 1093 2845 suit
1118 2783 1330 2849 recordantur
1356 2784 1447 2871 quod

333 2885 434 2950 assisa
451 2883 510 2950 illa
527 2881 685 2948 remansit
704 2881 863 2969 capienda
882 2904 921 2947 eo
939 2883 1027 2970 quod
1046 2883 1208 2951 Radulsus
1226 2886 1269 2952 de
1283 2887 1372 2974 Bray
1386 2912 1447 2975 pro

334 2985 484 3052 Falkesio
508 2983 588 3050 alias
616 3005 723 3049 coram
747 2983 794 3049 eis
815 2984 982 3072 respondit
1005 2987 1093 3073 quod
1113 2988 1216 3054 assisa
1238 3013 1304 3055 non
1326 2990 1447 3057 debuit

333 3090 409 3156 inde
429 3089 500 3155 fieri
519 3111 558 3154 eo
577 3087 665 3176 quod
683 3087 790 3152 finalis
808 3089 978 3155 concordia
991 3090 1078 3156 facta
1091 3091 1156 3157 fuit
1170 3092 1212 3158 de
1226 3092 1342 3159 eadem
1357 3103 1447 3160 tcna

332 3194 369 3260 in
390 3193 480 3260 curia
499 3193 592 3258 Dom
608 3190 708 3278 Regis
729 3190 816 3256 inter
837 3191 976 3257 eundem
999 3193 1188 3260 Falkesium
1207 3204 1243 3261 et
1262 3197 1447 3264 Robertum

333 3298 374 3366 de
396 3297 543 3364 Brackel'
568 3319 628 3384 per
650 3297 886 3384 cyrographum
905 3307 965 3363 etc
981 3298 1024 3364 ad
1042 3300 1129 3385 quod
1146 3298 1235 3366 idem
1257 3301 1447 3368 Willelmns

332 3401 499 3490 respondit
513 3401 601 3489 quod
615 3401 675 3466 hoc
688 3423 755 3465 non
769 3400 868 3467 debet
882 3400 914 3466 ei
933 3424 1048 3468 nocere
1067 3403 1148 3489 quin
1167 3404 1270 3470 assisa
1287 3407 1446 3492 procedat

332 3508 410 3595 quia
438 3506 512 3572 finis
541 3506 597 3571 illc
625 3505 731 3570 factus
760 3505 825 3570 fuit
853 3514 1027 3592 postquam
1055 3507 1226 3575 Falkesius
1254 3532 1332 3574 eum
1367 3511 1447 3578 inde

331 3611 529 3678 disseisierat
565 3617 601 3674 et
634 3607 704 3695 ipse
732 3609 885 3694 apposuit
914 3611 1067 3676 claminm
1101 3635 1198 3678 suum
1233 3614 1269 3679 in
1303 3613 1380 3695 fine,
1406 3625 1446 3682 et

331 3723 480 3801 preterea
513 3713 554 3781 de
588 3713 707 3779 saisina
741 3735 801 3779 sua
833 3715 963 3801 propria
995 3716 1141 3802 loquitur
1174 3727 1210 3784 et
1244 3719 1322 3786 inde
1357 3724 1445 3808 petit

332 3817 498 3885 iudicium.
543 3817 587 3882 Et
601 3816 692 3882 curia
705 3817 892 3883 recordatur
905 3819 993 3906 quod
1006 3820 1160 3907 apposuit
1173 3822 1329 3889 clamium
1344 3849 1444 3892 suum

332 3927 368 3986 et
381 3927 529 4004 preterca
542 3917 571 3984 si
585 3917 646 3982 hoc
659 3939 725 3982 non
739 3920 942 4005 apposuisset
962 3922 1041 4009 quia
1054 3923 1201 4010 loquitur
1213 3925 1256 3991 de
1270 3926 1447 4012 disscisina

365 4069 523 4135 ¹1nfirmity
549 4085 584 4120 an
609 4085 701 4122 excuss
727 4071 768 4122 for
793 4087 858 4123 non·
909 4073 1006 4125 asaiaco
1017 4075 1096 4126 taken
1108 4081 1137 4127 at
1148 4077 1444 4146 Donatablaisaxtant,

332 4135 419 4188 claim.
454 4137 499 4186 Br.
511 4137 529 4186 f.
541 4137 590 4187 436
598 4136 623 4198 b,
636 4139 683 4198 §⁵-
908 4139 957 4190 riz.
975 4139 1065 4192 Towcr
1085 4142 1177 4194 Assias
1197 4143 1267 4208 aon,
1286 4147 1360 4198 Han.
1379 4150 1443 4210 IIL.

364 4201 418 4251 ¹It
432 4217 485 4252 was
495 4200 596 4263 shortly
606 4201 673 4251 aiter
683 4199 859 4266 Whitsunday
908 4205 1075 4265 naama.
1110 4207 1166 4258 'l’hs
1180 4219 1286 4271 present
1299 4221 1445 4267 maman

331 4265 638 4328 inlustrissimum·
654 4281 708 4316 was
723 4267 858 4318 oonriotsd
907 4268 974 4320 haro
999 4284 1074 4321 coms
1095 4271 1183 4324 before
1204 4274 1251 4326 tho
1273 4275 1367 4328 Banoh
1388 4279 1446 4342 just

332 4331 554 4383 atDunstablsof
568 4329 856 4394 hismanydisssisins,
907 4334 987 4384 about
1009 4336 1054 4386 tha
1076 4334 1141 4388 tima
1162 4338 1240 4389 when
1263 4340 1310 4392 the
1326 4343 1399 4406 siege
1416 4347 1446 4396 or

332 4396 386 4448 and
396 4395 456 4447 that
466 4395 508 4446 his
520 4394 795 4460 brotherimprtsoned
806 4411 857 4446 one
907 4399 1018 4450 Bsdford
1026 4417 1080 4452 was
1088 4402 1239 4466 beginning.
1262 4407 1335 4457 Ann.
1344 4409 1445 4462 Donat.

332 4462 361 4512 of
381 4461 425 4512 tha
443 4460 544 4524 ¹iudgcs.
578 4460 633 4512 The
654 4459 743 4515 record
765 4461 795 4512 of
812 4461 856 4512 tha
906 4478 932 4527 p.
944 4467 985 4515 86.
1018 4465 1083 4518 Mat.
1096 4469 1155 4518 Par.
1167 4471 1219 4520 rol.
1232 4471 1257 4529 ³,
1268 4486 1295 4535 p.
1309 4475 1352 4526 84.
