3167 5075
355 372 419 440 316
587 379 822 447 plurimas,
843 383 913 445 an,
934 368 1034 446 1212*
1049 373 1230 439 r.a.·1-2;

353 575 521 641 personam
551 550 616 625 scil.
639 557 814 645 quemdam
836 557 1059 623 Alexandrum
1087 558 1219 623 nomine
1241 558 1297 645 qui
1316 556 1433 623 reddidit

353 658 465 739 domui
478 682 535 725 sue
551 684 650 727 unam
665 683 806 725 maroam
820 659 951 725 nomine
966 659 1130 745 pensionis
1143 669 1203 725 eta

353 834 357 845 ,
419 764 462 827 Et
492 764 648 831 Ricardus
678 764 758 831 dicit
787 763 875 851 quod
903 763 991 829 idem
1020 763 1206 829 Alexander
1234 764 1297 829 fuit
1319 763 1435 838 uieadua

351 864 490 950 predicti
504 865 658 931 Rannulfi
673 866 812 931 reddens
826 865 858 931 ei
866 865 996 930 nomine
1008 874 1199 951 personatus
1210 864 1319 930 deoem
1333 864 1435 930 solidos

352 969 430 1043 Post
459 970 598 1035 ueniunt
619 971 715 1035 ambo
740 977 776 1035 ot
797 977 918 1056 petunt
938 970 1194 1057 recognieionem
1216 970 1288 1035 fieri
1307 970 1374 1056 quis
1391 969 1436 1033 ad·

351 1082 487 1149 uocatus
515 1083 659 1160 tempore
689 1072 777 1160 pacis
802 1083 862 1139 eto
915 1072 1071 1138 Habeant
1096 1080 1166 1152 ete,
1192 1080 1229 1139 et
1258 1074 1366 1137 ueniat
1390 1072 1438 1136 tali

351 1178 404 1243 die
420 1186 479 1243 eto
1145 1194 1150 1221 ·'

358 1326 362 1335 ·
415 1282 545 1348 Amieia
557 1303 621 1369 que
636 1281 700 1348 fuit
714 1304 797 1350 uxor
811 1281 948 1347 Henrici
962 1282 1002 1348 de
1015 1282 1169 1349 Clintona
1182 1306 1242 1369 per
1254 1291 1435 1348 attornatun

251 1392 264 1422 ¹²
351 1410 446 1453 suum
473 1388 558 1474 petit
582 1410 695 1453 uersus
718 1388 883 1472 Agnetem
903 1386 944 1451 de
969 1385 1132 1451 Handena
1154 1410 1255 1451 unam
1275 1387 1353 1474 uirg.
1368 1394 1439 1449 terre

351 1514 425 1557 oum
440 1500 520 1577 pert
536 1491 570 1556 in
587 1491 712 1557 Stiuele
729 1499 767 1556 ut
781 1491 893 1556 dotem
908 1513 1000 1555 suam
1016 1499 1077 1557 eto.
1122 1491 1167 1555 Et
1179 1491 1295 1578 Agnes
1312 1491 1396 1556 uenit
1411 1498 1440 1553 et

351 1594 436 1681 petit
458 1594 533 1659 inde
556 1593 672 1659 uisum.
718 1592 857 1671 Habeat.
903 1593 983 1659 Dies
1003 1593 1103 1658 datus
1122 1600 1183 1658 eto.
1228 1593 1272 1657 Et
1293 1592 1439 1657 sciendum

350 1696 437 1784 quod
452 1704 539 1762 terra
552 1696 615 1761 fuit
633 1704 729 1783 capta
747 1697 783 1761 in
802 1719 937 1761 manum
957 1696 1089 1762 domini.
1102 1696 1204 1783 Reg'n'
1222 1720 1283 1783 per
1303 1697 1440 1763 delaltam

350 1812 385 1869 et
399 1802 506 1887 petita
519 1801 561 1867 ad
575 1801 686 1866 horam
702 1810 736 1866 et
751 1801 825 1867 ideo
839 1800 959 1887 repleg’
965 1799 984 1866 ¹.

415 1905 573 1978 Ricardus
594 1904 681 1971 filius
702 1904 860 1970 Willelmi
879 1902 1057 1969 essoniator
1074 1903 1211 1969 Jordani
1231 1904 1276 1969 de
1288 1903 1442 1969 Wiohaora

291 2038 297 2051 ·
350 2010 494 2097 petentis
514 2009 635 2095 optulit
655 2030 689 2075 se
710 2016 827 2095 quarto
839 2008 894 2073 die
909 2030 1022 2073 uersus
1036 2007 1225 2087 Priorissam
1240 2008 1273 2074 S.
1287 2006 1440 2073 Trinitatis

350 2114 390 2179 de
414 2116 515 2179 Boeoo
539 2114 580 2177 de
604 2113 723 2200 placito
746 2112 844 2179 assisa
865 2111 981 2177 ultime
1004 2112 1257 2198 presentationis
1276 2136 1370 2199 quam
1382 2112 1440 2197 ipse

327 2217 521 2289 ·aramiauit
536 2240 650 2283 uersus
663 2240 735 2281 eam
756 2218 797 2282 de
818 2216 1032 2282 aduooaoione
1052 2215 1185 2281 ecclesie
1208 2216 1251 2281 de
1274 2216 1438 2290 Elmedona,

350 2330 384 2386 et
407 2321 478 2408 ipsa
500 2343 566 2385 non
588 2320 681 2385 uenit
708 2330 768 2387 etc.
793 2329 829 2386 et
857 2320 1056 2385 summonita
1084 2319 1149 2385 fuit
1177 2328 1238 2385 ete
1282 2320 1437 2393 Judieiun

239 2491 242 2499 ,
348 2432 628 2507 resummoneatur
656 2424 743 2511 quod
771 2424 816 2489 sit
845 2424 906 2489 tali
935 2424 988 2489 die
1018 2424 1096 2489 ete'
1138 2423 1235 2489 Idem
1261 2424 1329 2490 dies
1358 2423 1437 2487 datus

225 2555 302 2606 [iasa
349 2538 400 2594 est
414 2538 476 2596 eto.
498 2527 503 2615 Ι

218 2638 312 2703 1320.
415 2633 524 2697 Isolda
542 2633 634 2697 Biset
652 2654 711 2719 per
733 2632 914 2697 Robertum
934 2631 975 2698 de
997 2633 1127 2699 Korneo
1144 2641 1344 2699 attornatum
1357 2652 1435 2697 suum

222 2740 305 2780 ΒΜ
350 2735 471 2822 optulit
486 2758 520 2800 se
535 2743 650 2820 quarto
665 2735 718 2800 die
733 2759 846 2801 uersus
861 2735 1038 2801 Radulfum
1053 2736 1180 2823 Tyrelle
1192 2744 1227 2802 et
1239 2735 1435 2802 clemenciam

350 2859 483 2906 uxorem
503 2837 573 2901 eius
593 2836 634 2902 de
654 2837 773 2923 placito
789 2837 976 2904 medietatis
991 2839 1069 2903 uille
1084 2838 1126 2904 de
1141 2838 1364 2926 Halingedona
1375 2858 1435 2901 eun

349 2951 431 3028 pert.
448 2965 546 3030 quarn
569 2942 641 3029 ipsa
664 2942 783 3008 elamat
802 2942 838 3007 in
862 2942 973 3008 dotem
996 2964 1109 3010 uersus
1132 2966 1186 3010 eos
1207 2953 1268 3010 etc.
1312 2943 1353 3008 Et
1365 2951 1437 3006 terra

350 3055 447 3133 capta
460 3047 523 3112 fuit
543 3048 578 3112 in
598 3070 697 3112 manu
718 3047 811 3113 Dom.
828 3048 930 3134 Regis
948 3070 1006 3134 pro
1026 3047 1155 3113 defectu
1177 3069 1276 3134 quem
1297 3045 1436 3112 Radnllus

350 3161 385 3216 et
400 3151 585 3217 Clemencia
599 3151 746 3218 fecerunt
760 3149 796 3215 in
811 3150 888 3216 oet.⁸
903 3151 936 3216 S.
951 3151 1027 3228 Hit,
1043 3158 1077 3215 et
1091 3150 1271 3216 uioeeomes
1289 3146 1436 3216 mandauit

350 3254 437 3319 diem
467 3254 627 3341 capeionis
656 3263 717 3320 etc.
740 3263 774 3319 et
804 3254 890 3340 quod
919 3254 983 3341 ipsi
1003 3254 1195 3319 summoniti
1216 3255 1346 3319 fuerunt
1364 3248 1435 3337 quod

351 3367 457 3424 essent
472 3381 492 3423 a
507 3358 559 3423 die
575 3357 814 3424 Purifieaoionis
828 3359 863 3423 in
878 3382 928 3423 xv.
941 3356 1026 3423 dies‘
1039 3366 1100 3423 eta
1145 3358 1190 3422 Et
1203 3358 1247 3423 ad
1261 3357 1345 3423 diem
1358 3356 1434 3421 illurn

233 3525 237 3532 .
350 3461 444 3527 uenit
463 3461 623 3527 Radullus
644 3469 678 3526 et
697 3462 797 3548 peciit
812 3471 932 3526 terram
947 3485 1005 3548 per
1018 3461 1184 3548 pleuinam
1199 3462 1265 3526 scil.
1281 3460 1346 3526 die⁵
1359 3462 1432 3525 Lune
1467 3541 1470 3547 Ι

351 3565 496 3652 proxima
517 3572 594 3629 ante
615 3563 813 3630 Cathedram
838 3565 869 3629 S.
891 3563 989 3640 Petri,
1004 3572 1055 3629 set
1079 3563 1266 3629 Clemeneia
1285 3561 1433 3628 uxorein

350 3692 415 3734 non
430 3668 523 3734 uenit
538 3677 596 3733 eto.
613 3677 647 3734 et
662 3668 841 3733 uioeeomes
856 3676 999 3733 testatus
1011 3676 1062 3732 est
1077 3667 1164 3754 quod
1179 3677 1268 3733 terra
1279 3676 1370 3754 eapta
1379 3663 1430 3728 luit

350 3771 385 3835 in
396 3794 528 3836 manum
541 3771 633 3836 Dom.
644 3771 744 3858 Regis
752 3770 820 3836 die⁶
830 3771 948 3836 Martis
955 3772 1103 3859 proxima
1109 3780 1184 3859 post
1195 3770 1430 3837 Purifieaoiouen

351 3882 409 3940 eto
454 3874 621 3940 Judieium
645 3875 778 3960 ponitur
801 3875 836 3939 iu
859 3885 1010 3962 respectu
1035 3876 1196 3962 usquein
1216 3899 1267 3942 xv.
1288 3874 1353 3940 dies
1372 3876 1429 3956 post

351 3977 475 4062 Bascha
488 3999 581 4063 prece
601 3977 759 4042 attornati
778 3977 885 4044 Isolde
903 3987 939 4044 et
957 3979 1060 4066 ipsius
1078 3978 1219 4056 Radulfi,
1235 3979 1283 4044 ita
1303 3974 1379 4063 quod
1397 3970 1429 4036 ad

351 4079 438 4145 diem
458 4079 550 4144 illum
570 4079 630 4144 fiat
643 4079 802 4145 iudicium
817 4080 929 4147 eodem
945 4082 1040 4147 modo
1053 4104 1119 4168 quo
1133 4081 1175 4146 ad
1194 4083 1278 4148 hano
1291 4079 1370 4145 dien
1381 4085 1428 4141 etc.

385 4217 444 4266 1In
455 4217 556 4278 general
571 4216 722 4268 thersiano
734 4217 878 4269 rieualtar
959 4219 1092 4269 ΝΟΜ.

353 4283 397 4332 the
411 4281 473 4332 land
487 4281 536 4331 has
550 4283 614 4333 boen
631 4282 716 4333 eaized
732 4283 816 4335 under
832 4285 877 4334 tha
959 4285 971 4318 ⁴
988 4286 1019 4336 16
1030 4284 1092 4335 Feb.
1104 4283 1218 4350 Monday
1228 4284 1257 4336 in
1267 4285 1337 4335 1215.

353 4349 432 4398 Great
443 4347 518 4410 Oape.
552 4347 595 4396 Br.
608 4348 626 4398 f.
639 4350 686 4400 877
696 4349 720 4398 b.
959 4349 970 4382 ⁸
987 4349 1090 4402 ltFeb.
1110 4363 1113 4367 ’

385 4414 454 4463 ²131.
469 4414 486 4462 l.
499 4415 554 4462 238.
675 4473 677 4478 ¹
959 4415 1075 4466 ‘area
