3167 5075
361 369 425 432 608
469 381 561 430 uras
583 381 627 430 or
649 379 850 430 rnrrsnunn
873 379 912 428 ru
934 378 1037 440 nour,
1058 377 1124 428 nu.
1149 361 1244 440 1227,
1265 377 1329 426 nn
1354 363 1402 425 ll.

360 551 401 618 de
424 553 558 641 Burgho
582 559 617 619 et
642 552 764 619 Sabina
789 573 871 616 uxor
895 550 965 616 eius
995 554 1118 614 tenent
1177 545 1244 628 Qui
1273 547 1411 612 ueniunt
1429 556 1456 611 et

359 657 474 723 dicunt
489 659 575 744 quod
590 657 690 723 assisa
702 679 768 721 non
783 656 883 722 debet
897 674 1080 741 supeream
1103 651 1285 739 procedere,
1299 651 1379 738 quis
1397 650 1457 737 ipsi

361 761 484 828 Sabina
504 762 568 827 fuit
589 761 658 827 filia
678 760 816 848 predicti
838 759 997 825 Johannis
1018 758 1059 824 ds
1081 757 1174 823 cuius
1195 765 1301 822 morte
1321 756 1457 821 tulerunt

239 901 242 912 ·
360 866 502 946 assisam,
518 875 552 932 et
573 874 692 954 petunt
713 865 872 931 iudicium
895 864 923 930 si
944 863 1044 930 assisa
1064 863 1183 930 debeat
1197 862 1275 928 inde
1289 861 1457 948 procedere
1535 886 1536 931 i

362 971 406 1036 Et
420 971 477 1036 alii
491 971 605 1038 dicunt
620 971 705 1058 quod
720 970 803 1035 bens
818 976 926 1056 potest
941 991 1011 1034 esse
1025 967 1112 1055 qnod
1126 967 1171 1032 sit
1184 967 1254 1033 filis
1272 989 1342 1045 sua,
1355 974 1404 1031 set
1416 974 1457 1030 est
1535 996 1536 1011 κ

361 1075 519 1142 bastarnia
562 1077 606 1142 Et
620 1076 694 1141 ideo
708 1075 947 1141 consideratum
961 1073 1114 1161 estquod
1132 1080 1210 1138 eant
1224 1071 1302 1138 inde
1317 1071 1419 1159 quieti
1430 1079 1457 1137 et

361 1181 418 1248 alii
433 1181 468 1246 in
482 1180 707 1259 misericordie,
722 1181 846 1246 scilicet
861 1180 1006 1266 Rogcrus
1021 1187 1056 1244 et
1070 1178 1127 1244 ulii
1142 1185 1203 1244 etc.

427 1285 552 1351 ¹Assisa
567 1285 659 1352 uenit
673 1285 879 1372 recognitura
892 1284 920 1349 si
935 1284 1100 1350 Galfridus
1115 1283 1157 1348 de
1173 1281 1456 1369 Wintcringehnn,

363 1388 520 1454 Ricardus
534 1388 620 1455 filius
635 1389 815 1476 Augustini
831 1397 865 1454 et
885 1389 968 1454 tales
990 1397 1049 1454 etc
1071 1388 1193 1454 iniuste
1214 1395 1249 1452 et
1264 1387 1336 1452 sine
1350 1385 1456 1451 iudicio

362 1491 556 1557 leuauerunt
586 1491 747 1578 quoddam
778 1491 935 1556 fossatum
965 1491 999 1555 in
1030 1490 1133 1557 Oxon’
1162 1491 1204 1556 ad
1234 1498 1457 1556 nocumentum

362 1595 456 1660 liberi
470 1593 651 1660 tenementi
672 1594 824 1660 Nicholai
846 1595 888 1660 de
909 1595 1047 1660 Poltons
1066 1603 1102 1660 et
1125 1594 1246 1661 Orsble
1269 1592 1377 1660 uxoris
1397 1593 1457 1659 eins

362 1709 421 1766 stc.

427 1804 471 1868 Et
492 1803 656 1869 Galfiidus
678 1811 712 1869 et
736 1803 793 1868 alii
816 1802 955 1869 ueniunt
977 1811 1012 1870 ct
1031 1803 1146 1869 dicunt
1166 1802 1254 1889 quod
1268 1825 1336 1867 non
1348 1801 1457 1866 debent

360 1907 403 1974 ad
428 1909 488 1973 hoc
513 1910 613 1975 breue
634 1908 836 1995 respondere,
858 1909 936 1996 quia
956 1909 1004 1975 ibi
1025 1910 1090 1976 fuit
1120 1909 1284 1996 quoddam
1314 1909 1457 1974 fossatum

361 2021 505 2100 tempore
528 2015 570 2080 Η
594 2014 694 2101 Regis
716 2014 771 2079 aui
795 2023 854 2080 etc.
879 2023 913 2080 et
935 2022 985 2080 est
1005 2015 1048 2079 ad
1068 2037 1274 2080 communem
1289 2014 1456 2079 utilitatem

362 2120 465 2185 tocius
494 2120 600 2206 patrie
630 2142 687 2206 pro
717 2119 813 2184 terris
842 2119 1036 2186 exsecandis
1096 2120 1222 2186 Dicunt
1251 2119 1354 2184 eciam
1382 2117 1459 2205 quod

363 2227 518 2290 fossatum
544 2225 626 2290 illud
649 2233 838 2312 reparatum
864 2225 927 2290 fuit
949 2224 991 2290 ad
1011 2224 1218 2291 uoluntatem
1240 2224 1336 2290 Dom
1361 2223 1459 2310 Regis.

362 2330 448 2416 qnod
474 2331 503 2396 si
525 2338 724 2416 prostratum
750 2338 835 2395 esset
857 2330 951 2396 Dom.
975 2330 1047 2395 Rex
1068 2330 1236 2396 emitteret
1258 2353 1309 2395 xx
1335 2329 1459 2394 libratas

362 2435 508 2500 redditus
531 2435 662 2500 assises'
687 2443 721 2500 et
745 2434 838 2500 Dom.
862 2434 1105 2500 Cantuariensis
1128 2434 1282 2500 similiter
1303 2442 1339 2500 et
1360 2433 1458 2520 plures

362 2540 425 2606 elii
471 2541 515 2606 Et
537 2548 685 2628 preterea
713 2539 912 2605 Benedictus
934 2539 1079 2607 Clericus
1101 2548 1136 2606 et
1165 2540 1250 2607 tales
1279 2540 1337 2627 qui
1365 2538 1458 2605 nomi·

362 2653 483 2711 nentur
497 2645 531 2710 in
545 2644 638 2711 breui
653 2644 774 2710 mortui
793 2652 872 2709 sunt
892 2652 927 2710 et
948 2644 1083 2711 heredes
1104 2668 1215 2711 eorum
1237 2645 1325 2710 infra
1345 2652 1459 2709 etatem
1538 2675 1539 2680 ¹

362 2758 439 2815 sunt
476 2758 511 2815 et
544 2749 579 2814 in
611 2748 729 2815 seisina
758 2749 800 2815 de
830 2747 924 2814 terris
953 2750 1021 2815 suis
1055 2758 1090 2816 et
1120 2773 1186 2816 non
1219 2751 1353 2815 fuerumt
1380 2758 1459 2814 atts·

361 2853 468 2919 chisti.
514 2853 593 2918 Ideo
616 2853 854 2919 consideratum
877 2862 927 2920 est
952 2854 1040 2941 qnod
1066 2854 1232 2920 Galfiidus
1257 2854 1370 2921 etalii
1389 2853 1459 2919 inde

362 2958 466 3046 quieti
489 2966 522 3023 ct
545 2957 602 3023 alii
627 2958 817 3045 perquirant
842 2981 877 3025 se
901 2982 1014 3026 uersus
1039 2982 1151 3026 omnes
1175 2968 1325 3027 tenentes
1346 2959 1375 3024 si
1397 2956 1460 3023 ncl-

362 3062 477 3129 uerint

428 3163 559 3229 'Assisa
572 3164 665 3230 uenit
680 3165 922 3252 recogniturasi
932 3166 1117 3233 Willclmus
1128 3166 1169 3232 de
1179 3166 1278 3233 Selue
1288 3164 1461 3232 auunculus

365 3269 485 3356 Rogeri
504 3278 538 3334 et
559 3269 699 3335 Simonis
720 3270 783 3335 fuit
806 3270 936 3336 seisitus
955 3272 991 3335 in
1011 3272 1172 3337 dominico
1190 3294 1250 3338 suo
1269 3281 1329 3338 etc
1350 3271 1390 3336 de
1409 3270 1460 3335 ix·.

365 3381 457 3460 parte
475 3372 538 3459 xvj.
555 3394 616 3439 scr.
632 3380 717 3438 terre
732 3395 808 3439 cum
823 3382 896 3460 pert
910 3374 946 3439 in
961 3376 1089 3441 Baculi'
1110 3384 1170 3441 etc.
1191 3398 1289 3463 quam
1311 3376 1407 3464 Hugo
1422 3372 1460 3439 de

367 3478 527 3545 Stradens
540 3484 640 3543 tenet.
684 3477 750 3559 Qui
764 3478 857 3544 uenit
871 3487 906 3544 et
920 3479 1004 3544 bene
1018 3479 1165 3545 concedit
1179 3480 1320 3547 assisam

431 3584 598 3649 Juratores
627 3582 741 3648 dicunt
770 3583 857 3669 quod
886 3584 1051 3672 predictus
1080 3584 1266 3651 Willelmus
1292 3608 1357 3651 non
1383 3584 1461 3649 obiit

365 3686 494 3753 saisitus
509 3694 567 3751 etc.
581 3686 658 3772 quia
677 3686 712 3751 in
732 3686 804 3752 uita
823 3709 883 3752 sua
903 3686 995 3754 dedit
1017 3688 1147 3755 ciridam
1164 3688 1305 3754 Radulfo
1325 3688 1461 3753 filiosuo

365 3801 485 3859 terram
500 3791 588 3859 illam
605 3792 663 3879 qui
677 3792 786 3858 tenuit
801 3815 860 3880 per
874 3816 947 3859 xxx.
962 3815 1071 3859 annos.
1116 3794 1161 3859 Et
1181 3792 1255 3859 idco
1273 3794 1371 3880 Hugo
1388 3792 1461 3857 inde

365 3898 497 3985 quietus
512 3895 596 3984 etc!

219 4016 307 4073 ,[Μ]
430 4002 557 4067 ⁴Assisa
582 3999 675 4067 uenit
704 4002 911 4088 recognitum
939 4001 967 4067 si
996 4002 1142 4089 Rogerus
1172 4002 1294 4067 Tenere
1316 4008 1405 4087 peter
1430 3998 1460 4063 J.

234 4084 328 4154 ¹737·
365 4107 487 4172 Tancre
502 4105 566 4171 fuit
586 4104 716 4170 seisitus
736 4104 771 4168 in
790 4103 952 4171 dominico
975 4126 1033 4170 suo
1052 4112 1112 4171 etc
1134 4103 1176 4170 de
1199 4105 1290 4171 feodo
1306 4104 1330 4191 j.
1351 4102 1460 4168 militis

397 4353 582 4407 ιΔ.ιιι.15τ1.
974 4354 1160 4407 *ΛΜΗ

396 4420 517 4479 'fliam
975 4420 1163 4473 ‘unlus
