3167 5075
340 399 459 451 coaan
481 400 581 461 nucu
602 400 668 451 nn.
694 386 854 465 1235-6,
874 404 938 456 aa
961 392 1010 457 20.
1166 392 1228 461 1⁷5

133 572 283 639 llatillide
306 572 532 661 primogenita,
547 582 582 640 θὴ
602 574 688 661 quod
708 574 839 663 quidam
863 577 1027 645 Galfridua
1048 580 1106 667 qui
1127 603 1230 648 mesa·

130 676 212 761 gium
238 677 320 744 illud
343 678 435 745 dedit
459 679 616 766 Magistro
642 689 676 744 et
700 680 861 746 'fratribus
886 684 1008 750 Milicie
1038 685 1166 773 Templi
1194 687 1230 751 in

128 780 241 867 Anglia
261 781 355 847 uenit
376 782 417 848 de
439 781 567 869 Roynia,
589 788 640 847 set
662 781 727 849 fuit
752 782 930 852 baatardua
976 786 1021 852 Et
1043 788 1121 874 quia
1141 788 1229 854 idem

129 884 284 951 Galfridue
297 907 363 952 non
378 886 442 952 fuit
456 886 625 952 conuictus
639 885 682 951 ad
696 886 886 954 bastardum
901 889 980 956 dum
994 890 1059 956 fnit
1073 890 1108 957 in
1122 893 1230 958 seculo

128 996 158 1053 ct
184 998 358 1077 antequam
387 991 545 1056 contenet
571 1012 606 1057 ee
635 990 792 1079 religioni,
818 992 892 1059 ideo
918 994 1156 1062 consideratum
1178 1006 1230 1063 est

127 1092 206 1178 quod
227 1094 393 1181 predictus
417 1094 581 1161 Galfridus
601 1117 666 1160 non
686 1102 795 1181 potest
814 1103 926 1182 petere
940 1097 1003 1163 nisi
1018 1099 1228 1167 medietatem

126 1197 212 1264 aiios
226 1200 378 1267 habuerit
392 1208 428 1265 et
442 1200 515 1267 ideo
529 1200 599 1267 sine
615 1198 668 1266 die
683 1208 742 1267 eto

86 1350 92 1363 .
185 1300 310 1369 ιΑθθὶθθ
330 1304 423 1369 uenit
442 1303 648 1391 recognitum
666 1302 695 1368 ai
715 1303 856 1369 Thomas
871 1302 958 1369 filius
972 1303 1111 1371 Walteri
1124 1329 1228 1373 auun-
1314 1329 1349 1359 ⁰¹¹·

125 1406 209 1473 culus
233 1408 308 1474 Ade
330 1407 390 1473 filii
413 1407 517 1474 Alicio
543 1406 656 1473 Thom'
679 1406 721 1472 fil¹
745 1406 884 1473 Iaobelle
905 1414 965 1474 eto
988 1431 1086 1495 quam
1108 1418 1228 1476 terram

125 1507 259 1576 Mathiaa
273 1510 317 1576 de
329 1509 478 1598 Ooudray
489 1518 582 1576 tenet
593 1518 627 1576 et
637 1510 769 1575 uocauit
783 1508 826 1574 ad
836 1517 1015 1576 warantum
1027 1512 1228 1579 Almaricum

125 1611 161 1679 de
176 1614 206 1680 S.
221 1614 374 1681 Amando
394 1616 451 1701 qui
470 1614 550 1681 aliae
571 1615 663 1681 uenit
685 1622 719 1681 et
740 1614 771 1680 ei
793 1616 1018 1682 warantizauit
1040 1608 1078 1684 et
1096 1619 1229 1685 uocauit

124 1717 162 1783 ad
175 1727 355 1785 warantum
374 1717 485 1784 Dauid
504 1718 607 1785 filium
628 1718 751 1784 Thome
767 1726 828 1785 otc
842 1718 928 1785 sicut
942 1729 1035 1806 patet
1049 1722 1084 1786 in
1098 1723 1228 1789 recordo

125 1819 156 1885 in
177 1821 296 1910 pagina
320 1820 537 1909 precedente¹.
582 1821 649 1903 Qui
663 1820 773 1887 Dauid
788 1821 882 1887 uenit
896 1830 931 1887 et
945 1823 977 1888 ei
991 1824 1178 1891 warantizat
1192 1835 1228 1892 et

125 1925 197 1993 dicit
220 1928 308 2014 quod
332 1928 431 1994 assisa
454 1949 519 1993 non
539 1926 638 1993 debet
657 1926 733 1991 inde
753 1925 826 1992 fien'
844 1948 905 1993 nec
924 1926 1024 1993 aaaiaa
1042 1927 1127 1995 iaoet
1141 1930 1228 1996 inter

125 2028 223 2115 ipsum
253 2040 289 2097 et
318 2030 502 2118 predictum
531 2028 639 2095 Adam
665 2029 750 2094 eicut
775 2052 835 2095 nec
860 2029 947 2095 inter
971 2031 1170 2097 auunculum
1191 2040 1228 2098 et

124 2142 278 2218 nepotem,
300 2134 379 2220 quia
399 2133 468 2219 ipae
491 2140 541 2198 est
562 2132 654 2197 heres
673 2138 709 2197 et
728 2130 815 2197 filius
834 2131 936 2217 ipsius
957 2132 1081 2198 Thome
1103 2134 1227 2221 etipse

123 2236 223 2302 Adam
246 2260 315 2303 non
338 2245 389 2303 eat
407 2236 471 2303 nisi
491 2258 590 2323 nepos
610 2236 688 2312 eiua,
703 2243 738 2301 et
758 2235 839 2301 dicit
858 2236 945 2323 quod
964 2236 1033 2323 ipae
1053 2238 1131 2303 fecit
1149 2238 1227 2305 inde

124 2338 306 2427 homagium
331 2340 423 2405 Dom
449 2338 541 2426 Regi.
587 2338 630 2404 Et
653 2338 761 2404 Adam
784 2361 850 2403 non
867 2347 976 2425 potest
997 2339 1058 2405 hoo
1079 2340 1226 2407 dedicere

124 2450 154 2507 et
173 2442 245 2509 ideo
267 2442 381 2509 Dauid
404 2441 479 2508 inde
502 2442 571 2507 sine
593 2441 647 2507 die
670 2450 704 2507 et
725 2442 833 2507 Adam
855 2442 890 2508 in
912 2442 1128 2510 misericordia
1149 2444 1228 2531 quia

123 2547 215 2614 asnaa
228 2571 295 2614 non
310 2549 396 2614 iacet
415 2549 501 2614 inter
519 2571 581 2614 eoa
626 2549 671 2614 Et
685 2548 792 2615 Adam
807 2549 973 2636 perquirat
987 2550 1049 2616 eibi
1064 2573 1124 2637 per
1136 2551 1226 2617 aliud

124 2647 215 2717 breue
229 2653 258 2718 si
273 2652 423 2718 uoluerit

29 2742 91 2808 162.
183 2755 295 2822 Abbae
319 2755 350 2821 S.
373 2753 559 2820 Eadmundi
580 2754 797 2820 summonitus
818 2755 882 2821 fuit
903 2754 945 2821 ed
966 2755 1224 2843 respondendum

124 2855 210 2923 Dom.
239 2857 328 2945 Regi
363 2879 427 2944 quo
461 2865 604 2922 waranto
636 2857 762 2922 leuauit
790 2856 951 2943 quoddam
981 2869 1160 2926 mercatum
1189 2861 1224 2925 in

124 2959 325 3028 Melefordia⁸
346 2962 389 3028 ad
410 2969 642 3028 nocumentum
665 2970 880 3028 mercatorum
906 2963 1038 3030 Ricardi
1062 2964 1103 3032 de
1129 2965 1224 3033 Clare

123 3067 173 3151 qui
200 3076 252 3134 est
280 3067 367 3132 infra
395 3075 517 3134 etatem
547 3075 581 3132 et
610 3067 645 3132 in
674 3066 822 3134 custodie
850 3067 944 3134 Dom.
974 3069 1074 3157 Regia
1102 3078 1162 3136 etc
1189 3071 1225 3137 in

123 3169 249 3238 Sudbiri
263 3180 300 3238 et
315 3170 351 3237 in
366 3171 459 3239 Clare
475 3179 535 3238 etc.

181 3275 225 3339 Et
246 3273 362 3340 Abbaa
383 3272 477 3338 uenit
499 3281 533 3338 et
555 3270 635 3340 dicit
657 3273 743 3359 quod
765 3273 848 3339 illud
873 3274 999 3340 leuauit
1024 3274 1065 3340 do
1090 3276 1226 3344 licencia

123 3375 208 3445 Dom
224 3379 328 3466 Regis
348 3386 383 3444 et
403 3384 583 3444 warantum
603 3378 704 3444 habet
718 3386 841 3445 cartam
856 3379 948 3445 Dom
965 3381 1065 3468 Regis
1079 3391 1114 3447 et
1132 3382 1223 3449 illam
1308 3385 1311 3388 ’

123 3479 249 3549 habebit
269 3481 314 3547 ad
333 3481 420 3547 diem
441 3489 475 3546 et
495 3481 671 3547 terminum
687 3488 722 3546 et
736 3480 918 3568 dicitquod
932 3506 997 3549 non
1011 3491 1063 3550 eet
1076 3483 1223 3552 leuatum

123 3583 160 3650 ad
173 3585 304 3672 aliquod
319 3590 560 3650 nocumentum.

181 3689 224 3754 Et
246 3689 349 3775 Hugo
370 3687 411 3754 do
434 3687 566 3774 Gurnay
588 3687 645 3774 qui
667 3687 815 3775 sequitur
835 3711 893 3775 pro
915 3688 1008 3756 Dom.
1032 3691 1122 3778 Rege
1143 3691 1224 3758 dicit

124 3793 203 3877 quod
230 3794 381 3859 leuatum
410 3801 461 3858 θθὴ
489 3792 531 3858 ad
560 3814 716 3880 magnum
745 3801 977 3859 nocumentum
1005 3795 1223 3880 predictorum

126 3907 334 3964 mercatorum
355 3905 390 3963 et
411 3897 498 3985 quod
519 3906 664 3984 tempore
685 3918 750 3984 quo
770 3897 886 3964 Oomea
907 3897 1108 3965 Glaucestrie
1127 3901 1225 3967 obiit⁴

124 4023 183 4066 non
203 4003 266 4068 fuit
288 4001 422 4089 aliquod
444 4009 624 4068 mercatum
643 4001 732 4089 apud
751 4002 984 4082 Melefordiam‚
998 4004 1076 4070 etsi
1094 4005 1226 4093 aliquod

125 4116 297 4174 mercatum
311 4107 360 4173 ibi
374 4107 426 4185 eit,
441 4107 588 4174 leuatum
608 4115 658 4173 est
677 4115 903 4194 postmortem
917 4107 1020 4195 ipsius
1034 4109 1170 4178 Comitia
1189 4120 1226 4177 et

157 4304 394 4359 menonem
407 4309 479 4362 1157.
709 4277 1223 4378 'vueuoraonraounurmnue

157 4369 167 4401 ²
183 4373 317 4437 Referring
328 4377 357 4425 to
368 4374 435 4425 (leae
446 4375 518 4434 1157,
531 4375 615 4426 which
625 4375 650 4427 ia
701 4375 792 4428 bordar
803 4377 831 4426 ot
842 4377 942 4428 Snfiolk
952 4379 1005 4429 and
1015 4380 1104 4430 Eneca

132 4435 345 4504 ontheoppoaite
354 4454 427 4503 page.
732 4441 861 4494 ⁴Gilbart
871 4443 992 4502 osclara,
1003 4445 1045 4496 ob.
1058 4447 1127 4497 1230.
