3167 5075
363 382 426 444 530
586 393 820 454 messanum,
842 394 906 444 nn.
931 380 1025 456 1225,
1048 395 1111 444 na.
1136 382 1254 444 9-10.

428 567 472 631 Et
494 565 572 651 quia
592 563 733 630 Thomas
754 572 790 630 et
812 565 869 632 alii
890 565 952 631 hoe
975 575 1173 651 cognoscunt
1199 575 1234 632 et
1259 566 1347 652 quod
1372 566 1471 632 nichil

361 669 463 734 hahet
476 668 518 734 de
533 667 715 732 hereditate
730 668 833 754 patris
848 667 909 744 sui,
924 667 1164 733 oonsideratum
1180 677 1232 734 est
1247 669 1334 755 quod
1348 669 1474 734 leticia

361 772 568 858 recuperauit
601 771 752 836 saisinam
787 793 879 836 suam
915 771 956 837 de
992 772 1142 837 omnibus
1176 772 1331 858 predictis
1364 773 1475 837 ter-ciis

362 877 519 963 partibus,
543 883 577 940 et
603 874 660 938 alii
689 875 724 938 in
753 873 980 951 misericordia,
1003 883 1037 940 et
1068 873 1244 940 Gaufridus
1273 876 1405 962 quietus
1435 875 1477 940 de

362 979 519 1044 warantis
532 988 592 1043 eto

232 1099 325 1163 1684,
428 1083 555 1148 ¹Assisa
575 1082 669 1147 uenit
691 1081 897 1168 recognitum
918 1081 991 1168 quis
1013 1082 1191 1148 aduooatus
1214 1091 1356 1170 tempore
1383 1083 1478 1169 pacis

226 1197 324 1239 Mod
363 1187 566 1275 presentauit
579 1185 731 1251 ultimam
751 1207 921 1272 pomonam
941 1208 1005 1272 que
1025 1195 1155 1252 mortua
1174 1196 1225 1252 est
1243 1189 1285 1252 ad
1304 1188 1477 1252 aeclesiam

362 1293 404 1358 de
424 1291 573 1377 Erlegha‚
592 1312 656 1376 que
676 1299 773 1354 uacat
795 1298 864 1366 eta,
885 1289 978 1354 euius
999 1289 1246 1356 aduooaoionem
1270 1291 1414 1356 Thomas
1435 1291 1476 1356 de

362 1398 472 1484 Burgo
500 1396 620 1462 elamat
649 1417 763 1459 uersus
791 1393 987 1480 Magistrum
1017 1394 1220 1460 Willelmum
1245 1396 1417 1460 Deeanum
1442 1407 1476 1460 et

363 1502 554 1588 Capitulum
568 1500 773 1566 Liehefeldie.

427 1606 473 1668 Et
502 1604 660 1691 Magister
681 1603 867 1669 Willelmus
894 1603 988 1668 uenit
1010 1610 1045 1668 et
1068 1603 1150 1669 dicit
1174 1604 1259 1691 quod
1281 1605 1383 1669 assisa
1411 1627 1475 1670 noa

361 1709 462 1774 debet
482 1708 559 1773 inde
581 1709 659 1785 fieri,
679 1709 758 1795 quia
778 1709 966 1775 continetur
987 1709 1022 1774 in
1041 1709 1136 1774 breui
1156 1709 1243 1796 quod
1262 1709 1400 1774 ecelesia
1420 1710 1475 1774 ills

362 1820 468 1890 rmeat,
483 1820 519 1876 et
533 1834 599 1876 non
614 1821 710 1877 uaeat
729 1813 808 1898 quia
826 1813 896 1898 ipse
916 1822 952 1878 et
972 1813 1163 1900 Capitulum
1182 1836 1276 1878 suum
1297 1823 1378 1878 sunt
1399 1813 1474 1880 inde

361 1937 499 2001 persona
518 1915 607 1979 etin
627 1914 826 2001 possessione
846 1916 936 1980 illius
956 1915 1098 1994 ecclesie,
1114 1923 1148 1980 et
1168 1915 1240 1980 ideo
1259 1937 1325 1980 non
1337 1916 1420 1980 uult
1435 1915 1473 1980 ad

362 2017 423 2083 hoo
437 2017 536 2082 breue
555 2016 755 2103 respondere.
802 2017 846 2082 Et
868 2019 990 2104 profert
1011 2026 1135 2082 cartam
1157 2017 1229 2083 Ade
1251 2017 1291 2082 de
1313 2018 1420 2082 Portu
1443 2032 1473 2084 et

363 2123 477 2188 Sibille
501 2123 609 2188 uxoris
633 2122 703 2187 eius
727 2144 790 2208 que
815 2129 956 2186 testatur
981 2121 1069 2207 quod
1093 2121 1253 2186 dederunt
1278 2121 1309 2186 ei
1333 2121 1472 2187 aduooa·

360 2228 486 2293 cionem
510 2228 599 2293 illius
625 2227 756 2292 ecclesie
783 2233 843 2291 ete.
889 2225 1015 2290 Profert
1041 2225 1143 2290 eciam
1169 2233 1290 2290 cartam
1321 2225 1471 2311 Episaopi

361 2354 425 2417 quo
440 2330 500 2395 hoo
515 2339 576 2396 eto.
620 2331 664 2395 Et
679 2331 752 2395 ideo
766 2353 832 2394 non
847 2331 921 2395 uult
936 2329 979 2394 ad
994 2330 1055 2394 hoo
1069 2339 1129 2395 ete.
1546 2303 1547 2336 l

426 2436 471 2500 Et
490 2435 631 2500 Thomas
645 2433 686 2498 de
702 2435 812 2520 Burgo
832 2433 925 2498 uenit
945 2441 980 2498 et
1000 2433 1081 2498 dicit
1101 2433 1187 2519 quod
1208 2433 1269 2499 hoo
1289 2457 1353 2499 non
1374 2433 1468 2500 debet

360 2542 392 2606 ei
407 2563 530 2617 nocere,
545 2540 623 2626 quia
636 2548 710 2624 post
724 2550 829 2603 cartas
849 2538 921 2603 illas
940 2538 1005 2603 luit
1025 2538 1097 2603 Rex
1113 2539 1154 2603 H
1170 2562 1253 2604 auus
1268 2550 1327 2605 ete
1342 2541 1468 2605 seisitus

359 2644 401 2709 de
426 2643 641 2708 aduooaeione
665 2641 723 2707 illa
747 2650 782 2706 et
807 2640 1011 2727 prasentauit
1034 2640 1185 2707 clericum
1211 2664 1318 2720 suum,
1340 2652 1377 2707 et
1399 2652 1466 2731 post

359 2771 436 2812 eum
455 2748 526 2812 Rex
541 2747 708 2813 Johannes
727 2745 931 2832 presentauit
951 2745 1069 2810 talem¹
1083 2754 1143 2811 ete.
1158 2756 1193 2811 et
1212 2747 1300 2833 petit
1319 2748 1465 2812 saisinam

359 2854 454 2918 Dom.
484 2852 584 2937 Regis
613 2852 699 2916 sicut
727 2852 782 2916 ille
809 2851 863 2915 oui
891 2851 986 2916 Dom.
1013 2850 1084 2914 Rex
1110 2850 1201 2915 dedit
1231 2858 1350 2915 terram
1380 2852 1464 2915 illam

360 2966 419 3023 ete.
439 2955 445 3043 Ι

426 3063 470 3126 Et
492 3062 643 3126 Decanus
665 3058 745 3124 dicit
767 3058 855 3146 quod
876 3058 937 3123 hoo
958 3080 1024 3122 non
1041 3058 1140 3123 debet
1154 3058 1186 3123 ei
1200 3080 1325 3138 nocere,
1339 3058 1465 3146 quiade
1544 3070 1545 3107 l

360 3166 479 3231 saisina
492 3163 721 3230 Amhidiaeoni
735 3171 795 3229 ete.
805 3163 863 3251 qui
878 3171 1084 3249 presentatus
1098 3163 1162 3228 luit
1171 3186 1231 3249 per
1241 3164 1335 3229 Dom.
1346 3166 1464 3249 Regem

360 3293 424 3335 non
439 3277 547 3357 potest
561 3269 649 3333 idem
664 3268 804 3333 Thomas
819 3266 951 3331 assisam
969 3274 1080 3351 petere
1103 3264 1143 3329 de
1166 3265 1286 3331 ultima
1307 3276 1464 3353 praesuta

359 3375 459 3453 aione,
468 3373 546 3461 quia
555 3382 729 3459 postquam
740 3370 995 3437 Archidiaoonus
1009 3377 1213 3435 consecratus
1228 3370 1293 3435 luit
1308 3372 1342 3436 in
1356 3370 1464 3435 Arrhi-

360 3479 546 3564 episeopum
574 3476 778 3562 presentauit
807 3476 894 3541 idem
924 3476 1075 3540 Deoanus
1111 3483 1146 3539 et
1184 3474 1372 3562 Capitulum
1400 3484 1464 3539 etc.

359 3581 522 3667 quendam
544 3579 733 3665 Philippum
755 3579 797 3644 de
821 3580 907 3665 Bray
922 3578 978 3666 qui
1000 3578 1042 3643 ad
1064 3580 1342 3664 presentaoionem
1356 3602 1463 3645 eomm

358 3686 423 3750 fuit
437 3684 596 3749 admissus
610 3683 653 3747 ad
667 3682 804 3747 eandem
820 3683 986 3747 eeclesiam
1002 3690 1037 3747 et
1051 3682 1133 3747 obiit
1147 3704 1286 3771 persona
1305 3694 1338 3749 et
1357 3684 1464 3749 tenuit

359 3789 526 3854 eeclesiam
540 3810 599 3873 per
612 3786 691 3872 xiiij.
707 3809 817 3862 annos,
832 3794 866 3851 et
880 3786 957 3851 inde
972 3787 1065 3873 ponit
1079 3810 1113 3853 se
1127 3810 1228 3873 super
1242 3789 1382 3854 iuratam
1542 3842 1543 3881 p

424 3892 468 3956 Et
482 3890 622 3955 Thomas
636 3888 717 3953 dicit
732 3888 819 3974 quod
833 3887 920 3953 idem
940 3888 1111 3975 Philippus
1131 3912 1298 3976 uunquam
1313 3890 1369 3955 luit
1380 3888 1463 3953 inde

358 4017 495 4081 persona
508 3993 608 4057 immo
622 3991 783 4055 firmarius
798 4000 832 4056 et
847 3991 923 4057 inde
938 3992 1031 4077 ponit
1042 4014 1077 4057 se
1088 4014 1185 4079 super
1199 3995 1328 4059 assisam
1341 4000 1370 4057 et
1383 3991 1464 4057 ideo

358 4081 510 4185 procellat
524 4096 631 4172 assisa,
640 4103 691 4161 set
701 4094 835 4181 ponitur
848 4082 883 4160 in
898 4105 1080 4183 respectum
1095 4120 1197 4184 usque
1209 4099 1250 4165 ad
1266 4099 1355 4163 talem
1367 4094 1461 4159 diem

358 4213 416 4289 pro
430 4202 559 4267 defectu
574 4200 812 4289 recognitorum
828 4209 888 4266 ete.

392 4330 552 4386 ¹A.m.at;
568 4330 646 4381 B.m.
660 4330 706 4387 l&
724 4328 752 4379 0.
766 4344 802 4379 m.
816 4330 855 4381 17.
940 4344 998 4380 nou
1020 4330 1043 4381 is
1065 4328 1227 4395 hrohhirhop
1247 4328 1392 4381 olDablin.
1430 4330 1461 4383 Δ,

390 4394 691 4444 ’Thatrahdeaooaof
706 4394 819 4445 stafford
831 4394 888 4443 who
940 4396 970 4457 B,
984 4396 1013 4445 C.

1533 4864 1540 5043 l
