3167 5075
362 397 424 462 486
591 407 912 472 mensunusum.
936 395 1114 472 mulin
1140 393 1235 463 7-8.

359 605 464 650 suum.
510 583 554 649 Et
583 583 716 648 tandem
744 582 930 648 concordati
958 588 1036 647 sunt
1061 581 1121 646 teli
1146 580 1242 646 modo
1269 580 1353 666 quod
1375 580 1448 646 idem

359 685 513 751 Warinus
526 684 669 751 reddidit
684 691 719 749 et
733 683 899 772 quietum¹
914 683 1070 750 elsmsuit
1089 682 1195 750 eidem
1217 684 1354 750 Osberto
1373 683 1448 748 illem

359 788 436 854 dim.
450 789 561 854 hidem
577 796 664 854 terre
682 811 757 854 eum
777 781 859 875 pert.
875 811 933 874 pro
952 789 971 854 l.
988 809 1081 853 meru
1098 810 1179 873 ques
1200 788 1288 855 idem
1311 787 1450 854 Oshertus

359 889 451 954 dedit
472 889 579 954 eidem
597 889 736 967 werino,
751 898 787 954 et
809 888 884 954 inde
905 888 1027 975 profert
1045 897 1168 954 certem
1182 889 1327 955 eiusdem
1342 889 1450 954 warini

360 1015 423 1082 que
442 995 503 1059 hoe
517 993 604 1060 idem
620 1002 769 1071 testatur,
784 1003 820 1058 et
834 993 921 1081 quod
935 993 985 1058 ite
998 991 1042 1058 sit
1057 993 1150 1080 ponit
1169 1015 1204 1059 se
1226 1015 1323 1080 super
1343 996 1450 1060 curium

359 1119 451 1161 susm
466 1096 524 1161 ubi
538 1097 599 1162 hoc
613 1098 738 1162 fautum
754 1096 827 1163 fuit.

426 1200 470 1264 Et
491 1199 644 1265 Wurinus
665 1199 758 1264 uenit
780 1208 816 1264 et
840 1197 988 1264 defendit
1012 1198 1101 1284 quod
1125 1219 1292 1284 nunquam
1313 1221 1371 1284 per
1388 1221 1451 1264 oon-

359 1299 500 1366 oordinm
511 1300 601 1366 illam
616 1300 732 1366 hebuit
743 1301 902 1367 Oshertus
912 1299 1064 1366 seisinam
1075 1301 1173 1378 illum,
1182 1323 1243 1366 nec
1253 1322 1312 1387 per
1321 1300 1450 1366 duellum

359 1403 451 1481 illud
465 1410 500 1468 et
521 1403 582 1468 hoe
601 1404 698 1496 offert
719 1402 893 1469 defendere
915 1403 1001 1468 siout
1023 1401 1116 1468 curie
1137 1411 1199 1469 eto.
1243 1403 1288 1467 Et
1308 1403 1378 1468 ideo
1391 1425 1450 1488 pre

360 1514 492 1593 oeptum
521 1515 571 1572 est
600 1507 784 1572 uiceoomiti
813 1506 901 1593 quod
929 1506 1087 1593 precipiet
1124 1506 1245 1572 milites
1280 1515 1316 1574 et
1351 1507 1452 1572 liberos

361 1618 510 1674 tenentes
538 1609 579 1674 de
608 1610 701 1675 curis
726 1610 872 1676 eiusdem
902 1609 1038 1676 Henrioi
1066 1609 1108 1675 de
1138 1610 1272 1676 hleheie
1303 1610 1385 1697 quod
1416 1611 1451 1674 nd

360 1721 485 1778 certum
499 1713 587 1778 diem
602 1736 699 1800 quem
714 1713 761 1779 eis
776 1723 836 1780 eto
852 1714 922 1779 fieri
936 1713 1058 1779 fuciunt
1072 1713 1240 1779 recordum
1255 1714 1291 1778 in
1306 1715 1391 1780 euris
1401 1737 1453 1778 sue

359 1817 401 1882 de
416 1818 543 1904 loquele
559 1840 622 1904 qne
637 1819 701 1884 fuit
715 1827 775 1885 ete
791 1819 878 1885 inter
891 1827 950 1884 etc.
967 1818 1008 1883 de
1023 1818 1314 1884 consuetudinibus
1328 1827 1383 1884 ete
1397 1841 1452 1904 que

359 1922 447 1987 idem
470 1923 629 1988 Osbertus
649 1922 749 2009 peeiit
770 1945 884 1988 uersus
905 1921 1046 1987 eundem
1067 1921 1239 1986 Wurinum
1259 1921 1301 1987 de
1323 1921 1454 2007 predicte

359 2022 439 2090 dim.
462 2023 540 2089 hide
561 2032 647 2090 terre
668 2047 743 2090 cum
764 2034 845 2112 pert
867 2033 936 2102 ete,
951 2024 1039 2089 unde
1060 2023 1148 2089 idem
1171 2024 1334 2090 Henrious
1354 2045 1454 2090 uersus

360 2149 457 2212 quem
472 2137 532 2193 ete.
547 2126 628 2192 dicit
647 2127 734 2215 quod
753 2137 842 2194 terra
862 2125 919 2192 illa
940 2127 1096 2192 remansit
1117 2125 1224 2192 eidem
1248 2127 1384 2192 Osberto
1403 2148 1454 2212 per

359 2233 559 2297 oonoordiem
570 2232 709 2298 fectum
699 2239 786 2298 mter
800 2253 854 2297 eos
865 2255 923 2318 per
932 2232 1031 2297 finem
1043 2230 1145 2296 duelli
1156 2231 1245 2318 prol.
1258 2253 1372 2296 mamis
1381 2251 1453 2318 quse

360 2335 448 2401 idem
474 2335 632 2401 Osbertus
657 2344 727 2415 etc„
749 2343 784 2401 et
805 2335 892 2401 unde
914 2335 1080 2422 predictus
1102 2334 1258 2400 Wnrinus
1279 2333 1534 2426 dicitquod

361 2449 430 2518 eto,
439 2449 474 2506 et
487 2439 655 2505 reeordum
670 2438 750 2505 illud
765 2440 879 2506 ueniat
894 2441 953 2505 teli
968 2440 1020 2505 die
1036 2449 1095 2505 ete
1106 2462 1222 2527 per
1174 2463 1234 2526 ιιι
1214 2441 1365 2506 milites
1378 2449 1432 2504 etr.
1533 2389 1534 2517 1

429 2542 602 2609 'Henrious
617 2544 658 2609 de
673 2542 905 2610 Bukesworthe
916 2544 1134 2610 summonitus
1146 2544 1262 2609 suited
1273 2544 1455 2631 capiendum

306 2655 323 2684 ¹·
361 2648 549 2736 homagium
570 2644 730 2714 ‚Iohannis
751 2648 782 2713 le
806 2648 913 2714 Gowiz
928 2649 968 2715 de
984 2648 1084 2715 libero
1099 2658 1288 2714 tenemento
1301 2672 1359 2714 sno
1379 2646 1457 2735 quod
1532 2686 1533 2699 ι

361 2750 402 2817 de
424 2775 463 2817 eo
484 2760 577 2818 tenet
599 2750 696 2817 etde
722 2774 761 2817 eo
783 2762 894 2819 tenere
916 2752 1034 2819 elamat
1056 2752 1091 2817 in
1113 2752 1356 2829 Bukesworthe,
1378 2752 1457 2818 unde

361 2856 447 2921 idem
469 2857 635 2923 Johennee
656 2857 738 2923 dicit
759 2857 847 2943 quod
868 2857 1016 2923 Andreas
1036 2866 1130 2943 peter
1146 2879 1226 2923 suus
1241 2856 1323 2923 obiit
1336 2857 1457 2923 eelsitus
1531 2866 1532 2901 l

361 2960 403 3026 de
424 2969 511 3027 terra
529 2961 586 3026 ille
600 2970 635 3027 et
652 2961 722 3048 ipse
741 2962 832 3028 illam
852 2970 944 3028 tenet
963 2963 1003 3028 de
1026 2962 1168 3027 Henrioo
1190 2963 1304 3028 eodem
1324 2972 1360 3028 et
1381 2963 1458 3049 petit

361 3062 448 3151 qnod
462 3064 569 3149 capiat
584 3063 771 3153 homagium
786 3086 881 3129 suum
896 3064 973 3130 inde
987 3072 1047 3130 eto

426 3166 471 3232 Et
493 3167 655 3234 Henrious
677 3169 770 3235 uenit
797 3177 832 3235 et
856 3168 937 3234 dicit
962 3168 1048 3255 quod
1074 3190 1188 3234 reuera
1212 3168 1360 3233 Andreas
1384 3164 1458 3232 obiit
1530 3204 1531 3251 3

360 3270 437 3337 inde
458 3272 589 3337 seisitus
610 3273 717 3337 setin
739 3272 931 3339 infirmitate
952 3296 1011 3338 sue
1032 3272 1119 3339 unde
1142 3272 1225 3338 obiit
1250 3270 1334 3338 dixit
1359 3270 1456 3337 eidem

361 3374 503 3441 Henrioo
517 3375 605 3461 quod
619 3385 765 3462 tempore
779 3398 844 3463 quo
864 3376 928 3441 fuit
947 3398 1084 3463 persone
1105 3374 1327 3442 eoelesisnrm⁸
1349 3374 1457 3441 hebuit
1529 3456 1530 3463 1

360 3480 430 3567 ipse
445 3480 620 3566 quemdum
634 3478 772 3545 amioum
791 3480 833 3546 de
853 3500 919 3568 que
939 3480 1056 3546 hebuit
1077 3480 1260 3566 predictum
1280 3478 1458 3545 Johsnnem
1529 3470 1530 3577 1

361 3594 396 3649 et
423 3593 536 3671 postes
560 3584 657 3649 duxit
681 3605 815 3649 uxorem
841 3594 876 3649 et
901 3584 989 3671 oepit
1014 3606 1048 3649 ee
1071 3584 1112 3649 ud
1134 3584 1253 3650 laicum
1274 3584 1404 3650 feodum
1429 3597 1459 3647 et

361 3686 477 3753 hebuit
492 3688 532 3753 de
548 3710 647 3753 uxore
661 3686 719 3753 illu
732 3711 836 3753 unum
851 3687 954 3753 filium
975 3688 1032 3775 qui
1052 3696 1102 3753 est
1123 3688 1207 3753 infru
1229 3697 1351 3753 etatem
1374 3697 1409 3753 et
1428 3686 1458 3751 in
1528 3728 1529 3741 ι

360 3792 507 3857 custodie
527 3791 602 3856 sue‘
622 3799 697 3879 post
718 3800 856 3857 mortem
879 3791 1024 3857 eiusdem
1046 3789 1175 3857 Andree
1200 3815 1275 3857 cum
1301 3800 1390 3857 tenu
1410 3790 1459 3857 ills

359 3919 417 3982 per
427 3897 451 3983 j.
461 3918 583 3962 annum
595 3906 672 3962 ente
683 3896 837 3961 ultimum
852 3894 1032 3961 aduentum
1044 3894 1292 3961 iustioinriorum
1306 3894 1341 3960 in
1356 3907 1459 3982 partes
1528 3884 1529 3987 1

359 4001 440 4067 illue.
475 4000 581 4066 'lune'
597 4000 690 4066 uenit
704 4000 871 4066 iohannes
885 3998 1050 4086 predictus
1064 4006 1099 4064 et
1114 3998 1193 4063 tulit
1206 3999 1338 4064 assisam
1353 3999 1460 4064 mortis
1527 4008 1528 4015 ³

392 4164 401 4196 ¹
420 4164 470 4214 Sio.
938 4169 962 4210 et
980 4162 1048 4211 dixit
1064 4163 1090 4210 ei
1105 4160 1173 4224 quod
1188 4162 1233 4210 ille
1245 4176 1309 4223 puer
1320 4163 1379 4225 suit
1390 4164 1458 4225 filius

391 4228 403 4259 ²
418 4228 449 4278 A.
460 4242 494 4280 m.
512 4229 534 4277 l.
937 4240 996 4275 runc
1006 4232 1030 4274 et
1041 4232 1123 4275 reem
1136 4226 1203 4275 hem
1214 4228 1253 4275 itu
1264 4228 1329 4289 quod
1339 4226 1409 4277 keren
1420 4228 1458 4275 r'lle

391 4294 403 4327 ⁸
420 4294 463 4343 llio
474 4297 506 4343 Δ.
938 4293 1058 4341 renuntio
1069 4294 1097 4339 in
1108 4292 1223 4340 mundio
1233 4306 1288 4351 rua,
1300 4290 1331 4341 Α.

392 4360 403 4391 ⁴
419 4356 475 4407 The
496 4360 550 4409 text
571 4356 620 4407 hus
639 4372 656 4407 e
675 4356 723 4407 lull
740 4361 800 4419 stop
817 4356 886 4407 here.
969 4355 979 4389 ⁵
996 4356 1110 4419 Henry’e
1119 4356 1178 4421 plen
1188 4355 1333 4407 oontinues.

361 4424 415 4474 The
431 4423 563 4486 following
578 4422 627 4473 hm
646 4424 710 4474 been
727 4422 837 4474 omitted
847 4442 885 4473 :-
