3167 5075
432 408 570 470 unsrun,
591 409 657 458 nn.
682 396 861 470 11111111
885 400 935 460 10.
1178 399 1241 461 585

141 605 179 648 ex
200 581 282 648 dono
307 591 343 648 et
368 582 559 648 uendicione
584 583 723 670 predicti
746 585 770 650 J
770 585 907 651 ohannis
929 608 972 651 cn
997 585 1111 651 eedem
1135 585 1244 651 Aricia

141 695 197 753 etc.

48 797 105 864 754.
201 791 332 856 ¹Petrus
346 791 388 856 de
403 791 491 856 Malo
505 792 593 856 Lacu
609 800 644 857 et
659 793 801 857 Isobelle
814 815 896 857 uxor
910 792 981 856 eius
994 801 1115 879 petunt
1129 815 1243 858 uersus
1359 837 1365 849 ·

139 895 316 972 Robertum
340 895 380 960 de
406 895 552 962 Gerleolo
572 897 753 962 manerium
774 897 816 962 de
836 897 994 961 Houtona
1012 919 1088 962 cum
1108 905 1190 982 pert.
1205 907 1245 963 ut

138 999 186 1063 ius
203 998 306 1085 ipsius
325 999 473 1077 Isobelle,
493 999 580 1064 unde
605 1000 768 1066 Robertus
788 1000 829 1065 de
849 1000 1016 1065 Turnhem
1037 1009 1073 1066 et
1090 1001 1244 1066 Johanna

138 1126 215 1168 uror
237 1105 308 1168 eius
328 1105 462 1169 fuerunt
480 1103 585 1168 seisiti
604 1112 647 1168 ut·
663 1104 703 1169 de
725 1104 818 1169 feodo
838 1113 873 1170 et
892 1104 1075 1170 hereditate
1097 1105 1243 1192 predicte

136 1207 284 1272 Johanne
300 1217 445 1295 tempore
461 1207 594 1273 Ricardi
609 1209 709 1295 Regis
724 1208 880 1294 capiendo
896 1218 967 1288 etc,
983 1218 1018 1274 et
1034 1210 1076 1274 de
1090 1209 1114 1274 J
1115 1210 1244 1274 ohanne

136 1311 300 1377 descendit
320 1313 372 1377 ius
391 1320 477 1377 terre
497 1312 585 1376 illius
604 1312 750 1398 predicte
770 1313 910 1376 Isobelle
929 1321 969 1378 ut
988 1313 1056 1377 filie
1074 1322 1109 1378 et
1131 1313 1243 1378 heredi

135 1437 189 1478 sue
204 1425 275 1494 etc,
291 1424 325 1480 et
340 1415 426 1502 quod
446 1417 495 1480 ito
514 1416 558 1480 sit
579 1416 673 1480 offert
693 1425 763 1492 etc,
778 1424 814 1480 et
831 1415 868 1479 in
888 1438 952 1501 que
971 1415 1058 1480 idem
1079 1416 1243 1481 Robertus

135 1541 196 1582 non
210 1519 313 1584 hebet
327 1519 509 1606 ingressum
525 1520 588 1584 nisi
603 1542 661 1606 per
674 1519 859 1606 predictum
875 1520 1057 1584 Robertum
1077 1519 1118 1584 de
1138 1521 1242 1584 Turn·

135 1621 206 1688 hcm
221 1625 276 1689 cui
291 1625 314 1690 J
315 1625 443 1690 ohanne
456 1648 538 1690 uxor
552 1625 622 1690 eius
637 1647 706 1688 non.
716 1624 827 1710 potuit
842 1624 1060 1690 contradicere
1075 1633 1134 1690 etc

195 1729 240 1793 Et
264 1729 428 1794 Robertus
450 1731 545 1795 uenit
569 1739 604 1796 et
627 1730 774 1795 defendit
798 1731 850 1795 ius
870 1753 981 1794 eorum
1001 1753 1088 1794 nuno
1108 1738 1143 1794 et
1163 1729 1244 1795 elias

134 1839 189 1896 etc.
205 1841 257 1897 eet
273 1832 455 1919 dicitquod
470 1856 536 1898 non
550 1833 649 1898 debet
665 1833 711 1897 eis
733 1833 768 1897 in
788 1833 861 1897 uite
879 1832 982 1919 ipsius
1001 1831 1092 1897 Petri
1111 1853 1243 1917 respon·
1286 1914 1292 1924 .

134 1933 214 2012 dere,
229 1934 311 2020 quie
324 1934 412 2000 idem
428 1937 545 2000 Petrus
559 1957 657 2022 quem
673 1936 744 2000 cito
754 1935 871 2001 hebuit
886 1935 1038 2000 seisinam
1053 1935 1094 1999 de
1108 1935 1243 2000 baronia

133 2035 186 2100 illa
200 2037 291 2123 cepit
306 2037 494 2124 homagium
510 2060 606 2102 suum
622 2038 663 2102 de
678 2037 791 2102 eedem
804 2046 891 2102 terra
901 2037 990 2122 apud
1005 2037 1085 2102 Cori
1096 2045 1241 2122 tempore

132 2161 245 2224 guerre
270 2148 307 2204 et
330 2163 457 2226 semper
480 2149 593 2226 postea
616 2140 680 2204 fuit
703 2138 740 2204 in·
762 2139 882 2204 scisma
904 2139 945 2203 de
967 2139 1105 2204 semicio
1128 2161 1186 2204 suo
1206 2148 1242 2204 et

133 2242 236 2307 adhuc
252 2241 343 2328 capit
358 2243 531 2307 seruicium
546 2265 650 2318 suum,
667 2251 700 2306 et
721 2243 809 2329 quod
827 2243 877 2308 itu
896 2244 940 2308 sit
959 2243 1109 2328 producit
1128 2265 1241 2328 quem·

133 2346 205 2412 dam
220 2348 363 2413 liberum
378 2348 544 2412 hominem
559 2347 671 2412 suum²
685 2356 745 2413 etc.
761 2349 818 2434 qui
833 2349 894 2412 hoc
913 2349 1009 2413 offert
1028 2348 1240 2413 disrecionere

134 2449 216 2514 sicut
230 2451 288 2515 ille
304 2450 361 2537 qui
376 2450 527 2515 interfuit
541 2451 599 2514 ubi
613 2450 701 2514 idem
716 2450 834 2515 Petrus
844 2450 931 2537 cepit
942 2450 1130 2538 homagium
1145 2473 1240 2515 suum

135 2564 202 2631 etc,
214 2564 248 2619 et
265 2554 294 2619 si
308 2555 369 2619 hoc
383 2577 448 2619 non
463 2555 592 2631 sufficit,
607 2556 702 2619 offert
717 2555 811 2621 Dom.
827 2555 927 2641 Regi⁸
941 2564 1002 2621 etc.
1017 2578 1076 2641 pro
1090 2555 1241 2620 habendo

134 2659 346 2746 inquisicione
362 2668 421 2724 etc.

198 2764 242 2827 Et
267 2764 385 2827 Petrus
408 2771 442 2827 et
461 2762 602 2828 Isobella
621 2763 681 2828 hoc
701 2764 825 2850 precise
844 2764 1025 2829 defendunt
1046 2787 1106 2852 per
1128 2786 1243 2850 corpus

134 2867 303 2932 cuiusdam
316 2866 410 2931 liberi
420 2867 561 2931 hominis
572 2867 638 2931 sui‘
652 2876 722 2944 etc,
733 2869 790 2953 qui
802 2868 862 2933 hoc
873 2868 968 2933 offert
976 2868 1148 2933 defendere
1157 2868 1242 2932 sicut

134 2971 221 3035 curia
231 2970 495 3047 considerauerit,
506 2978 541 3035 et
552 2970 665 3035 dicunt
677 2971 763 3056 quod
773 2971 861 3036 idem
872 2973 1035 3037 Robertus
1049 2995 1114 3037 non
1125 2971 1242 3036 hebuit

134 3073 232 3137 olium
249 3074 430 3158 ingressum
442 3096 541 3159 quam
557 3097 614 3161 per
628 3075 810 3161 predictum
823 3075 1004 3140 Robertum
1019 3076 1103 3139 sicut
1117 3074 1243 3161 predic·

134 3186 203 3242 tum
219 3186 280 3257 est,
297 3186 331 3242 et
347 3179 487 3243 offerunt
502 3179 649 3243 1111111111ὅ
663 3202 721 3265 pro
736 3179 887 3243 habenda
899 3177 1111 3264 inquisicione
1126 3186 1187 3243 etc.

197 3283 241 3347 Et
257 3283 337 3369 quia
350 3283 467 3347 Petrus
481 3284 582 3348 nichil
597 3283 697 3347 habet
713 3283 752 3347 de
768 3292 856 3347 terre
869 3282 927 3346 ille
946 3281 1009 3346 nisi
1028 3303 1088 3366 per
1107 3303 1244 3345 uxorem>

134 3407 232 3463 suam,
260 3386 391 3471 etipse
418 3386 564 3451 defendit
590 3387 786 3473 homagium,
813 3385 1051 3450 consideratum
1079 3386 1243 3470 estquod

134 3490 260 3554 nullum
292 3489 336 3554 sit
366 3490 511 3555 duellum
541 3492 629 3555 inter
657 3513 711 3555 eos
740 3490 775 3554 in
810 3490 956 3575 predicto
989 3512 1074 3565 cusu,
1104 3496 1138 3553 et
1167 3489 1245 3553 ideo

134 3592 297 3658 Robertus
311 3594 503 3679 respondeat
519 3603 577 3659 etc

197 3696 241 3761 Et
272 3696 436 3762 Robertus
464 3698 558 3762 uenit
587 3707 622 3763 et
652 3698 800 3763 defendit
825 3698 876 3763 ius
902 3720 1013 3762 eorum
1038 3695 1180 3761 habendi
1204 3695 1241 3760 in

134 3798 295 3864 dominico
315 3810 349 3865 et
369 3800 462 3885 ponit
482 3822 516 3865 se
531 3800 566 3864 in
581 3822 734 3887 magnam
749 3801 881 3866 assisam
898 3810 967 3878 etc,
982 3809 1017 3865 et
1032 3800 1117 3886 petit
1131 3822 1240 3886 recog·

134 3903 293 3968 nicionem
318 3904 388 3968 fieri
411 3914 522 3969 utrum
542 3905 611 3991 ipse
632 3906 737 3970 maius
756 3906 808 3970 ius
828 3907 947 3971 habeat
967 3904 1100 3970 tenendi
1123 3913 1244 3969 terrem·

133 4006 220 4071 illum
245 4007 288 4072 de
308 4007 387 4094 ipsis
406 4008 503 4073 Petro
523 4018 557 4074 et
577 4010 717 4075 Isobelle
736 4033 779 4075 un
798 4010 886 4076 idem
907 4011 1023 4075 Petrus
1043 4017 1078 4074 et
1100 4009 1242 4074 Ieobelle

135 4112 268 4176 tenendi
283 4111 318 4176 in
332 4112 492 4178 dominico
507 4112 579 4180 etn‘

166 4228 175 4259 ¹
190 4230 222 4277 B.
234 4244 272 4277 m.
285 4230 324 4278 15.
744 4232 756 4266 ⁴
774 4234 867 4283 Odooie
881 4232 991 4282 Guruuh’
1002 4234 1032 4285 B.

166 4292 176 4322 ²
192 4296 409 4358 Rogemmfiliom
420 4297 519 4357 Royeti.
532 4298 563 4346 Β.
743 4298 754 4330 ⁵
771 4300 827 4349 One
838 4297 957 4348 hundred
969 4298 1096 4361 chillingc,
1108 4297 1139 4350 Β.

167 4357 177 4389 ³
193 4360 250 4409 One
272 4358 391 4411 hundred
414 4361 542 4423 chilliugn
567 4363 607 4412 r'or
627 4378 660 4412 en
704 4404 705 4408 ,
744 4363 755 4394 ⁶
773 4365 820 4413 See
828 4363 939 4413 another
946 4378 1005 4413 cece
1013 4365 1093 4415 about
1102 4364 1176 4413 Peter
1187 4364 1247 4414 end.

137 4424 239 4485 inqueut
250 4424 281 4473 of
296 4424 458 4476 Doreetrhire
469 4428 583 4490 knights,
597 4429 627 4477 Β.
712 4428 830 4485 Iecbellc,
843 4428 886 4476 Br.
899 4428 917 4479 1,
930 4430 987 4480 319.
