3167 5075
374 370 438 433 350
682 382 834 444 rtururr,
855 382 920 433 an.
945 370 1038 446 1220,
1060 382 1124 432 aa.
1146 372 1175 433 4.

375 556 590 635 Audrintona‚
606 576 680 619 oum
695 553 838 618 intencio
852 552 984 619 Ricardi
999 575 1064 618 non
1078 553 1122 617 sit
1135 553 1177 619 de
1191 553 1260 619 iuno
1279 563 1444 640 patronatus,

374 682 439 724 non
461 659 610 724 obst-ante
633 658 723 745 regia
745 656 974 745 prohibicione,
997 665 1033 723 et
1055 657 1222 743 proferunt
1244 659 1362 725 litteras
1374 660 1445 724 uon

373 762 491 850 Legati
526 763 587 828 hoc
618 762 706 829 idem
736 769 903 828 testantes
947 762 993 827 Et
1020 761 1136 827 dicunt
1164 763 1250 849 quod
1277 764 1389 829 milites
1410 764 1446 828 illi

372 875 450 933 eunt
465 866 743 943 excommunicati,
759 874 795 931 et
808 867 925 931 nolunt
939 866 987 931 eis
1000 868 1191 953 respondere
1204 876 1256 933 set
1269 868 1310 933 ob
1327 889 1447 934 renuen-
1528 891 1529 894 ¹

373 970 456 1035 ciam
471 970 565 1035 Dom.
580 970 681 1056 Regis
695 970 813 1035 uolunt
827 969 934 1035 dicere
948 969 1123 1035 ueritatem
1137 993 1238 1037 suam.

439 1074 484 1137 Et
509 1073 672 1139 Robertua
695 1073 736 1137 de
760 1072 793 1137 la
816 1072 929 1159 Logha
951 1095 1010 1158 pro
1033 1096 1068 1139 se
1092 1082 1127 1139 et
1140 1097 1199 1161 pro
1212 1074 1285 1140 aliis
1298 1075 1371 1141 dicit
1383 1074 1448 1161 quod

373 1179 494 1245 iniuste
519 1178 634 1245 dicunt
659 1177 746 1263 quod
768 1176 832 1263 ipsi
855 1200 920 1242 non
945 1187 1108 1244 uenerunt
1131 1202 1238 1245 coram
1261 1179 1308 1246 eis
1323 1180 1392 1266 qnia
1401 1179 1447 1265 ipsi

374 1284 532 1353 miserunt
545 1282 719 1368 quemdam
734 1290 973 1367 procuratorem
995 1305 1092 1348 suum
1114 1284 1279 1349 Simonem
1301 1286 1340 1349 de
1359 1284 1448 1349 Knrle

374 1396 452 1453 tona
474 1410 549 1452 cum
572 1386 690 1451 litteris
713 1386 754 1451 de
777 1386 963 1472 procmncia
984 1387 1043 1473 qui
1066 1387 1113 1452 eis
1136 1387 1258 1453 detulit
1271 1388 1365 1453 breue
1377 1388 1449 1452 Dona

374 1492 474 1577 Regis
499 1491 540 1555 de
566 1490 784 1575 prohibicione
811 1497 847 1554 et
872 1489 930 1576 qui
954 1490 1002 1555 eis
1027 1490 1222 1556 monstrauit
1251 1491 1382 1577 qualiter
1404 1489 1451 1575 ipsi
1529 1511 1530 1514 ’

374 1600 647 1677 recuperauerunt
672 1591 824 1656 seisinam
850 1590 891 1656 de
917 1592 1160 1678 presentaoione
1184 1616 1246 1659 sota
1269 1616 1374 1659 uersus
1397 1615 1450 1679 pre

375 1694 499 1759 dictum
529 1693 704 1759 Ricardum
734 1692 769 1757 in
799 1692 891 1759 curia
925 1694 1019 1761 Dona
1049 1695 1150 1782 Regis
1186 1704 1221 1760 et
1257 1718 1331 1761 eum
1364 1694 1451 1760 andire

375 1798 556 1865 noluerunt.
601 1799 646 1863 Et
660 1806 773 1884 postea
786 1798 880 1864 uenit
894 1820 1000 1864 ooram
1017 1800 1139 1865 eisdem
1158 1801 1323 1886 predictus
1339 1800 1452 1865 Thomu

375 1903 406 1969 le
427 1903 555 1990 Sauage
576 1910 610 1967 et
630 1902 717 1967 idern
738 1902 895 1989 allegeuit
914 1926 1021 1969 coram
1036 1904 1084 1969 eis
1098 1912 1133 1969 et
1146 1904 1246 1991 peciit
1260 1928 1319 1992 pro
1331 1904 1453 1971 omnibus
1530 1927 1531 1932 ¹

375 2008 620 2085 absolucionem,
632 2014 665 2073 et
680 2007 744 2093 ipsi
758 2007 986 2073 nichilominus
1000 2017 1223 2095 processerunt
1233 2008 1270 2074 in
1280 2006 1454 2096 loquelailla
1530 2003 1532 2009 ⁸

376 2121 410 2179 et
425 2114 501 2179 inde
515 2112 698 2199 producunt
712 2120 844 2189 sectam,
859 2120 919 2177 eto

442 2216 486 2281 Et
505 2216 569 2302 ipsi
589 2214 712 2281 iudices
731 2214 847 2280 dicunt
867 2215 953 2301 qnod
972 2214 1106 2301 quidam
1126 2215 1234 2302 garcio
1256 2216 1334 2281 tulit
1353 2215 1456 2279 litteras

376 2321 469 2386 Dom.
494 2320 594 2408 Regis
617 2320 658 2385 de
681 2319 910 2407 prohibicione,
934 2328 970 2385 et
992 2321 1108 2386 nolunt
1132 2321 1179 2386 eis
1202 2322 1279 2407 plus
1291 2318 1455 2407 respondere

376 2424 439 2490 nisi
453 2424 543 2490 curia
556 2422 826 2489 considerauerit.¹
871 2424 914 2488 Et
929 2424 1007 2510 quia
1019 2423 1089 2510 ipse
1105 2424 1269 2489 Robertue
1283 2447 1346 2490 non
1357 2422 1456 2489 dedicit
1520 2511 1525 2524 Ι

376 2528 456 2617 quin
484 2528 528 2594 sit
554 2528 861 2608 excommunicatus,
885 2538 921 2595 et
946 2528 1144 2596 consuetudo
1169 2539 1219 2595 est
1244 2530 1331 2618 quod
1354 2548 1457 2594 excon-

377 2631 534 2698 municati
552 2645 622 2698 non
645 2633 821 2699 audiantur
843 2633 879 2698 in
900 2633 1012 2719 aliqua
1033 2633 1180 2720 loquela,¹
1204 2642 1239 2699 et
1258 2644 1399 2720 preterea
1410 2629 1457 2716 ipsi

376 2735 498 2802 iudices
506 2737 620 2803 dicunt
632 2737 717 2823 quod
726 2759 895 2824 nunquam
905 2738 1038 2802 fuerunt
1048 2759 1155 2802 coram
1166 2737 1214 2802 eis
1223 2737 1267 2803 ad
1276 2735 1457 2824 allegandum

377 2841 437 2906 hoc
451 2842 537 2930 quod
552 2843 674 2907 factum
688 2841 753 2906 luit
767 2841 803 2906 in
817 2841 908 2906 curia
920 2842 1014 2907 Dom.
1030 2841 1139 2929 Regis,
1154 2841 1281 2907 dictum
1301 2852 1350 2908 est
1368 2838 1459 2906 militi·

377 2947 439 3012 bus
458 2947 543 3034 quod
564 2954 700 3033 querant
720 2946 959 3012 absolucionem
978 2968 1071 3011 suam
1091 2954 1126 3011 et
1145 2955 1260 3032 postea
1273 2946 1416 3012 accedant
1427 2941 1459 3006 ad

377 3049 499 3116 iudices
514 3059 548 3116 et
562 3051 609 3116 eis
624 3051 709 3136 quod
725 3051 848 3114 factum
863 3057 913 3114 est
927 3049 963 3113 in
977 3049 1067 3113 curia
1078 3049 1170 3115 Dona
1183 3051 1285 3137 Regis
1295 3053 1459 3117 monstrent

378 3162 413 3219 et
427 3154 456 3218 si
469 3163 548 3219 tunc
562 3153 725 3219 noluerint
740 3152 904 3230 desistere,
920 3152 1055 3218 ueniant
1069 3153 1112 3218 ad
1126 3153 1250 3219 curiam
1271 3155 1362 3219 Dom
1379 3148 1461 3234 Regis

378 3264 412 3322 et
433 3256 600 3321 habebunt
619 3255 778 3321 auxilium
798 3255 828 3320 si
846 3277 929 3342 opus
948 3254 1068 3321 firerit’
1110 3256 1155 3321 Et
1174 3257 1249 3322 ideo
1268 3257 1387 3322 iudices
1400 3251 1461 3318 inde

378 3359 447 3424 eine
462 3360 515 3426 die
530 3369 589 3426 etc
609 3357 614 3447 Ι

443 3462 570 3530 ‘Assisa
591 3463 684 3530 uenit
707 3463 913 3550 recognitum
935 3463 1009 3550 quis
1031 3463 1208 3530 aduocatos
1230 3473 1375 3552 tempore
1391 3461 1463 3551 pods

379 3565 580 3652 presentauit
598 3566 750 3631 ultimam
770 3586 939 3652 personam
960 3589 1024 3653 que
1044 3576 1174 3633 mortua
1192 3577 1243 3634 est
1260 3569 1304 3634 ad
1316 3567 1463 3635 ecclesian

279 3643 305 3672 Μ
380 3671 411 3736 S.
428 3669 531 3736 Mario
545 3671 586 3736 de
607 3670 817 3747 Santerdona,
836 3693 901 3756 que
920 3679 1016 3736 uacat
1036 3679 1105 3748 etc,
1125 3671 1218 3737 cuius
1236 3673 1463 3739 aduocaoionem

380 3774 538 3840 Osbertua
561 3774 602 3838 de
626 3773 830 3840 Santerdona
848 3775 968 3840 clamat
987 3797 1100 3841 uersus
1115 3777 1295 3843 Henricum
1308 3779 1351 3844 de
1364 3774 1465 3842 Bonch-

378 3877 530 3944 amstede
577 3877 642 3958 Qui
656 3878 748 3943 uenit
764 3887 800 3944 et
813 3878 895 3944 dicit
908 3880 994 3966 quod
1008 3880 1110 3946 assisa
1122 3905 1188 3947 non
1201 3881 1301 3948 debet
1313 3883 1388 3948 inde
1400 3877 1465 3953 fiffl',
1531 3888 1532 3891 ’

379 3981 457 4068 quia
469 3981 552 4046 bene
562 3981 709 4047 concedit
720 3981 808 4068 quod
818 3992 999 4049 antecessor
1008 3985 1111 4071 ipsius
1120 3987 1322 4072 presentanit
1332 3985 1465 4051 altinum

379 4109 547 4173 personam
571 4095 641 4164 etc,
664 4096 699 4153 ot
724 4087 794 4174 ipse
820 4087 896 4155 inde
921 4097 972 4155 est
996 4113 1134 4177 persona
1157 4114 1198 4157 ex
1223 4091 1307 4157 dono
1332 4083 1466 4178 Episcopi
1531 4096 1532 4099 ’

381 4189 612 4254 Lincotniensis
625 4213 683 4276 per
697 4191 869 4257 concilium
885 4193 1103 4260 [lateranense
1118 4195 1236 4282 etipse
1250 4195 1349 4260 nichil
1363 4195 1464 4260 clamat

511 4343 729 4410 ¹HereBrtops.
1053 4349 1279 4404 ’Soeucttoa

510 4408 768 4463 Quaestori.
1054 4414 1389 4477 ‘emanante
