3167 5075
548 416 612 467 sn.
638 403 731 480 1227,
753 421 817 470 aa
842 409 891 471 12.
1183 416 1244 479 681

140 583 379 650 oonsideratum
405 595 456 652 est
484 589 571 674 quod
599 590 724 656 nullam
748 591 826 658 ἰηάθ
855 594 1007 662 saisinam
1033 598 1158 665 habuit.
1202 601 1247 666 Et

139 687 211 753 ideo
234 689 382 777 Rogatus
403 699 438 756 et
460 692 516 758 alii
538 693 615 760 inde
636 694 706 760 sine
727 696 781 761 die
804 708 839 765 et
861 699 1045 767 Willelmns
1063 703 1100 768 in
1121 703 1246 769 miseri·

139 793 251 859 cordia

43 903 102 966 912.
202 897 330 965 ¹Assisa
354 900 448 966 uenit
476 903 680 989 recognitura
708 905 737 969 si
767 905 926 972 Ernaldus
954 909 1122 998 Bsdhegh'
1151 921 1246 998 pater

138 1000 290 1089 Hugorris
304 1003 368 1068 fuit
383 1005 512 1071 saisitus
526 1005 561 1070 in
576 1006 736 1072 dominico
751 1030 810 1074 suo
824 1019 863 1075 ut
874 1011 915 1076 άθ
930 1013 1023 1077 feodo
1033 1013 1075 1079 de
1089 1013 1165 1081 dim.
1180 1039 1242 1082 acr.

137 1111 221 1170 terre
236 1129 311 1172 cum
326 1116 409 1193 pert.
424 1109 459 1173 in
478 1109 643 1175 Rindham
666 1111 718 1178 die
741 1121 811 1190 eta,
825 1137 925 1200 quam
946 1124 1066 1182 terram
1089 1118 1243 1186 Matheus

136 1209 221 1274 filius
236 1210 360 1276 Thome
376 1221 474 1278 tenet.
520 1213 587 1293 Qui
602 1215 694 1280 uenit
709 1225 744 1282 et
757 1216 839 1283 dicit
853 1219 940 1305 quod
950 1221 1050 1287 assisa
1063 1245 1129 1287 non
1143 1225 1242 1290 debet

134 1313 208 1380 ἰηάθ
224 1315 304 1394 fieri,
313 1317 391 1403 quia
401 1326 489 1382 terra
502 1318 560 1383 illa
570 1319 648 1384 data
658 1319 737 1385 fuit²
747 1321 783 1385 in
795 1322 1002 1409 maritagium
1013 1347 1088 1390 cum
1100 1327 1241 1411 quadam

135 1420 301 1486 Gunnilda
322 1421 362 1487 de
385 1445 450 1509 qua
471 1423 598 1488 nullum
620 1424 772 1490 heredem
795 1425 921 1506 habuit,
938 1436 989 1493 set
1010 1437 1124 1515 postea
1144 1431 1241 1496 duxit

133 1524 307 1608 quamdam
322 1525 420 1590 aliam
435 1549 569 1592 uxorem
583 1527 624 1592 de
640 1551 705 1614 qua
720 1528 837 1594 habuit
851 1531 1028 1618 Hngonem
1047 1534 1239 1619 pradictum,

132 1629 217 1694 unde
254 1629 338 1694 bene
374 1629 455 1696 dicit
492 1633 578 1718 quod
607 1655 672 1697 non
702 1633 820 1699 habuit
849 1635 980 1721 aliquod
1009 1637 1061 1702 ius
1089 1637 1153 1704 nisi
1181 1662 1241 1726 per

132 1733 339 1800 Gunnildam.
384 1735 430 1799 Et
451 1735 529 1821 quia
549 1735 656 1800 infans
677 1744 728 1801 est
749 1736 835 1802 infra
856 1746 980 1803 etatem
1000 1747 1035 1804 et
1050 1763 1115 1806 non
1129 1751 1239 1828 potest

130 1837 293 1923 placitare,
308 1837 493 1925 inquiratur
505 1861 564 1924 per
578 1840 734 1905 iuratores
749 1848 784 1905 et
799 1842 951 1927 procedat
965 1852 1027 1910 etc.

191 1941 364 2009 donatores
386 1943 500 2008 dicunt
521 1943 607 2029 quod
629 1943 776 2029 predicta
797 1952 884 2011 terra
905 1946 984 2012 data
1005 1947 1069 2014 fuir
1090 1950 1236 2035 predicto

130 2048 271 2113 Emaldo
299 2049 335 2113 in
363 2048 573 2135 maritagium
602 2071 677 2112 curn
706 2048 855 2134 predicta
884 2050 1058 2130 Gunnilda,
1082 2062 1133 2118 set
1161 2066 1236 2141 post

129 2159 266 2216 mortem
290 2150 455 2217 Gunnilde
477 2159 512 2214 et
532 2172 707 2236 puerorum
729 2151 831 2236 ipsius
855 2152 1019 2220 Gunnilde
1045 2157 1122 2221 fecit
1147 2157 1234 2223 idern
1280 2223 1284 2230 ,

129 2255 290 2320 Ernaldus
315 2262 446 2318 tantum
472 2276 584 2319 uersus
610 2255 781 2319 Matheum
808 2255 848 2320 άθ
874 2255 1036 2343 Valeynes
1061 2260 1234 2346 capitalem

128 2359 297 2424 dominum
326 2359 412 2424 feodi
441 2359 498 2444 qui
528 2367 647 2424 terram
676 2359 766 2424 illam
796 2359 931 2425 dederat
955 2361 991 2426 in
1016 2363 1233 2450 maritagium,

129 2463 211 2551 quod
226 2463 321 2529 dedit
335 2463 366 2528 ei
381 2471 500 2528 terram
515 2463 606 2528 illam
621 2464 656 2528 in
677 2464 769 2529 feodo
789 2473 824 2529 et
843 2464 926 2529 obiit
948 2465 1024 2532 inde
1045 2467 1183 2544 saisitus,
1199 2478 1233 2535 et

128 2570 211 2655 quod
248 2568 313 2633 iste
350 2567 427 2633 θηθ.8
485 2568 529 2632 Et
558 2568 632 2633 ideo
662 2569 901 2633 consideratum
931 2578 981 2635 est
1010 2570 1098 2657 qnod
1133 2572 1232 2660 Hugo

126 2674 332 2761 recuperauit
346 2674 496 2739 saisinam
512 2696 604 2739 suam
619 2686 653 2738 et
668 2674 822 2739 Matheus
835 2674 870 2739 in
885 2674 1102 2740 misericordia
1116 2684 1175 2742 etc.

39 2780 93 2844 1111.
188 2780 318 2845 ⁴Assisa
341 2779 434 2843 uenit
459 2779 664 2866 recognitura
689 2778 717 2843 si
742 2778 850 2843 Adam
879 2779 920 2844 de
950 2780 1167 2866 Bedingfeuld
1197 2790 1232 2846 et

126 2882 320 2949 Constancia
347 2904 429 2947 uxor
457 2882 527 2946 eius
555 2881 677 2947 iniuste
703 2889 763 2947 etc.
790 2882 1038 2949 disseisiuerunt
1064 2883 1231 2949 Simonem

125 2986 374 3073 Carpentarium
388 2985 429 3050 de
444 2984 544 3050 libero
560 2993 747 3050 tenemento
762 3008 821 3050 eno
835 2986 870 3049 in
886 2986 1061 3052 Kanetona
1074 2994 1148 3072 post
1162 2996 1222 3052 etc.

185 3090 295 3155 Adam
311 3088 404 3153 uenit
419 3096 453 3153 ct
468 3088 548 3153 dicit
563 3088 649 3174 quod
664 3089 763 3153 assisa
777 3112 842 3153 non
857 3089 956 3155 debet
975 3088 1052 3156 inde
1066 3089 1138 3155 fieri
1153 3090 1232 3176 quia

125 3194 307 3259 Willelmus
321 3193 408 3258 filius
422 3194 524 3279 ipsius
540 3192 681 3258 Simonis
701 3192 910 3279 desponsauit
930 3194 1105 3280 quamdam
1128 3194 1229 3259 filiam

123 3318 212 3362 suam
234 3305 313 3362 ante
336 3304 466 3381 tempus
487 3318 611 3381 guerra,
628 3304 662 3360 et
684 3318 755 3360 eam
778 3295 907 3360 dotauit
929 3318 988 3381 per
1009 3319 1176 3362 assensum
1194 3306 1229 3363 et

123 3401 326 3466 uoluntatem
351 3399 454 3486 ipsius
480 3399 629 3474 Simonis,
654 3407 689 3463 et
715 3398 802 3484 quod
824 3398 1009 3463 Willelmus
1034 3399 1116 3465 obiit
1144 3399 1229 3466 infra

122 3526 278 3589 guerram,
294 3511 416 3589 etpost
434 3511 571 3566 mortem
589 3524 682 3566 suam
703 3502 795 3566 uenit
814 3499 901 3565 idem
922 3501 1031 3566 Adam
1051 3511 1086 3567 et
1105 3503 1229 3589 recepit

122 3608 228 3674 dotem
244 3608 310 3673 filie
325 3630 383 3673 sue
398 3607 576 3673 secundum
591 3606 676 3692 quod
691 3605 777 3671 idem
795 3605 908 3670 Simon
923 3605 954 3670 ei
969 3615 1177 3686 concesserat,
1192 3615 1227 3672 et

122 3712 168 3778 ita
181 3722 230 3779 eet
245 3714 314 3778 filia
328 3735 387 3777 sna
401 3711 436 3775 in
451 3711 570 3775 saisina
584 3720 622 3774 ut
636 3709 677 3774 de
692 3710 768 3773 dote
783 3731 849 3774 sua

185 3818 227 3883 Et
241 3818 354 3883 Simon
365 3816 458 3881 uenit
470 3824 504 3880 ct
515 3814 598 3879 bene
610 3813 758 3879 concedit
769 3812 856 3899 quod
867 3813 1032 3898 predictus
1041 3812 1227 3879 Willelmus

122 3918 204 3985 filius
218 3942 296 4013 suus
310 3918 520 4005 desponsauit
535 3917 636 3981 filiam
651 3938 744 3980 suam
763 3937 824 4000 per
837 3915 1042 3980 uoluntatem
1058 3937 1160 3991 suam,
1174 3925 1226 3980 set

122 4046 284 4111 nunquam
299 4024 363 4089 fuit
378 4024 492 4105 dotata
507 4024 511 4101 Ι
528 4022 567 4086 de
580 4030 667 4086 terra
676 4042 736 4084 sua
746 4042 805 4106 per
819 4019 1025 4084 uoluntatem
1039 4040 1133 4084 suam
1148 4018 1225 4105 quia
1283 4049 1341 4101 [m]

121 4149 231 4195 reuera
252 4136 326 4215 post
347 4136 486 4194 mortem
504 4126 662 4191 Willelmi
681 4126 775 4191 uenit
795 4124 883 4189 idem
903 4124 1011 4190 Adam
1032 4132 1067 4192 et
1081 4147 1140 4213 per
1154 4125 1222 4191 uim

152 4292 161 4326 ¹
177 4293 208 4343 Δ.
221 4308 257 4344 m.
270 4295 311 4347 17.
696 4290 820 4341 Ernald’s
831 4294 894 4341 next
905 4290 970 4345 heir.

151 4358 264 4409 ’Giren
276 4358 426 4410 toErnald.
728 4358 787 4407 ⁴A.
800 4372 836 4408 m.
849 4359 889 4409 19.

151 4423 162 4456 ⁸
178 4424 228 4483 Sic,
241 4426 272 4476 Δ.
306 4424 366 4477 Δηά
383 4424 443 4477 that
459 4423 513 4475 thir
527 4421 607 4487 Hugh
623 4420 647 4473 is
