3167 5075
293 392 427 441 unsar
449 392 522 441 ann
544 392 683 456 isarna
703 393 771 443 nn.
796 380 889 456 1221,
911 394 974 443 sn.
999 381 1026 443 5.
1147 374 1211 445 407

122 565 254 631 ducllum
281 588 469 652 percussum
497 564 570 644 fuit,
600 574 634 631 et
662 564 821 630 Ricardus
849 564 958 629 uictus
987 570 1046 641 est,
1075 572 1109 629 et
1137 562 1210 629 ideo

122 690 282 755 supensus
295 677 356 736 etc

62 778 92 842 u.
178 771 364 837 ¹Gaufridus
377 770 419 836 de
438 771 622 837 Wodetona
640 780 755 857 captus
775 794 833 857 pro
852 778 955 836 morte
978 769 1129 835 Nicholai
1150 769 1211 835 filii
1253 783 1342 825 amna

121 874 251 939 Eudonis
264 875 367 953 uenit,
382 882 416 940 et
430 875 587 961 prepositi
601 882 636 940 et
650 883 852 939 coronatores
866 874 944 939 uille
958 872 999 938 de
1020 872 1211 937 Herefordia

120 974 313 1043 recordantur
334 978 420 1065 quod
441 978 529 1043 idem
552 977 727 1043 Gaufridus
749 985 864 1063 captus
885 976 948 1042 fuit
970 998 1067 1063 super
1087 976 1210 1041 factum

119 1104 184 1145 cum
198 1082 326 1168 cnipulo
341 1082 429 1147 unde
443 1104 519 1147 enm
534 1080 660 1158 occidit,
670 1089 705 1146 et
716 1080 830 1145 dicunt
840 1080 926 1167 quod
936 1079 1024 1145 idem
1036 1077 1211 1143 Gaufridus

119 1186 219 1250 statim
242 1186 396 1273 cognonit
421 1194 559 1250 mortem
584 1208 691 1250 coram
716 1184 763 1249 eis
784 1193 820 1249 et
841 1206 947 1249 coram
969 1183 1082 1248 multis
1102 1183 1211 1269 probis

118 1289 291 1355 hominibus
305 1290 362 1376 qui
376 1298 541 1376 presentes
555 1290 688 1355 fuerunt
709 1298 743 1355 et
763 1289 824 1354 hoc
843 1288 930 1354 idem
951 1295 1122 1354 testantur.
1164 1287 1210 1352 Et

117 1392 180 1458 ideo
199 1394 436 1460 consideratum
457 1403 508 1460 est
529 1394 616 1481 quod
635 1417 700 1459 non
719 1401 827 1480 potest
848 1393 994 1459 dedicere
1013 1399 1161 1471 mortem,
1175 1399 1210 1458 et

117 1496 180 1563 idco
192 1498 416 1585 suspendatur.

61 1610 112 1684 't‘
171 1601 353 1668 'Iohannes
376 1603 516 1669 Sanctus
541 1610 656 1688 captus
681 1624 739 1688 pro
764 1609 868 1667 morte
894 1601 967 1667 Ade
990 1599 1131 1666 Bustard
1153 1600 1210 1686 qui

116 1706 170 1771 fuit
182 1708 304 1772 occisus
317 1706 353 1771 in
372 1706 495 1792 campis
514 1705 555 1771 de
577 1706 712 1770 Treisac’
733 1705 827 1771 uenit
849 1713 883 1770 et
905 1704 1051 1769 defendit
1073 1711 1210 1769 mortem

116 1820 145 1873 et
157 1819 258 1875 totum
274 1819 336 1875 etc
379 1810 424 1875 Et
438 1809 580 1875 ballinns
590 1810 685 1874 Dom.
694 1810 795 1895 Regis
807 1818 842 1875 et
852 1809 910 1895 iiij.
921 1808 1035 1874 uillate
1048 1816 1211 1874 testantur

116 1916 191 1999 quod
203 1924 320 2002 captus
333 1914 398 1979 fnit
411 1914 446 1978 in
461 1913 614 2000 fugiendo
633 1913 675 1978 de
695 1920 799 1978 morte
819 1913 877 1978 illa
897 1921 931 1979 et
953 1936 1027 1977 cum
1049 1912 1154 1977 utesio
1176 1920 1212 1977 et

116 2019 250 2097 clamore,
280 2027 316 2085 ct
344 2018 431 2106 quod
459 2019 616 2084 inuentus
644 2018 710 2083 fuit
737 2018 868 2083 saisitus
902 2018 943 2083 de
979 2040 1045 2083 uno
1081 2016 1211 2103 cnipulo

116 2124 353 2208 sanguinolento
374 2122 410 2187 in
431 2145 531 2188 manu
552 2145 612 2187 sna
633 2122 720 2187 unde
746 2145 823 2187 eum
845 2121 970 2188 occidit.
1015 2120 1074 2187 Set
1097 2120 1211 2187 dicunt

114 2228 190 2311 quod
204 2228 282 2293 talis
297 2236 347 2292 est
361 2226 560 2292 consuetudo
574 2226 610 2290 in
620 2224 866 2291 Urchinefeldia
876 2224 962 2311 quod
976 2225 1017 2290 de
1033 2224 1091 2289 tali
1107 2232 1210 2290 morte

114 2329 181 2395 lieet
194 2329 315 2417 aliquis
328 2330 497 2395 conuictus
511 2329 564 2408 sit,
579 2329 663 2394 benc
677 2335 786 2414 potest
802 2328 1002 2393 concordiam
1017 2328 1120 2392 facere
1135 2348 1211 2392 cum

113 2432 301 2514 parentibus,
315 2439 350 2496 et
364 2439 484 2517 petunt
498 2430 666 2496 licenciam
681 2428 902 2495 concordandi.
939 2430 984 2493 Et
995 2429 1067 2494 ideo
1079 2429 1212 2515 ponitur

111 2535 259 2602 indicium
282 2537 318 2601 in
340 2546 523 2624 respectum
549 2559 653 2622 usquc
676 2537 719 2602 ad
742 2535 925 2622 proximum
949 2534 1150 2614 comitatum,
1171 2543 1212 2602 ut

111 2661 161 2725 per
173 2643 367 2708 comitatum
381 2643 504 2708 sciatur
517 2641 558 2707 de
573 2641 806 2706 consuetudins
821 2640 879 2705 illa
893 2638 965 2707 cto.⁸
983 2639 989 2726 Ι

110 2937 297 3006 PLACITA
324 2939 388 3004 DE
413 2939 622 3006 'IERMINO
648 2939 679 3005 S.
706 2938 918 3004 HILLARII
942 2939 998 3004 ET
1020 2938 1083 3004 DE
1108 2938 1209 3005 TER·
1268 2954 1325 3006 [ns]

185 3042 309 3108 MINO
353 3043 532 3110 PASOHE
575 3042 702 3108 APUD
745 3041 1210 3108 WESTMONASTERIUM

184 3147 321 3212 ANNO
350 3147 497 3214 REGNI
525 3147 661 3215 REGIS
690 3146 888 3214 HENRIOI
925 3145 1037 3212 FILII
1073 3143 1210 3210 REGIS

184 3251 427 3318 IOHANNIS
455 3251 660 3332 QUINTO⁴.

60 3480 78 3540 '.
163 3475 294 3543 'Assisa
322 3478 416 3544 uenit
445 3479 651 3566 recognitura
679 3480 707 3546 si
735 3481 848 3567 Agnes
875 3479 944 3544 filia
971 3476 1087 3542 Anicie
1123 3496 1210 3540 soror
1241 3503 1348 3544 nestora

107 3577 236 3646 Walteri
252 3583 295 3647 de
311 3581 433 3648 Wellss
447 3582 511 3647 fuit
525 3583 637 3648 scisita
649 3583 685 3648 in
699 3583 861 3649 dominico
875 3605 933 3648 suo
948 3590 987 3646 ut
1000 3581 1041 3646 de
1062 3577 1154 3644 feodo
1168 3578 1210 3644 de

106 3702 166 3746 una
185 3684 269 3771 uirg
293 3692 378 3750 terre
400 3708 475 3750 cum
497 3694 578 3771 pert.
600 3687 636 3752 in
658 3689 763 3754 Offele
784 3688 838 3753 die
858 3708 922 3774 quo
944 3693 1013 3763 eta,
1033 3691 1068 3749 et
1090 3683 1118 3748 si
1141 3690 1210 3761 etc,

105 3806 196 3869 quarn
210 3795 335 3852 terram
349 3786 457 3852 Adam
479 3788 567 3854 filius
586 3789 708 3855 Thome
728 3797 829 3856 tenet.
873 3787 939 3869 Qui
960 3786 1053 3852 uenit
1074 3794 1109 3851 ct
1130 3784 1211 3850 dicit

104 3890 184 3972 quod
197 3890 301 3956 assisa
313 3913 379 3955 non
393 3891 492 3958 debet
506 3891 582 3956 inde
597 3892 676 3972 fieri,
691 3893 770 3980 quia
787 3913 902 3958 reuera
918 3891 989 3977 ipsa
1002 3889 1114 3977 Agnes
1128 3887 1210 3953 obiit

133 4074 320 4129 Quam.
709 4079 916 4130 ‘A.isaroll
938 4076 1208 4129 ticketsdascorsm

133 4137 237 4191 ’λιιι
249 4142 319 4193 Μ.
677 4141 1207 4209 Rogsaou‚uo.14‚butcataloguodcs

131 4203 490 4260 'mundonis-district
504 4209 534 4260 oi
547 4209 628 4261 Hara-
677 4211 727 4262 No.
752 4212 799 4270 1ος
826 4211 857 4272 Β,
884 4209 969 4259 which
996 4209 1046 4259 has
1074 4207 1136 4271 only
1163 4207 1208 4257 the

105 4267 228 4320 tordshira
238 4286 275 4321 on
285 4272 332 4323 the
340 4273 431 4323 Welsh
441 4274 544 4325 bordes.
572 4275 629 4326 The
678 4277 772 4327 Easter
783 4279 858 4334 torm,
869 4274 893 4325 is
904 4275 953 4326 No.
966 4276 1006 4324 11.

104 4335 629 4408 customharasilsgadiaaninterasthg
710 4340 853 4390 *snas

104 4398 382 4454 relrootmaicntlav.
