3167 5075
338 412 457 463 comm
478 414 578 475 neon
599 414 664 463 sn.
690 399 849 475 1235-6,
871 414 934 464 sn
958 401 1008 465 20.
1162 400 1226 465 159

193 583 278 649 Dicit
291 584 394 650 eciem
409 584 495 671 quod
510 584 609 649 assisa
623 606 687 649 non
702 584 802 651 debet
815 583 891 650 inde
907 584 977 650 lieri
991 585 1069 671 quia
1082 586 1151 673 ipse
1163 609 1228 651 non

135 686 297 754 dimeisiuit
312 710 384 755 eam
400 688 477 775 quis
491 712 605 755 reuera
618 690 783 777 predictus
798 690 993 755 Vincenoius
1007 690 1072 755 fuit
1086 691 1228 757 uillonus

135 792 260 857 Abbatis
275 792 316 858 de
331 792 555 871 Abbendonia,
570 802 603 859 et
618 794 705 859 idem
721 794 834 860 Abbas
853 794 1082 860 disreoionauit
1102 818 1178 861 eum
1193 796 1228 861 in

133 895 280 961 comitatu
295 895 381 961 siout
395 896 555 961 uillunum
571 920 666 963 suum
682 921 756 963 cum
771 898 904 985 sequela
917 906 953 963 et
966 899 1093 964 catellis
1107 899 1183 976 suis,
1194 907 1229 965 et

133 1006 294 1085 postquam
308 999 417 1087 ipsum
432 1001 481 1065 its
495 1002 701 1087 recuperauit
716 1024 773 1088 per
787 1001 945 1067 iudicium
964 1002 1053 1068 curie
1068 1025 1126 1067 sue
1141 1004 1229 1089 cepit

132 1100 211 1166 idem
237 1102 415 1168 Walterus¹
443 1111 563 1169 terram
589 1104 624 1169 in
650 1126 784 1169 menum
810 1127 903 1170 suam
927 1104 1013 1170 sicut
1035 1107 1229 1173 senescallus

132 1206 268 1272 Abbetis

188 1312 231 1378 Et
251 1313 360 1379 Alicio
381 1313 462 1379 dicit
482 1312 569 1402 quod
591 1322 678 1380 terre
700 1314 757 1379 ille
776 1324 827 1380 est
841 1313 1005 1381 hereditas
1019 1324 1128 1381 suaet
1142 1315 1229 1403 quod

130 1416 194 1503 ipse
207 1416 309 1483 libers
328 1426 378 1483 est
399 1427 434 1484 et
453 1418 592 1483 credidit
613 1418 721 1504 ipsum
744 1440 813 1484 esse
835 1418 974 1484 liberum
996 1420 1074 1507 quic
1096 1419 1229 1507 quidam

130 1522 204 1587 liber
226 1523 323 1588 homo
349 1524 431 1589 emit
454 1546 530 1589 eum
556 1532 733 1610 antequem
755 1524 865 1612 ipsum
891 1533 1021 1612 caperet
1046 1526 1081 1590 in
1110 1526 1228 1592 uirum.

130 1627 169 1693 Et
186 1630 349 1717 cognoscit
369 1628 456 1715 quod
475 1628 563 1695 idem
585 1630 697 1696 Abbas
719 1629 886 1695 distrinxit
908 1653 984 1696 eum
1007 1638 1047 1695 nt
1070 1630 1230 1696 uillenum

129 1754 217 1797 suum
232 1741 266 1798 et
283 1733 332 1798 its
349 1733 436 1819 quod
456 1734 534 1798 fecit
556 1757 631 1799 eum
653 1734 767 1800 uenire
789 1733 831 1798 ad
853 1733 1044 1800 comitatum
1067 1742 1102 1799 et
1123 1735 1231 1822 coegit

127 1860 196 1902 eum
214 1838 256 1903 od
276 1837 534 1925 cognoscendum
556 1860 589 1903 se
612 1861 680 1903 esse
703 1838 871 1905 uillanum.
915 1840 960 1904 Et
982 1838 1062 1905 dicit
1083 1848 1231 1927 preterea

128 1942 207 2027 quod
231 1943 334 2009 nichil
360 1951 453 2009 tenet
482 1944 522 2009 de
552 1944 683 2009 Abbete
714 1944 754 2009 de
785 1944 1001 2011 Abbendonia
1029 1969 1090 2011 nec
1119 1954 1229 2010 tenere

126 2045 239 2111 clamat
260 2048 363 2111 immo
385 2046 466 2112 dicit
488 2046 575 2133 quod
597 2055 689 2113 tenet
704 2048 744 2112 de
763 2048 925 2114 Willelmo
938 2048 980 2114 de
996 2049 1230 2115 Sewelrwrthe'

126 2158 180 2216 etc.
217 2152 261 2217 Et
277 2152 406 2239 quesite
421 2152 550 2240 quando
565 2162 649 2217 esset
664 2152 827 2219 disseisite
841 2154 921 2219 dicit
936 2154 1023 2240 quod
1037 2154 1103 2218 iem
1114 2153 1230 2219 duobis

125 2254 212 2319 annis
234 2255 362 2342 elapsis
406 2256 450 2320 Et
471 2255 599 2342 quesita
621 2255 749 2342 quando
771 2256 824 2321 uir
842 2278 920 2321 suus
934 2256 1043 2343 posuit
1057 2279 1092 2321 se
1106 2256 1141 2320 in
1155 2256 1229 2321 reli-

124 2357 248 2443 gionem
262 2358 346 2424 dicit
361 2358 447 2445 quod
462 2358 503 2424 ad
518 2359 636 2423 festum
655 2359 686 2425 S.
700 2359 852 2425 Nicholai
866 2360 1012 2445 proximo
1026 2359 1227 2445 preteritum.

125 2460 164 2526 Et
178 2463 255 2550 quis
269 2463 320 2527 ita
335 2462 399 2526 fuit
414 2460 575 2528 disseisite
590 2470 734 2549 tempore
755 2462 819 2527 uiri
840 2462 892 2527 sui
915 2462 972 2550 qui
993 2462 1134 2529 uillenus
1156 2462 1229 2543 tuit,

125 2575 263 2656 tempore
295 2590 362 2655 quo
391 2567 454 2633 fuit
483 2569 635 2654 copulate
660 2568 791 2646 uillauo,
816 2591 877 2633 neo
906 2568 1012 2635 edhuo
1038 2577 1165 2634 constat
1193 2569 1228 2634 in

123 2670 257 2735 ueritate
281 2678 396 2736 utrum
411 2670 608 2736 Vincencius
628 2671 680 2735 uir
699 2693 778 2736 suus
792 2671 897 2736 redire
912 2671 1013 2757 possit
1026 2671 1068 2736 ed
1082 2672 1228 2736 seculum

123 2773 171 2838 uel
186 2797 250 2840 non
265 2774 371 2840 donec
387 2774 570 2840 constiterit
584 2797 643 2860 per
657 2775 783 2840 litteras
799 2775 941 2862 episcopi
956 2775 1025 2854 loci,
1035 2783 1070 2840 et
1081 2784 1229 2862 preterea

122 2885 262 2965 tempore
272 2901 340 2965 quo
351 2877 416 2943 fuit
426 2877 624 2944 disseisitus³
638 2879 790 2965 conqueri
805 2901 870 2944 non
885 2879 994 2965 potuit
1009 2879 1097 2965 quod
1106 2879 1227 2944 iniuste

122 2991 200 3048 eset
215 2980 418 3048 disseisitus⁸
431 3004 488 3067 pro
503 2981 737 3068 impedimento
753 2981 841 3068 quod
855 2981 972 3047 habuit
986 3005 1045 3069 per
1058 2982 1227 3062 uillenum,

122 3086 357 3151 consideratum
379 3093 430 3150 est
451 3084 538 3171 quod
558 3084 659 3150 assisa
678 3107 742 3150 non
761 3085 870 3152 isoet⁴.
916 3085 960 3150 Et
974 3085 1047 3150 ideo
1062 3085 1227 3152 Wolterus

121 3198 152 3254 et
171 3190 227 3257 elii
248 3191 331 3257 inde
353 3190 423 3256 sine
444 3189 498 3255 die
520 3198 555 3256 et
577 3189 684 3255 Aricia
705 3189 741 3254 in
763 3189 988 3269 misericordis
1003 3199 1039 3255 et
1060 3191 1227 3277 perquiret

121 3293 178 3359 sibi
191 3317 250 3381 per
264 3295 370 3360 breue
385 3293 426 3358 de
440 3293 587 3380 ingressu
603 3293 632 3358 si
647 3292 810 3359 uoluerit⁶.

30 3393 89 3461 140.
179 3400 340 3464 ‘Thomas
354 3396 440 3462 filius
455 3397 599 3463 Umfiidi
619 3397 660 3462 de
682 3397 845 3462 Rumennl
864 3397 1082 3463 summonitus
1101 3399 1165 3464 fuit
1184 3399 1226 3465 ed

121 3503 378 3592 respondendum
402 3502 546 3568 Johenni
569 3501 610 3568 de
636 3503 744 3569 Snane
771 3525 871 3589 quare
895 3501 1050 3567 deforciat
1076 3503 1107 3568 ei
1129 3506 1224 3569 xxx‘.

121 3629 203 3674 acme
231 3618 322 3675 terre
352 3631 426 3674 cum
456 3616 536 3694 pert.
565 3607 601 3672 in
630 3605 807 3673 Tamlende
843 3605 962 3693 qucm⁷
991 3606 1154 3672 Robertus
1183 3607 1225 3674 de

122 3709 294 3778 Tsmlende
311 3710 419 3777 eidem
439 3710 583 3776 Johunni
602 3709 727 3775 dimisit
746 3709 788 3775 ad
807 3709 985 3775 terminum
1005 3709 1062 3796 qui
1081 3709 1226 3776 nondum

122 3818 264 3901 preteriit
302 3817 389 3882 infre
424 3839 521 3904 quem
559 3815 734 3881 terminum
771 3813 859 3880 idem
897 3814 1059 3880 Robertus
1088 3815 1226 3882 eandem

151 3944 508 3998 ¹0neolthedelorcisntc.
698 3943 770 3996 lond.

150 4011 161 4043 ¹
176 4011 302 4062 Seeconrt
316 4011 349 4077 (t)
383 4011 431 4062 See
444 4011 541 4062 Ghrom
553 4010 646 4074 Abing.
729 4010 805 4060 ⁸Sec
823 4010 904 4060 below
922 4009 978 4060 ΜΒ.
996 4010 1015 4059 t.
1034 4011 1081 4063 17⁵
1097 4010 1123 4074 b,
1141 4011 1226 4064 where

123 4075 168 4138 (ed.
190 4077 355 4142 Stevcnson).
390 4076 449 4129 Ind.
474 4091 495 4128 s.
520 4091 543 4129 v.
573 4077 646 4127 Sevo-
697 4075 769 4125 Alice
779 4074 868 4138 brings
879 4074 989 4126 another
1000 4075 1097 4126 action.

122 4143 202 4192 mdc.
730 4140 966 4204 ⁶Auintcrecting
973 4141 1026 4192 end
1033 4141 1156 4206 probably
1164 4157 1225 4208 very

152 4206 248 4258 ⁸(tort.
259 4209 401 4258 discedito.
696 4207 767 4270 early
784 4206 913 4269 specimen
932 4207 961 4255 ol
978 4206 1023 4256 the
1041 4209 1124 4269 Quaere
1141 4211 1223 4272 ejecit,

151 4271 298 4336 (ΒΜ,
318 4273 337 4324 l.
360 4273 415 4330 195,
433 4271 496 4322 cites
512 4271 567 4322 this
587 4285 645 4322 csse
696 4272 839 4336 sremedy
860 4271 939 4334 lstely
961 4271 1082 4323 invented
1109 4273 1151 4323 tor
1178 4275 1224 4325 the

123 4339 149 4387 to
162 4337 229 4388 show
242 4339 305 4390 that
323 4338 369 4388 the
385 4337 497 4388 villein'r
513 4337 571 4387 wife
585 4351 644 4388 cen·
696 4337 789 4388 ousted
799 4340 903 4388 termor.
940 4337 988 4389 Sec
999 4338 1043 4388 Br.
1054 4338 1073 4388 t.
1086 4340 1143 4390 220.

124 4407 166 4452 not
181 4403 256 4466 bring
271 4403 320 4455 the
335 4402 419 4454 ussine
434 4402 457 4452 it
469 4402 515 4452 she
531 4401 584 4452 und
600 4403 646 4452 her
729 4403 739 4437 ⁷
757 4403 829 4454 Gon.
843 4417 915 4466 qnos.

123 4465 236 4520 hustsnd
252 4469 323 4521 hare
338 4469 403 4520 been
414 4467 510 4532 ejected
520 4469 589 4519 from
599 4467 646 4519 her
