3167 5075
499 438 636 499 nrsrrs,
660 438 725 487 sn.
751 423 844 499 1224,
866 436 931 489 un
953 427 982 487 8.
1274 426 1293 485 5

184 617 225 683 de
256 612 484 682 Auenestowe¹
521 622 555 678 et
585 608 786 677 Willelmum
823 609 865 675 de
894 612 999 697 Aysse
1034 619 1069 677 et
1105 612 1291 679 Alienorum

185 742 318 786 uxorem
333 719 403 784 eius
419 725 479 783 etc.

249 822 293 888 Et
307 822 419 887 Abbes
434 818 527 886 uenit
542 827 577 883 et
591 817 672 883 dicit
686 816 773 904 quod
788 824 904 883 tenent
918 816 1001 883 illud
1015 816 1237 884 molendinum
1251 818 1292 885 de

182 927 261 1014 ipsis
276 925 441 992 Willelmo
455 932 490 989 et
505 922 659 988 Alienore
672 921 836 987 reddendo
851 943 909 1007 per
926 944 1049 987 annum
1069 923 1150 988 dnus
1170 946 1293 990 merces

182 1038 221 1093 ut
239 1028 280 1093 de
300 1027 356 1092 illo
375 1024 558 1091 molendino
573 1024 661 1111 quod
675 1024 775 1111 Hugo
791 1023 832 1089 de
847 1024 977 1090 Lisures
992 1025 1083 1090 dedit
1103 1025 1215 1092 domui
1233 1050 1292 1093 sue

182 1132 345 1197 reddendo
359 1131 436 1197 inde
450 1152 509 1217 per
523 1152 645 1195 annum
661 1128 742 1195 duas
757 1152 889 1208 marcus,
904 1138 940 1195 et
956 1130 1045 1195 ideo’
1059 1132 1159 1219 Hugo
1179 1141 1293 1219 postes

181 1234 274 1301 dedit
295 1234 368 1300 illos
388 1234 470 1299 duas
491 1256 613 1299 merces
636 1234 780 1320 predicte
802 1234 950 1301 Elienore
971 1236 1006 1299 in
1028 1237 1237 1324 maritagium
1258 1248 1293 1305 et

181 1338 355 1404 heredibus
380 1338 447 1403 suis
472 1338 500 1403 si
524 1337 666 1403 heredes
683 1337 819 1404 heberet
843 1338 884 1404 de
910 1362 1040 1426 corpore
1062 1341 1136 1406 suo'
1159 1350 1194 1407 et
1215 1342 1292 1408 inde

181 1442 303 1528 profert
318 1450 422 1505 certes
436 1440 581 1505 eiusdem
596 1440 748 1527 Hugonis
763 1464 827 1528 que
848 1442 907 1508 hoc
926 1443 1014 1509 idem
1030 1452 1203 1510 testantur.
1248 1445 1293 1511 Et

181 1568 279 1632 super
300 1545 361 1610 hoc
382 1544 475 1610 uenit
497 1544 677 1610 Nicholaus
696 1545 737 1610 de
757 1546 1033 1635 Bussingeburnie
1051 1558 1086 1614 et
1105 1549 1186 1614 dicit
1206 1550 1292 1637 quod

182 1649 282 1715 hebet
309 1648 345 1713 in
375 1670 507 1713 uxorem
537 1647 638 1713 filiam
665 1656 700 1713 et
725 1648 878 1715 heredem
903 1650 1041 1737 predicti
1066 1650 1216 1739 Hugonis
1238 1652 1293 1718 cui

182 1754 347 1842 predictus
375 1753 523 1819 redditus
551 1752 650 1818 dehet
679 1755 801 1820 reuerti
837 1755 866 1821 si
895 1756 1047 1821 Elienore
1075 1780 1141 1822 non
1172 1758 1292 1823 hebeat

183 1858 334 1925 heredem
349 1858 390 1925 de
405 1880 439 1923 se
454 1858 508 1922 uel
523 1857 563 1923 de
583 1879 714 1943 corpore
734 1880 792 1923 suo
812 1867 848 1923 et
867 1859 1003 1945 apponit
1022 1860 1174 1925 clemium
1194 1884 1290 1927 suum

183 1988 224 2029 ne
239 1962 474 2051 cyrographum
489 1961 549 2027 fiet
562 1960 605 2027 sd
620 1961 906 2028 exheredecionem
921 1963 1029 2029 uxoris
1043 1987 1109 2029 sue.

248 2070 292 2135 Et
306 2069 491 2135 Willelmus
505 2066 546 2132 de
561 2065 663 2131 Aisho
677 2074 863 2131 attornatus
883 2068 991 2133 uxoris
1011 2068 1082 2133 eius
1102 2069 1162 2135 hoc
1182 2079 1290 2136 totum

182 2174 354 2261 cognoscit,
373 2178 408 2237 et
430 2170 513 2236 bene
535 2170 698 2258 cognoscit
719 2170 806 2257 quod
827 2170 974 2256 predicte
994 2172 1171 2238 Abbatisse
1191 2173 1291 2239 debet

182 2276 301 2341 habere
323 2275 398 2340 inde
420 2296 480 2361 per
500 2296 573 2339 uun.
594 2272 671 2358 xiiij.
691 2273 745 2337 sol.
791 2274 836 2337 Et
858 2272 932 2338 idco
956 2282 1146 2360 preceptum
1170 2283 1219 2341 est
1243 2277 1291 2342 eis

182 2380 269 2467 quod
282 2379 324 2444 de
338 2388 446 2444 cetero
460 2376 597 2443 reddunt
612 2376 718 2441 eidem
733 2377 909 2442 Abbatisse
928 2377 969 2442 de
989 2378 1143 2463 predictis
1162 2378 1289 2446 duabus

181 2484 297 2550 mercis
326 2506 385 2571 per
412 2504 484 2548 ann
511 2480 590 2570 xiiij.
617 2482 672 2549 sol.
698 2489 733 2548 et
758 2482 943 2569 recuperet⁴
967 2482 996 2548 si
1024 2484 1149 2570 possint
1177 2506 1291 2551 uersus

180 2588 317 2654 heredes
331 2586 482 2674 Hugonis
496 2586 573 2673 quie
587 2584 813 2673 cirographum
828 2586 905 2651 inde
921 2586 990 2652 fieri
1004 2609 1070 2651 non
1084 2595 1200 2673 potest.
1244 2589 1290 2654 Et

179 2692 254 2758 ideo
268 2699 458 2778 preceptum
473 2699 523 2756 est
538 2691 721 2756 uicecomiti
737 2691 838 2757 Norh.
853 2690 940 2777 quod
954 2691 995 2757 de
1011 2699 1117 2757 cetero
1132 2694 1205 2759 etc.⁸

117 2859 124 2873 ,
246 2795 430 2861 Willelmus
445 2796 476 2861 le
490 2796 647 2861 Buttiller
660 2818 719 2882 per
731 2803 934 2860 ettomatum
954 2818 1049 2861 suum
1070 2797 1156 2883 petit
1176 2819 1289 2864 uersus

179 2899 346 2966 Abbetem
361 2899 402 2964 de
418 2900 581 2966 Orontone
595 2921 694 2964 unam
709 2920 810 2963 carue
827 2906 912 2962 terre
926 2921 999 2963 cum
1014 2907 1095 2985 pert.
1110 2899 1146 2965 in
1161 2900 1290 2987 Eytone

180 3011 220 3069 ut
235 3004 287 3068 ius
303 3025 398 3068 suum
416 3002 503 3068 unde
523 3003 623 3090 Hugo
643 3001 825 3067 auunculus
846 3001 949 3088 petris
968 3002 1112 3067 eiusdem
1133 3003 1289 3069 Willelmi
1314 3049 1318 3054 -

179 3107 312 3172 seisitus
325 3106 390 3171 fuit
404 3113 443 3171 ut
457 3104 498 3172 de
513 3105 606 3171 feodo
626 3113 661 3170 et
680 3105 751 3171 iure
772 3113 807 3170 et
827 3105 862 3169 in
885 3103 1045 3170 dominico
1064 3107 1209 3192 tempore
1229 3115 1288 3172 etc

179 3219 219 3278 ut
234 3235 275 3277 ex
290 3210 374 3276 dono
389 3210 519 3276 Redulfi
535 3209 642 3276 fratris
657 3210 708 3276 sui
722 3209 932 3297 primogeniti
946 3209 1003 3296 qui
1018 3209 1108 3274 illam
1123 3218 1243 3275 terrum
1259 3211 1290 3276 ei

179 3315 273 3381 dedit
287 3336 345 3401 pro
360 3313 509 3400 homagio
529 3322 563 3378 et
584 3312 719 3379 seruicio
739 3335 798 3378 suo
819 3312 976 3401 capiendo
997 3311 1074 3379 inde
1096 3314 1227 3398 expleta
1247 3313 1289 3380 ad

180 3419 362 3486 uelenciem
383 3418 407 3503 j.
434 3439 540 3482 marce
563 3425 597 3481 et
620 3416 660 3482 de
686 3417 742 3482 illo
768 3419 910 3504 Hugone
935 3417 1103 3484 descendit
1127 3417 1179 3482 ius
1204 3425 1290 3484 terre

180 3523 269 3588 illius
283 3521 346 3608 ipsi
360 3520 525 3585 Willelmo
539 3527 578 3584 ut
593 3519 659 3584 filio
679 3529 712 3585 et
733 3519 844 3584 heredi
864 3519 999 3585 Roberti
1020 3520 1051 3584 le
1072 3519 1212 3585 Butiller
1230 3521 1290 3586 filii

181 3627 325 3694 eiusdem
356 3625 487 3691 Redulfi
516 3625 624 3690 fratris
652 3625 790 3712 predicti
818 3626 970 3714 Hugonis
1006 3648 1045 3691 eo
1080 3626 1166 3714 quod
1201 3627 1289 3693 idem

182 3732 345 3797 Robertus
365 3751 430 3795 non
448 3737 557 3816 potest
579 3751 647 3795 esse
669 3728 820 3794 dominus
841 3737 876 3794 et
897 3730 990 3795 heres
1012 3738 1047 3794 et
1067 3729 1154 3816 quod
1176 3731 1224 3796 ita
1245 3732 1289 3797 sit

182 3835 276 3902 offert
291 3843 350 3901 etc

247 3939 291 4004 Et
308 3937 421 4004 Ahhes
441 3937 534 4002 uenit
554 3945 588 4002 et
607 3936 754 4003 defendit
775 3937 827 4004 ius
849 3961 944 4004 suum
966 3941 1095 4027 quando
1116 3942 1289 4009 defendere

215 4083 681 4147 11tletow.ttomtr01.s,p.411.
761 4085 876 4134 Elecnor
896 4085 946 4134 hes
966 4084 1043 4137 isene.
1079 4085 1153 4150 They
1170 4086 1289 4137 however
1329 4113 1333 4120 -

215 4151 225 4182 ¹
241 4151 313 4202 Oorr.
327 4149 402 4200 idem.
761 4149 828 4200 have
835 4150 939 4200 become
945 4149 1128 4215 bouudtopey
1136 4151 1181 4202 the
1189 4152 1287 4202 Abbees

215 4215 278 4266 ⁸Ar
299 4217 328 4266 to
350 4229 367 4264 e
388 4213 437 4278 giu
458 4213 487 4264 in
504 4213 569 4265 such
585 4217 712 4266 termses
762 4215 1010 4278 sourtemshillings
1027 4231 1128 4280 synar.
1163 4217 1288 4267 whether

185 4279 374 4340 summm.
386 4279 404 4330 t
418 4281 457 4336 18.
470 4281 511 4332 47.
761 4279 797 4344 by
817 4295 869 4343 my
891 4295 981 4330 meens
1002 4280 1064 4344 they
1084 4295 1134 4331 cen
1155 4285 1213 4331 cest
1233 4281 1288 4331 this

216 4347 227 4380 ⁴
243 4346 313 4400 Gerr.
327 4353 472 4409 recuperent
484 4345 526 4410 (t).
760 4344 860 4396 burden
877 4360 911 4395 on
923 4345 968 4395 the
978 4345 1146 4407 inhcritenoe,
1160 4346 1240 4397 ieleft
1251 4361 1286 4397 err

217 4412 227 4443 ⁵
242 4411 268 4460 It
285 4425 368 4462 seems
389 4409 496 4461 decided
518 4409 577 4460 unt
593 4409 708 4461 Williem
761 4425 827 4475 open
838 4410 967 4474 question.

188 4475 238 4528 und
258 4473 375 4526 Eleenor
395 4478 493 4526 cannot
514 4475 625 4526 alienate
641 4476 709 4526 until
