3167 5075
299 406 363 475 1⁷4
516 422 636 473 cosan
657 422 757 487 eron,
778 423 843 474 an.
869 410 1028 487 1235-6,
1050 426 1112 475 aa
1137 412 1187 476 20.

295 596 506 663 antecessoris
520 618 633 663 uersus
648 619 702 663 eos
722 597 763 663 de
787 597 901 664 eadem
921 608 1008 665 terra
1026 609 1062 666 et
1080 600 1167 689 gerit
1189 623 1223 666 se
1242 600 1407 679 heredem,

294 698 344 763 ita
358 697 444 786 quod
458 699 572 766 eadem
589 700 660 765 Eua
674 699 774 767 habet
788 701 875 767 diem
890 725 996 768 coram
1012 703 1104 769 Dom
1117 705 1207 792 Rege
1219 705 1407 794 ubicunque

294 801 394 869 firerit
416 804 476 869 tali
496 803 550 870 die
573 813 632 871 eto.
677 804 731 870 Ad
757 828 854 892 quem
878 806 1025 894 predicta
1047 809 1120 875 Eua
1140 811 1341 896 comparebit
1366 819 1406 876 ut

294 906 415 973 sciatur
429 930 492 995 que
506 909 636 974 illarum
651 916 731 975 tunc
745 909 856 975 dotem
871 909 991 977 habere
1006 911 1125 978 debeat
1139 922 1198 979 etc
1219 914 1224 1000 Ι

359 1012 552 1100 preceptum
575 1013 638 1078 snt
658 1013 843 1080 uieeeemu
862 1013 949 1101 quod
969 1014 1150 1102 preciperet
1168 1017 1300 1084 uuus
1319 1018 1404 1083 111-
1545 993 1549 1007 “

197 1184 236 1215 0.
293 1114 385 1180 dredi
411 1116 451 1181 de
479 1115 662 1183 Olalrelese¹
688 1118 774 1204 quod
799 1118 959 1184 recordari
984 1120 1127 1185 facerent
1155 1143 1263 1186 coram
1292 1121 1341 1187 eis
1369 1122 1404 1187 in

293 1220 439 1307 predicto
462 1220 630 1286 hundredo
648 1222 814 1308 appellum
835 1221 922 1287 unde
941 1222 1089 1288 duellum
1104 1224 1283 1303 uadiatum‚
1298 1248 1402 1291 arma·

294 1332 375 1405 tum,
390 1333 425 1391 et
448 1346 635 1411 percussum
658 1323 722 1390 fuit
745 1326 780 1390 in
803 1325 918 1391 eodem
938 1326 1107 1393 hundredo
1125 1328 1213 1394 inter
1226 1329 1401 1415 quemdam

292 1430 496 1517 probatorem
531 1437 566 1494 et
599 1427 700 1494 alium
734 1429 908 1515 quemdam
938 1452 1035 1516 quem
1065 1431 1152 1498 idem
1180 1433 1335 1519 probator
1361 1434 1403 1501 de

293 1534 447 1601 socictate
481 1531 648 1619 appelauit
682 1539 796 1597 contra
828 1554 978 1598 coronam
1012 1542 1048 1599 et
1075 1534 1273 1623 dignitatem
1302 1537 1404 1623 Regis

294 1640 417 1705 factum
446 1645 481 1702 et
510 1658 568 1723 per
596 1658 660 1723 quc
689 1636 799 1715 uerba,
825 1643 860 1701 et
883 1637 1052 1703 recordum
1074 1638 1159 1705 illud
1184 1639 1321 1707 haberet
1346 1662 1405 1728 per

294 1750 434 1830 quatuor
447 1749 507 1806 cte

360 1847 404 1912 Et
429 1843 612 1911 Willelmus
639 1842 756 1909 Luuell
778 1843 892 1909 etalii
913 1852 979 1910 tres
1001 1853 1060 1910 etc
1082 1845 1221 1911 ueniunt
1242 1855 1279 1912 et
1299 1868 1403 1913 recor·

293 1952 414 2017 dantur
425 1947 523 2036 'quod
545 1947 678 2035 quidam
698 1946 857 2013 Ricardus
876 1947 934 2035 qui
952 1949 1041 2035 apud
1060 1949 1225 2016 Stnediate
1239 1960 1403 2017 arestatus

294 2065 425 2145 propter
444 2054 563 2120 malam
581 2051 796 2139 suspicionem
811 2052 991 2139 appellauit
1005 2052 1040 2118 in
1054 2052 1144 2118 curia
1156 2052 1199 2119 de
1213 2054 1403 2121 Drastescte

294 2160 467 2248 quemdam
488 2156 666 2223 Radulfum
686 2156 727 2222 de
746 2156 934 2222 Walesham
954 2157 1041 2243 quod
1061 2156 1213 2245 nequiter
1233 2167 1269 2224 et
1290 2168 1404 2225 contra

294 2287 406 2351 paoem
422 2264 516 2329 Dom.
531 2262 632 2351 Regis
646 2262 772 2327 sumtus
792 2259 857 2326 fuit
876 2261 1013 2347 pallium
1032 2286 1136 2341 suum,
1151 2272 1186 2328 et
1200 2262 1261 2329 hoc
1281 2265 1404 2352 optulit

294 2368 507 2433 d'mracionare
536 2389 595 2453 per
623 2387 737 2452 eorpus
766 2388 862 2431 suum
892 2387 1005 2432 uersus
1034 2388 1118 2433 eum
1162 2367 1208 2432 Et
1241 2368 1403 2435 Radulfirs

294 2471 441 2538 defendit
466 2493 561 2535 omne
587 2469 792 2537 latrocinium
819 2477 854 2534 et
883 2491 1012 2535 omnem
1041 2469 1224 2558 nequiciam
1253 2480 1290 2538 et
1317 2472 1404 2539 dixit

295 2577 382 2664 quod
402 2574 507 2640 fidelis
527 2575 590 2640 fuit
610 2582 644 2640 et
664 2573 751 2660 quod
769 2572 906 2659 pallium
926 2574 1009 2641 illud
1023 2597 1120 2640 suum
1133 2575 1199 2640 fuit
1212 2584 1248 2640 et
1261 2577 1405 2644 fideliter

294 2680 450 2768 adeptum
479 2688 514 2746 et
542 2685 674 2765 paratus
703 2677 767 2741 fuit
795 2675 968 2742 defendere
996 2697 1032 2741 se
1065 2698 1124 2762 per
1156 2700 1271 2765 corpus
1304 2703 1401 2746 suurn

294 2784 510 2851 incontinenti
541 2805 653 2849 uersus
682 2780 789 2868 ipsum
819 2780 1003 2847 Ricardum
1049 2781 1093 2846 Et
1121 2804 1179 2869 per
1212 2784 1272 2850 hec
1302 2786 1404 2851 uerba

295 2889 516 2955 adiudicatum
531 2886 595 2952 fuit
614 2885 760 2953 duellum
780 2885 935 2951 intereos
948 2895 984 2951 et
998 2907 1185 2971 percussum
1199 2898 1235 2954 et
1254 2888 1403 2955 defensor

295 2993 402 3059 uictus
432 2991 502 3062 fuit.
547 2990 664 3056 Postea
692 2998 855 3055 uenerunt
884 2988 1023 3075 predicti
1052 2998 1194 3076 quatuor
1221 2999 1257 3055 et
1284 2991 1402 3058 dicunt

295 3096 381 3185 quod
394 3095 559 3183 predictus
572 3093 729 3159 Ricardus
742 3093 898 3182 cognouit
910 3115 945 3159 se
960 3115 1029 3160 esse
1043 3095 1202 3161 latronem
1216 3104 1252 3161 et
1265 3095 1403 3163 deuenit

294 3202 445 3292 probator
470 3209 504 3267 et
529 3199 696 3288 appelauit
720 3198 904 3286 predictum
926 3198 1103 3265 Radullum
1125 3200 1167 3266 de
1188 3200 1345 3268 societate
1366 3213 1402 3268 et

294 3307 469 3385 latrocinio,
485 3313 519 3370 et
540 3326 597 3391 per
615 3303 772 3369 iudicium
793 3301 956 3368 hundredi
976 3301 1041 3367 fuit
1059 3302 1207 3369 duellum
1230 3304 1401 3372 uadiatnrn

294 3419 330 3478 ot
358 3431 543 3497 percussum
573 3417 608 3472 et
636 3407 770 3474 uictum.
816 3408 860 3472 Et
888 3406 962 3472 idco
996 3407 1184 3474 hundredus
1211 3409 1246 3474 in
1275 3410 1403 3478 miseri·

295 3511 425 3579 cordia'.

360 3614 538 3683 'Galfridus
560 3613 591 3678 le
613 3613 772 3700 Frnnceys
795 3613 881 3699 petit
901 3635 1016 3679 uersus
1037 3613 1232 3702 Magistrum
1254 3615 1401 3686 Militum

193 3736 206 3766 ¹
295 3719 423 3807 Templi
437 3718 472 3783 in
486 3715 608 3804 Anglia
620 3715 634 3800 j
654 3715 835 3803 mesagium
854 3738 929 3782 cum
949 3725 1030 3803 pert
1045 3716 1080 3782 in
1100 3718 1256 3784 suburbio
1274 3719 1401 3789 Oxonie

295 3834 333 3889 ut
346 3823 398 3889 ius
412 3844 506 3888 suum
526 3821 568 3887 de
588 3819 707 3886 seieina
725 3819 895 3886 cuiusdam
914 3820 1053 3886 Galfridi
1066 3823 1277 3889 antecessoris
1290 3825 1352 3903 sui,
1367 3837 1403 3893 et

293 3927 457 4017 cognoscit
471 3925 556 4013 quod
570 3925 657 3991 idern
673 3924 838 3991 Galfridus
852 3923 933 3990 duos
944 3924 1062 3990 habuit
1070 3947 1192 3991 sorores
1203 3927 1400 3996 Matillidem

295 4039 330 4098 et
344 4030 506 4118 Roysicm,
521 4036 556 4096 et
578 4029 664 4116 quod
686 4027 773 4093 idem
797 4025 962 4092 Galhidus
982 4025 1075 4093 dedit
1096 4030 1301 4118 mesuagium
1320 4033 1403 4100 illud

293 4135 447 4223 predictis
468 4133 594 4200 duabus
614 4131 805 4199 mulieribus
827 4130 988 4197 sororibus
1008 4130 1076 4198 suis
1101 4133 1258 4200 Matillidi
1280 4137 1402 4223 prirno-

294 4239 406 4327 genite
427 4245 463 4302 et
484 4235 592 4301 Roisie
613 4243 772 4323 postnate,
794 4244 830 4302 et
855 4235 942 4323 quod
969 4235 1039 4324 ipse
1069 4237 1163 4304 uenit
1188 4238 1230 4305 de
1254 4240 1407 4326 predicta

326 4402 562 4520 illlffi'se
588 4465 632 4518 ue
658 4465 743 4530 ungu
769 4465 820 4520 nu
868 4401 1402 4533 Qifflfflhffl
