3167 5075
364 368 428 437 472
674 385 815 447 mmm,
837 383 903 437 nn.
927 371 1021 446 1223,
1043 383 1105 434 nn
1128 367 1158 436 7.

429 555 473 619 Et
487 576 598 620 omnes
612 554 751 621 ueniunt
765 563 800 620 et
819 555 933 620 dieunt
952 555 1038 641 quod
1053 554 1217 620 Walterus
1237 553 1279 620 de
1301 553 1445 620 Dunstsn·

364 659 445 724 uilla
468 658 602 724 clemat¹
627 667 735 724 totum
760 659 942 724 manerium
968 658 1050 722 illud
1073 679 1185 724 uersus
1208 680 1262 722 eos
1287 679 1343 744 per
1364 657 1446 722 breue

364 762 459 827 Dom.
480 762 580 849 Regis
602 761 689 848 quod
709 762 801 848 prius
821 763 1033 849 impetratum
1055 762 1118 826 fuit
1138 770 1173 827 et
1198 761 1272 826 ideo
1295 761 1400 826 nolunt
1413 760 1447 824 ad

364 867 429 931 duo
450 866 564 931 breuis
582 866 775 952 respondere
798 866 862 930 nisi
881 866 970 931 curie
992 865 1251 932 considerauerit.
1296 866 1338 930 Et
1360 865 1447 950 Euge

364 970 473 1036 lardus
487 979 523 1035 et
537 969 653 1035 sibilla
667 969 727 1034 hoc
741 979 938 1056 cognoscunt
953 979 988 1036 et
1002 970 1116 1036 dicunt
1136 971 1222 1056 quod
1237 969 1392 1036 Walterus
1408 982 1448 1033 est

364 1084 526 1140 warantus
540 1073 685 1139 eiusdem
701 1073 816 1139 Sibille
832 1074 872 1138 de
886 1075 963 1139 dote
978 1097 1045 1140 sue
1090 1075 1134 1138 Et
1145 1075 1219 1140 ideo
1233 1073 1448 1140 eonsiderntum

364 1188 414 1244 est
435 1177 521 1264 quod
540 1201 606 1243 non
627 1180 843 1264 respondeant
862 1180 905 1245 ed
924 1180 985 1244 hoc
1004 1179 1104 1244 breue
1125 1180 1227 1244 donee
1248 1179 1367 1244 sciatur
1384 1177 1446 1264 quid

363 1285 486 1350 foetum
501 1283 543 1348 sit
558 1284 599 1349 de
614 1283 767 1362 waltero,
782 1293 817 1349 et
832 1285 906 1349 ideo
920 1284 997 1350 inde
1011 1284 1081 1349 sine
1095 1284 1148 1350 die
1163 1293 1224 1349 ete

429 1388 599 1454 'Matheus
617 1389 704 1454 filius
724 1389 883 1454 Willelmi
906 1388 1087 1454 Mnreecalli
1106 1386 1207 1474 petit'
1228 1409 1340 1454 uersus
1360 1387 1448 1452 Adam

364 1491 470 1557 filium
500 1492 611 1556 Iuouis
639 1493 680 1557 de
710 1493 927 1558 antestona
955 1492 1036 1557 duas
1067 1492 1148 1578 uirg.
1178 1501 1264 1557 terre
1299 1503 1334 1558 et
1365 1513 1449 1556 unum

365 1595 567 1683 mesuagium
582 1605 617 1660 et
631 1619 734 1662 unum
749 1597 869 1662 toftum
884 1619 957 1662 eum
973 1604 1053 1683 pert.
1069 1597 1105 1660 in
1121 1596 1407 1662 Kinemundeeots⁴
1419 1607 1450 1660 ut

365 1701 417 1766 ius
431 1723 526 1766 suum
542 1709 602 1767 ete.
647 1701 691 1765 Et
706 1700 813 1766 Adam
829 1709 902 1787 post
923 1701 1047 1766 essonia
1066 1723 1125 1766 sua
1144 1701 1230 1766 faeta
1251 1701 1346 1766 uenit
1362 1723 1450 1766 eorem

265 1840 278 1870 ο
311 1858 318 1870 .
365 1804 550 1870 iusticieriis
575 1805 610 1868 in
636 1804 738 1870 banco
763 1814 798 1870 et
821 1805 907 1892 petit
930 1805 1031 1870 elium
1057 1805 1144 1870 diem
1170 1814 1205 1870 et
1230 1804 1349 1871 hebuit
1373 1826 1451 1891 prece

356 1907 510 1994 ‚parcium
536 1906 659 1972 seilicet
688 1907 789 1973 talem
819 1916 888 1986 ete,
914 1917 948 1972 et
977 1916 1057 1972 tunc
1082 1930 1146 1972 non
1176 1908 1269 1972 uenit
1298 1917 1356 1973 etc.
1379 1905 1452 1971 unde

365 2012 602 2077 consideratum
632 2011 696 2076 fuit
725 2011 812 2098 quod
841 2019 928 2078 terra
953 2021 1123 2098 caperetur
1150 2011 1186 2076 in
1214 2033 1349 2078 menum
1374 2011 1452 2076 Dein

365 2116 466 2202 Regis
480 2124 515 2182 et
529 2115 616 2201 quod
629 2115 736 2181 Adam
756 2126 1017 2182 summoneretur
1035 2117 1077 2182 sd
1097 2115 1296 2181 audiendum
1314 2115 1453 2181 iudicium

364 2240 469 2284 suum.
512 2218 567 2283 Ad
581 2218 669 2283 diem
688 2218 790 2284 istum
810 2219 904 2284 uenit
918 2219 1037 2297 Adam,
1052 2227 1086 2284 et
1104 2219 1285 2286 uicecomes
1302 2218 1454 2284 msndsuit

363 2323 451 2409 quod
464 2331 593 2408 ceperat
607 2331 727 2388 terrem
741 2323 777 2388 in
791 2345 925 2388 menum
940 2331 999 2388 ete.
1037 2323 1081 2386 Et
1092 2321 1199 2388 Adam
1215 2323 1321 2388 uoluit
1331 2321 1454 2388 dendus
1527 2343 1528 2350 ¹

364 2449 436 2492 esre
462 2436 581 2492 terram
607 2436 642 2492 et
671 2427 755 2492 dixit
780 2428 868 2513 quod
897 2427 960 2492 fuit
990 2427 1102 2492 Iuonis
1130 2427 1233 2513 petris
1258 2427 1318 2504 sui,
1343 2436 1376 2492 et
1402 2427 1454 2491 Iuo

364 2552 495 2617 presens
509 2540 558 2596 est
574 2539 608 2595 et
629 2531 690 2595 hoc
703 2530 791 2596 idem
806 2530 896 2609 dicit,
910 2540 961 2596 eet
975 2553 1142 2617 nunquam
1164 2530 1246 2597 alins
1266 2531 1411 2619 eppnmit
1427 2529 1454 2594 in

365 2634 455 2700 emis
467 2657 528 2700 nec
541 2635 695 2700 elamium
709 2658 805 2699 suum
820 2635 980 2722 apposuit,
995 2658 1055 2700 nee
1069 2635 1193 2723 aliquid
1207 2636 1298 2702 aliud
1312 2636 1389 2702 dicit
1401 2634 1454 2699 nisi
1526 2706 1527 2719 χ

365 2746 496 2803 tentum
512 2738 597 2823 quod
611 2747 700 2804 terre
712 2738 772 2803 filii
787 2739 839 2803 sui
854 2761 914 2804 sua
927 2747 985 2805 est.
1024 2740 1067 2804 Et
1082 2738 1155 2805 ideo
1169 2740 1403 2806 consideratum
1415 2748 1456 2803 est

366 2842 452 2927 quod
475 2842 628 2907 Matheus
648 2843 854 2929 recuperauit
877 2843 1028 2909 seisinsm
1051 2866 1144 2909 susm
1167 2866 1226 2929 per
1251 2842 1410 2919 defaltum,
1429 2850 1458 2906 et

365 2945 474 3011 Adam
488 2945 855 3034 inmisericordieetc.l
1525 3030 1526 3035 γ

430 3051 611 3117 ‘Gristiens
621 3074 685 3138 que
700 3052 764 3117 fuit
779 3075 861 3117 uxor
870 3052 1030 3118 ,Iohannis
1045 3052 1105 3117 filii
1117 3051 1250 3118 sowar*
1261 3052 1345 3139 petit
1359 3072 1459 3117 uersus

365 3154 531 3221 Abbatem
560 3156 601 3221 de
635 3156 819 3242 Eyneshem
855 3178 954 3221 unum
987 3157 1190 3243 mesuagium
1223 3178 1298 3222 enm
1325 3164 1404 3242 pert
1430 3154 1458 3217 in

366 3259 493 3325 Oxonie
506 3268 544 3325 ut
559 3260 668 3325 dotem
682 3282 784 3337 suum,
799 3260 886 3325 unde
904 3260 928 3325 J
929 3260 1071 3326 ohannes
1085 3260 1138 3325 uir
1154 3282 1232 3325 suus
1252 3282 1324 3325 eam
1342 3258 1459 3325 dotauit

366 3362 567 3428 nominatim
1524 3400 1525 3415 ὴ

432 3468 476 3532 Εὴ
498 3467 611 3533 Abbes
633 3467 727 3533 uenit
750 3476 785 3533 et
805 3467 885 3533 dicit
908 3469 995 3554 quod
1017 3468 1184 3534 Johsnnes
1207 3468 1261 3533 uir
1282 3490 1359 3533 suus
1381 3466 1461 3531 dedit

366 3570 448 3635 illud
473 3572 676 3659 mesuagium
701 3571 814 3637 domui
838 3594 896 3637 sue
923 3582 957 3637 et
986 3574 1107 3658 profert
1136 3580 1260 3637 cartem
1289 3594 1380 3637 sunm
1407 3590 1460 3655 que

367 3676 487 3740 donum
502 3675 584 3740 illud
602 3684 743 3742 testetur
761 3685 797 3741 et
816 3686 912 3743 uocat
932 3677 1008 3743 inde
1031 3677 1074 3743 ed
1088 3687 1269 3743 warantum
1289 3677 1460 3744 Johsnnem

366 3778 471 3843 filium
486 3787 520 3843 et
535 3778 687 3844 heredem
707 3780 847 3866 predicti
866 3780 1036 3859 Johannis,
1050 3781 1107 3867 qui
1129 3804 1262 3867 presens
1276 3789 1325 3845 eet
1339 3788 1375 3845 et
1389 3778 1462 3843 inin

366 3886 498 3943 etatem.
542 3878 586 3941 Et
621 3877 735 3943 Abbes
765 3879 851 3965 petit
885 3880 972 3964 quod
1005 3880 1087 3945 illud
1120 3880 1152 3945 ei
1183 3880 1379 3945 warentizet
1422 3878 1459 3943 Et

366 3981 390 4045 J
391 3981 532 4045 ohannes
547 3989 597 4045 est
617 3982 701 4047 infra
720 3990 851 4062 etatem,
868 3991 902 4049 et
922 3984 1008 4069 petit
1029 3992 1151 4050 etatem
1171 4007 1275 4051 suem.
1320 3984 1364 4049 Et
1388 3982 1463 4050 Cris

367 4085 458 4149 tiana
485 4085 614 4171 quesite
641 4086 669 4151 si
698 4086 819 4153 hebeat
848 4096 970 4153 seetem
1001 4088 1086 4173 quod
1116 4088 1193 4153 inde
1228 4088 1341 4155 dotsts
1376 4087 1463 4153 fuerit

398 4214 408 4245 ¹
427 4214 473 4263 See
483 4213 571 4274 above,
585 4215 735 4265 02001584.
977 4214 988 4247 ³
1005 4214 1044 4277 By
1055 4214 1099 4264 the
1110 4214 1218 4279 eopyiet

398 4278 555 4392 {Bit}
977 4279 1080 4395 :ee
1094 4282 1134 4394 1¹³⁸·

399 4410 410 4441 ⁴
423 4360 666 4465 ileunae’ncindicoru
679 4410 710 4459 B.
1074 4382 1080 4407 ’
1118 4381 1125 4394 ·
