3167 5075
372 374 434 447 tm
587 386 705 443 consu
726 376 829 454 crong
848 394 913 442 ιιι.
937 376 1095 454 1237-8,
1117 392 1180 442 nn
1196 378 1254 441 '22

370 558 452 632 uicis
466 565 587 632 ibidem
603 566 664 631 deo
677 558 896 629 seruientibus
912 562 1080 629 ecclesiam
1100 562 1141 629 de
1161 558 1359 629 Medburnia
1380 584 1470 649 quam

244 672 248 677 '
370 678 465 757 pater
486 690 564 734 suus
583 667 630 733 eis
651 667 752 745 dedit,
767 666 951 731 habendam
975 673 1010 731 et
1031 664 1208 731 tenendam
1228 687 1304 730 cum
1325 664 1470 730 omnibus

371 772 579 860 pertinenciis
600 770 667 835 suis
688 772 724 835 in
744 770 879 835 liberam
899 778 934 834 et
955 778 1147 855 perpetuam
1170 763 1390 835 elemosinam
1435 769 1471 832 Et

372 874 458 940 unde
473 874 553 939 dicit
567 872 653 960 quod
667 871 755 937 idem
770 872 841 936 Rex
858 870 901 936 H.
916 893 999 936 auus
1018 871 1109 936 illam
1124 872 1171 937 eis
1185 871 1277 937 dedit
1292 872 1355 938 tali
1369 872 1471 937 animo

372 990 407 1046 et
422 980 482 1045 tali
492 978 668 1044 uoluntate
686 976 772 1063 quod
792 976 882 1041 illam
904 975 1063 1041 haberent
1084 975 1119 1040 in
1141 977 1284 1062 proprios
1305 998 1385 1042 usus
1408 983 1473 1063 post

372 1091 510 1149 mortem
532 1080 635 1167 ipsius
655 1080 780 1145 Thome
804 1079 918 1145 Griffin
940 1087 1021 1145 tunc
1042 1100 1184 1165 persone.
1229 1081 1274 1145 Et
1293 1080 1372 1166 quia
1392 1079 1472 1145 idem

372 1188 512 1252 Thomas
534 1184 621 1250 uixit
643 1192 713 1251 toto
736 1192 881 1269 tempore
901 1182 1003 1269 ipsius
1022 1182 1122 1269 Regis
1136 1183 1179 1247 H„
1195 1190 1230 1247 et
1244 1191 1314 1247 toto
1332 1191 1472 1269 tempore

372 1291 473 1378 Regis
502 1288 634 1355 Ricardi
663 1296 697 1353 et
727 1310 784 1373 per
814 1308 969 1374 magnum
994 1293 1125 1373 tempus
1150 1294 1295 1373 ternpore
1319 1286 1351 1351 J.
1378 1284 1474 1372 Regis

373 1406 475 1481 usque
504 1394 546 1459 ed
578 1391 752 1481 gosnam,
776 1390 826 1455 ita
854 1390 940 1477 quod
964 1390 1055 1476 prius
1078 1389 1202 1454 nullam
1227 1388 1379 1454 scisinam
1405 1389 1473 1454 inde

375 1498 492 1563 habere
528 1502 706 1582 potuerunt
726 1493 898 1580 ‘quamdin
931 1491 1020 1558 idom
1054 1492 1194 1557 Thomas
1226 1491 1321 1569 uixit,
1350 1502 1473 1557 mortuo

374 1600 487 1665 eodem
502 1599 626 1663 Thomo
640 1598 675 1662 in
689 1619 814 1683 guerra,
830 1604 1102 1683 presentauemnt
1121 1595 1312 1682 quemdam*
1325 1596 1472 1661 clericum

375 1704 432 1790 qui
458 1702 590 1788 quidem
616 1700 749 1765 admitti
773 1722 838 1764 non
864 1700 974 1785 potuit
998 1700 1040 1765 ad
1066 1701 1342 1786 presentuoionem
1367 1722 1473 1765 eorum

376 1815 507 1891 propter
528 1803 709 1889 potenciam
729 1802 839 1869 Gwale
855 1812 934 1867 tunc
948 1802 1061 1889 legati⁸
1078 1802 1135 1889 qui
1150 1804 1346 1869 auctoritate
1360 1804 1472 1891 legaci-

377 1910 446 1974 onis
468 1932 525 1974 sue
547 1908 636 1973 illam
659 1907 751 1971 dedit
771 1906 884 1972 Oelino
905 1906 946 1971 de
969 1908 1111 1972 Breaute
1130 1906 1187 1993 qui
1206 1929 1311 1993 nuper
1326 1908 1418 1983 obiit,
1432 1908 1473 1972 ita

376 2012 463 2098 quod
488 2020 561 2097 post
590 2018 728 2103 mortem
753 2008 855 2095 ipsius
881 2009 989 2075 Colini
1017 2019 1288 2096 presentauerunt
1316 2011 1471 2097 quendam

376 2115 528 2209 clericum
543 2114 585 2180 ad
600 2114 735 2179 eandem
752 2113 918 2196 ecclesiam
933 2114 990 2201 qui
1010 2114 1052 2180 ad
1072 2115 1348 2201 presentaoionem
1369 2137 1472 2181 eorum

377 2218 535 2283 adinissus
550 2226 599 2283 est
615 2218 692 2307 quia
706 2217 796 2302 prius
810 2225 995 2303 presentare
1009 2240 1074 2282 non
1089 2228 1274 2304 potuerunt

442 2320 559 2385 Postea
580 2302 657 2407 quia
678 2319 712 2383 in
734 2326 824 2385 carta
845 2319 1030 2384 continetur
1051 2319 1137 2406 quod
1159 2321 1326 2406 predictus
1345 2320 1388 2385 H.
1408 2320 1471 2385 Rex

313 2492 318 2505 ,
376 2424 468 2489 dedit
482 2423 636 2509 predictis
651 2422 812 2487 canonicis
826 2422 992 2487 ecclesiam
1005 2421 1095 2486 illam
1106 2431 1179 2508 post
1189 2431 1329 2488 mortem
1344 2421 1473 2513 predicti

259 2521 269 2530 '¹
377 2515 499 2596 Thome
522 2527 638 2594 Griffin
661 2534 741 2592 tunc
761 2549 896 2613 persone
917 2527 974 2613 qui
994 2525 1079 2590 uixit
1095 2533 1165 2591 toto
1180 2535 1328 2614 tempore
1343 2525 1472 2613 predicti

377 2621 479 2718 Regis
494 2631 536 2696 H.
553 2639 587 2700 et
601 2640 715 2716 postea
729 2639 799 2696 toto
814 2639 959 2717 tempore
977 2629 1107 2696 Ricardi
1122 2631 1223 2718 Regis
1237 2641 1273 2696 et
1287 2632 1323 2697 in
1338 2641 1472 2717 tempore

377 2735 477 2822 Regis
502 2735 661 2799 Johannis
686 2757 788 2820 usque
814 2735 856 2799 ad
880 2756 1038 2822 guerram,
1062 2735 1112 2800 ita
1136 2736 1223 2822 quod
1248 2736 1313 2822 ipsi
1338 2733 1473 2802 canonici

378 2859 544 2922 nunquam
559 2835 710 2900 seisinam
726 2836 909 2901 habuerunt
924 2846 1068 2923 tempore
1083 2837 1270 2903 donacionis
1284 2861 1346 2903 nec
1360 2847 1543 2937 postea

376 2948 413 3003 ot
435 2949 582 3025 preterea
603 2939 681 3025 quia
701 2941 904 3056 recognitum
925 2949 975 3007 est
997 2942 1083 3028 quod
1105 2943 1232 3030 legatus
1259 2944 1370 3009 Gwale
1392 2943 1472 3009 illam

379 3043 517 3109 contulit
532 3043 590 3129 qui
604 3043 667 3108 fuit
683 3043 775 3128 quasi
790 3051 881 3108 tutor
895 3045 988 3111 Dom.
1004 3047 1105 3134 Regis
1119 3057 1153 3112 et
1169 3056 1278 3113 custos
1298 3048 1390 3137 regni
1407 3054 1472 3135 post

375 3150 463 3212 mort
465 3170 515 3211 em
536 3147 638 3232 ipsius
660 3146 792 3224 Thome,
812 3148 1050 3214 consideratum
1072 3159 1122 3216 est
1145 3152 1232 3237 quod
1255 3153 1377 3219 donum
1399 3151 1472 3218 illud

380 3251 506 3315 nullum
522 3249 593 3326 suit,
607 3271 666 3314 nec
682 3259 771 3314 carta
784 3251 904 3328 ualeat,
919 3261 954 3316 et
970 3253 1063 3318 Dom.
1079 3254 1164 3342 Regi
1183 3266 1353 3322 remaneat
1366 3256 1472 3321 seisina
1542 3264 1543 3275 ¹

380 3364 414 3419 et
428 3353 564 3418 Abbas
555 3376 590 3417 ιιι
605 3353 830 3431 misericordia,
841 3363 876 3418 et
887 3356 1078 3421 mandatum
1093 3366 1143 3423 est
1158 3359 1307 3446 episcopo
1323 3357 1469 3425 Lincolni-
1542 3414 1543 3439 i

381 3459 449 3524 ensi
464 3457 549 3544 quod
564 3457 718 3522 admittat
735 3458 887 3523 clericum
902 3459 995 3525 Dom.
1012 3459 1111 3548 Regis
1126 3471 1185 3528 eto

335 3615 340 3628 .
445 3561 497 3626 ⁴G.
513 3561 735 3625 ⁶Merescallus
750 3561 966 3627 summonitus
986 3564 1050 3628 fuit
1064 3564 1107 3629 ad
1124 3565 1468 3632 warentizandum⁸Jo=
1542 3602 1543 3635 2

316 3695 321 3706 ·
381 3664 480 3729 hanni
502 3663 689 3728 Marescallo
709 3665 890 3729 manerium
910 3666 950 3730 de
965 3667 1136 3733 Folesham
1151 3693 1226 3734 cum
1240 3681 1321 3757 pert.
1337 3671 1369 3735 in
1383 3668 1468 3734 comi·

381 3779 454 3834 tatu
476 3765 643 3832 Norfolkie
666 3775 700 3831 et
720 3769 900 3833 manerium
921 3770 961 3835 de
983 3771 1131 3836 Nortona
1149 3795 1224 3838 cum
1238 3783 1320 3860 pert.
1335 3775 1368 3838 in
1382 3771 1466 3838 comi·
1542 3758 1543 3771 ¹

383 3881 453 3936 tatu
480 3870 741 3956 Nortbamptone
766 3894 829 3957 que
853 3872 946 3938 Dom.
970 3875 1040 3938 Rex
1064 3875 1184 3940 clamat
1206 3899 1321 3941 uersus
1343 3875 1467 3940 eundem

380 3977 403 4041 J
405 3975 563 4040 ohannem
590 3982 628 4038 ut
653 3975 836 4040 eschaetam
862 4001 954 4042 suam
980 3979 1020 4043 de
1046 3978 1140 4043 terris
1169 3979 1419 4055 Flandrensium
1438 3985 1467 4040 et
1542 3998 1543 4075 ᾗ

415 4143 513 4193 ιιι).
530 4143 601 4193 1215.
957 4149 1042 4210 brou,
1067 4149 1140 4202 tuno
1167 4165 1215 4201 son
1243 4152 1273 4201 οι
1300 4151 1411 4201 uuum
1428 4148 1465 4198 aa

415 4209 426 4240 ²
444 4211 570 4258 otbertum
580 4209 683 4268 erased3
701 4213 747 4260 not
759 4211 786 4260 in
798 4212 829 4262 A
956 4214 1025 4276 Rege
1025 4219 1064 4265 nt.

415 4272 548 4322 ³Guulo’s
536 4273 671 4336 legatron
683 4277 783 4325 ended
775 4292 804 4326 ιιι
817 4279 888 4329 lala
988 4279 1055 4329 ‘An
1072 4280 1206 4330 omission.
1240 4283 1282 4332 He
1296 4275 1465 4332 issummoced
1542 4300 1543 4315 ι

416 4340 472 4386 ⁴A.
485 4340 558 4389 m.3.
957 4349 1018 4392 tow
996 4346 1465 4407 memormemonorofwantnaeto

416 4403 542 4453 ³(tilbert
559 4403 690 4462 Marthalt
708 4405 769 4455 Earl
787 4407 816 4456 of
833 4407 904 4458 Pem·
951 4411 1023 4458 1·qu
1033 4411 1092 4461 Fitz
1105 4411 1216 4473 warine,
1231 4414 1261 4464 Δ.
