3167 5075
219 564 312 629 1325.

226 664 301 705 Gloria

352 364 417 429 318
584 374 820 437 arcessamus,
842 373 908 425 nn.
930 357 1024 438 1217,
1046 374 1110 427 aa
1134 362 1226 425 1-2.

415 549 583 616 Johannes
604 548 645 615 de
668 548 781 613 Monte
803 546 913 613 Acuto
927 568 986 633 per
1000 555 1203 613 attomatum
1222 569 1316 613 sunm
1335 547 1439 633 optulit

350 677 385 721 se
400 662 515 742 quarto
530 653 583 719 die
599 676 713 719 uersus
728 651 930 717 Willelmum
945 650 986 715 de
1007 651 1327 738 Schauelingewrthe
1345 650 1398 738 qui
1413 673 1441 716 se

230 799 232 803 ·
349 759 437 846 gerit
451 780 620 845 personam
636 757 670 821 in
686 755 855 821 ecclesiam
869 754 911 819 de
926 754 1136 842 Langebergo
1150 763 1185 819 et
1200 776 1312 820 uersus
1334 754 1442 839 Philip

349 885 430 951 pum
444 862 485 927 de
501 860 711 947 Langebergo
726 858 832 944 quise
847 857 933 945 gerit
954 857 1112 923 uicarium
1134 857 1169 922 in
1190 857 1305 923 eadem
1326 858 1446 923 ecclesia

349 969 390 1034 de
404 968 525 1056 placito
540 989 605 1053 quo
619 964 776 1030 aduocato
791 986 826 1028 se
841 971 977 1028 teneant
990 962 1026 1027 in
1041 963 1155 1029 eadem
1169 963 1304 1028 ecclesia
1316 974 1375 1029 etc
1408 964 1446 1027 Et

348 1072 412 1160 ipsi
434 1094 499 1138 non
520 1077 683 1137 uenerunt
706 1076 765 1134 etc.
812 1067 856 1131 Et
877 1074 1069 1153 preceptum
1090 1067 1155 1131 fuit
1172 1066 1356 1133 niceeomiti
1369 1066 1445 1154 quod

348 1175 543 1243 attachisret
558 1196 613 1239 eos
627 1182 696 1251 etc,
713 1181 747 1237 et
762 1171 942 1237 uicecomes
955 1171 1127 1237 mandauit
1142 1172 1228 1258 quod
1241 1194 1308 1238 non
1327 1174 1446 1237 fuerunt

348 1280 477 1345 inuenti
499 1287 569 1355 etc,
592 1286 627 1343 et
647 1278 721 1343 ideo
744 1276 923 1342 uieecomes
945 1276 1031 1341 sicut
1050 1276 1130 1342 alias
1144 1277 1176 1342 ei
1189 1286 1378 1363 preceptum
1391 1276 1447 1341 fuit

348 1380 523 1448 attachiat¹
546 1404 599 1446 eos
621 1380 708 1467 quod
730 1379 798 1445 sint
820 1403 842 1445 a
870 1379 931 1444 tali
960 1378 1013 1443 die
1043 1387 1113 1457 eta,
1142 1387 1178 1446 et
1206 1379 1384 1446 uicecomes
1408 1379 1446 1443 sit

348 1484 521 1553 auditurus
536 1494 595 1552 etc.
1525 1513 1526 1524 ¹

413 1588 587 1654 ²Ricardus
608 1586 715 1653 Foliot
737 1586 937 1652 attachiatus
966 1586 1031 1651 fuit
1060 1586 1103 1652 sd
1131 1587 1367 1654 ostendendum
1389 1610 1446 1675 qua
1525 1591 1526 1650 ζ

261 1717 295 1749 0²
349 1692 475 1761 racione
484 1691 553 1778 ipse
563 1690 741 1756 disseisiuit
750 1689 951 1755 Willelmum
964 1690 1099 1755 Seluein
1108 1691 1150 1756 de
1161 1692 1263 1757 libero
1271 1700 1445 1759 tenemento
1525 1675 1526 1710 i

348 1791 998 1879 suoinRadewella⁸undemagnaassisa
1006 1791 1445 1879 aliquandosummonitafuit

349 1906 383 1964 et
405 1905 501 1984 capta
522 1896 557 1960 in
579 1894 669 1960 curia
691 1894 784 1959 Dom.
808 1893 909 1980 Regis
928 1893 970 1971 J„
992 1893 1090 1959 etde
1112 1916 1178 1980 qua
1198 1904 1287 1962 terra
1303 1898 1445 1961 remansit

348 2001 467 2067 seisina
487 1998 594 2065 eidem
616 1998 781 2063 Willelmo
804 2020 863 2083 per
884 1997 1174 2064 consideracionem
1199 1999 1289 2065 curie
1314 2000 1444 2086 predicte

349 2114 410 2170 etc.
454 2103 499 2168 Et
531 2100 690 2167 Ricardus
725 2112 902 2166 nocanerat
937 2100 980 2166 sd
1016 2109 1196 2167 warantum
1232 2104 1443 2169 uicecomitem

349 2207 474 2275 Oxonie
490 2205 576 2292 quod
590 2227 650 2292 per
668 2205 768 2271 breue
790 2204 884 2271 Dona
905 2204 1006 2292 Regis
1025 2206 1057 2272 J.
1077 2206 1195 2273 habuit
1213 2207 1284 2294 ipse
1307 2209 1443 2274 saisinam

348 2321 434 2381 terre
463 2311 551 2376 illius
579 2310 628 2375 ita
657 2308 744 2395 quod
773 2308 891 2373 habuit
919 2307 1007 2373 diem
1035 2308 1072 2374 in
1099 2310 1202 2377 banco
1230 2311 1273 2377 de
1310 2312 1443 2377 habendo

349 2424 491 2483 waranto
520 2438 587 2493 suo,
617 2422 653 2479 et
680 2421 872 2500 preceptum
901 2413 966 2478 fuit
994 2413 1180 2480 uieecomiti
1208 2416 1295 2502 quod
1323 2417 1443 2482 haberet

350 2518 449 2588 breue
471 2542 530 2606 per
551 2517 638 2605 quod
659 2516 737 2584 fecit
759 2516 865 2582 eidem
888 2516 1027 2584 Ricardo
1048 2518 1200 2584 seisinam
1214 2519 1313 2587 illam.
1356 2517 1441 2586 Etad

350 2623 438 2690 diem
452 2623 567 2690 datum
581 2624 671 2689 misit
686 2623 864 2688 uicecomes
883 2623 983 2688 breue
1004 2621 1088 2688 illud
1108 2623 1144 2688 in
1166 2647 1230 2711 quo
1250 2625 1443 2692 continentur

349 2727 411 2794 hec
439 2727 548 2804 uerba,
573 2727 604 2793 J.
627 2727 681 2792 dei
706 2727 815 2814 gracia
836 2734 897 2793 etc.
918 2726 980 2792 uic
1010 2727 1111 2794 Oxon.
1138 2728 1234 2796 salut.
1259 2729 1441 2816 Precipimm

350 2832 437 2919 quod
451 2831 520 2896 sine
535 2830 693 2897 dilacione
707 2831 888 2918 plenariam
901 2831 1053 2897 saisinam
1068 2832 1189 2898 habere
1202 2834 1301 2900 facias
1320 2832 1440 2899 Ricardo
1524 2828 1525 2881 ἶ

351 2935 459 3004 Foliot
473 2936 514 3001 de
529 2945 616 3000 terra
629 2935 670 3002 de
687 2936 887 3003 Ohadewilla
907 2959 983 3002 cum
1004 2947 1085 3024 pert.
1108 2961 1208 3023 quam
1228 2939 1440 3005 dismcionauit

351 3048 391 3104 ut
420 3038 501 3110 dicit
529 3059 588 3124 per
616 3061 768 3126 magnam
788 3037 793 3125 Ι
813 3039 947 3104 assisam
975 3039 1124 3105 incuria
1145 3049 1257 3106 nostra
1278 3051 1337 3108 etc
1357 3042 1439 3106 Teste

352 3150 413 3208 etc.
434 3140 532 3207 Unde
554 3141 642 3206 idem
664 3142 822 3208 Ricardus
844 3141 925 3208 dicit
947 3143 1034 3229 quod
1054 3144 1208 3210 seisinnm
1229 3145 1320 3210 illam
1340 3145 1439 3210 habuit
1524 3136 1525 3139 ¹

351 3245 421 3331 ipss
450 3265 510 3330 per
537 3244 598 3310 hoc
626 3245 726 3311 breue
755 3245 850 3312 Dom.
880 3246 982 3333 Regis
1010 3256 1046 3312 et
1076 3248 1160 3314 bene
1196 3249 1342 3316 defendit
1367 3246 1439 3336 quod

351 3369 519 3434 nunquam
547 3346 724 3413 dissaisiuit
753 3371 839 3427 eum,
864 3357 900 3414 et
929 3348 1056 3415 desicut
1084 3351 1273 3417 continetur
1299 3353 1334 3418 in
1360 3350 1437 3418 breui
1524 3396 1525 3413 .

351 3453 438 3538 quod
470 3452 540 3538 ipse
577 3451 753 3518 disseisiuit
786 3474 862 3518 eum
896 3460 956 3518 etc
990 3463 1026 3518 et
1058 3477 1123 3519 non
1159 3455 1336 3522 disseisinit
1368 3477 1437 3528 eum.
1524 3442 1526 3535 ζ

351 3557 451 3622 immo
481 3555 597 3621 habuit
626 3556 778 3624 seisinnm
802 3579 861 3643 per
889 3558 983 3622 Dom.
1008 3558 1134 3645 Regem
1162 3559 1248 3626 sieut
1276 3561 1438 3648 predictum

351 3666 411 3738 est,
435 3657 568 3725 uidetur
593 3659 624 3723 ei
646 3659 733 3745 quod
754 3681 820 3723 non
849 3658 948 3726 debet
976 3661 1019 3725 ad
1048 3661 1110 3726 hoc
1138 3662 1239 3728 breue
1267 3664 1438 3750 respondere

352 3770 414 3828 etc.

417 3867 461 3932 Et
481 3865 664 3932 Willelmus
683 3865 763 3931 dicit
783 3867 870 3952 quod
893 3867 962 3954 ipse
987 3869 1051 3935 suit
1074 3870 1204 3936 seisitns
1227 3871 1270 3938 de
1292 3881 1374 3937 terra
1391 3868 1437 3934 ills

350 3979 428 4038 ants
449 3993 600 4058 guerram
622 3973 712 4036 etin
734 3971 832 4038 inicio
857 3995 973 4060 guerre
1002 3977 1038 4039 e‘t
1066 3976 1150 4041 bene
1179 3977 1340 4064 cognoscit
1358 3953 1436 4062 ‘quod

351 4095 471 4160 magna
484 4073 583 4139 assisa
597 4074 682 4139 sieut
696 4074 880 4161 predictum
894 4085 945 4141 est
959 4078 1160 4144 summonita
1172 4079 1237 4144 fuit
1254 4089 1290 4146 et
1307 4089 1395 4167 capta
1409 4076 1436 4139 in

352 4177 498 4265 predicta
522 4177 612 4244 curia
632 4177 673 4244 ds
699 4178 814 4245 eadem
840 4180 952 4262 terra‘,
977 4181 1027 4248 ita
1051 4182 1139 4269 quod
1162 4181 1257 4249 Dom.
1284 4183 1352 4249 Rex
1373 4177 1436 4246 fecit

385 4333 395 4366 ¹
412 4332 484 4382 Oorr.
495 4335 625 4384 attactiet.
962 4334 973 4367 ⁸
991 4337 1158 4394 thdewitlo,
1168 4335 1258 4387 below.

385 4399 396 4431 ²
412 4397 479 4448 Writ
490 4397 518 4448 in
528 4399 589 4448 not.
600 4399 638 4448 cl.
650 4399 700 4450 vol.
716 4399 738 4458 1,
751 4415 775 4464 p.
790 4401 839 4452 319
850 4399 874 4453 b.
961 4401 973 4433 ⁴
989 4401 1081 4452 Placit.
1092 4401 1200 4454 Abbrer.
1214 4405 1254 4455 49.
