3167 5075
319 410 435 459 cosan
458 410 556 469 anon,
580 411 642 459 nn.
668 396 910 470 1238-9‚n.o.
935 399 983 460 23.
1139 400 1201 462 259

54 576 80 640 13-
136 602 139 607 ’
168 584 273 649 Assisa
287 584 380 649 uenit
394 583 600 670 recognitum
614 582 641 647 si
656 583 841 648 Willelmus
854 582 896 649 de
911 584 1074 649 Warenna
1086 584 1202 650 Comes
1236 595 1347 636 ww·

111 686 226 752 Surreie
241 686 347 751 etalii
361 686 481 751 iniuste
497 692 532 749 et
546 685 615 749 sine
630 686 750 750 iudicio
761 686 1007 751 disseisiuerunt
1018 686 1201 752 Johannern

109 790 201 854 filium
215 790 373 855 Willelmi
388 790 428 855 de
444 789 545 854 libero
566 797 755 854 tenemento
775 812 834 854 suo
854 790 890 855 in
912 790 1109 876 Edinetorpe
1127 800 1202 876 post

109 894 233 979 primam
253 904 324 972 etc,
344 903 378 960 et
398 893 485 958 unde
506 894 655 980 queritur
676 893 761 980 quod
782 894 964 962 disseisitus
983 903 1034 959 est
1052 894 1093 960 de
1112 894 1201 980 xxiij.

108 996 178 1060 acris
205 1006 238 1061 st
267 998 308 1061 de
338 1018 402 1061 uno
433 995 599 1082 mesuagio
629 1004 689 1062 etc.
736 996 780 1060 Et
810 1018 870 1061 nec
900 996 1017 1061 Comes
1048 1019 1109 1061 nec
1144 997 1202 1061 alii

108 1101 233 1165 ueniunt
248 1111 284 1165 et
299 1100 371 1165 ideo
386 1101 420 1165 in
436 1100 660 1166 misericordia.

164 1206 219 1271 Set
234 1206 420 1271 Willelmus
435 1206 475 1271 de
492 1205 622 1269 Mortuo
638 1205 723 1269 Mari
737 1206 932 1271 senescallus
950 1206 1088 1272 Comitis
1107 1207 1201 1271 uenit
1244 1274 1247 1280 ,

106 1317 135 1371 et
148 1308 223 1374 dicit
238 1309 327 1395 quod
342 1309 506 1395 predictus
521 1309 544 1374 J
545 1308 688 1373 ohannes
703 1330 871 1395 nunquam
886 1309 1005 1390 111111
1024 1309 1143 1375 neieina
1159 1310 1202 1375 de

107 1422 182 1477 terra
194 1414 250 1478 illa
265 1421 301 1478 et
316 1414 481 1499 mesuagio
496 1421 531 1477 et
545 1412 621 1477 inde
637 1414 729 1499 ponit
744 1436 779 1479 se
795 1436 892 1499 super
905 1414 1054 1479 iuratam.

162 1518 202 1581 Et
224 1517 393 1582 Johannes
415 1517 496 1582 dicit
520 1517 606 1603 quod
630 1518 694 1582 fuit
717 1517 793 1583 inde
818 1518 853 1584 in
877 1518 995 1583 seisina
1017 1540 1076 1603 per
1098 1540 1201 1583 unum

104 1640 213 1685 annum
228 1621 279 1685 ita
294 1620 380 1706 quod
395 1619 511 1684 habuit
526 1620 623 1684 blada
638 1619 678 1684 de
694 1630 877 1706 autumpno
892 1621 1048 1706 preterito
1063 1629 1097 1685 et
1115 1622 1201 1707 quod

104 1724 256 1807 predictus
273 1724 458 1790 Willelmus
472 1724 525 1789 del
538 1726 626 1789 Aera
640 1724 818 1790 disseisiuit
833 1748 909 1789 eum
929 1749 988 1812 per
1007 1735 1201 1812 preceptum

105 1827 236 1894 Comitis⁴
286 1829 330 1893 Et
352 1829 499 1915 quesitus
519 1829 547 1894 si
566 1829 711 1894 uenisset
725 1829 767 1894 ad
783 1829 947 1896 Comitem
963 1839 1002 1894 ut
1017 1831 1078 1896 hoc
1092 1854 1200 1895 emen-

105 1932 209 2011 dasset,
229 1932 313 1999 dicit
333 1932 419 2019 quod
439 1932 493 2008 sic,
513 1941 547 1998 et
568 1932 654 2019 quod
678 1933 795 1999 Comes
814 1934 921 1999 noluit
945 1934 1006 2000 hoc
1029 1934 1200 1999 emendare

102 2046 145 2100 set
159 2038 238 2103 bene
254 2038 437 2103 aduocauit
444 2037 645 2102 disseisinam
658 2046 692 2101 et
704 2037 780 2102 inde
792 2038 886 2124 ponit
896 2061 930 2103 se
942 2061 1040 2123 super
1050 2038 1200 2103 iuratam.

157 2142 327 2207 Juratores
361 2141 475 2207 dicunt
509 2141 596 2228 quod
632 2141 764 2227 quidam
800 2142 985 2208 Willelmus
1022 2142 1131 2207 Brond
1165 2150 1201 2206 et

102 2244 225 2311 Mahilia
247 2268 332 2311 uxor
353 2246 423 2310 eius
445 2246 631 2312 habuerunt
654 2236 818 2334 quandam
841 2247 942 2312 filiam
965 2256 1000 2311 et
1026 2246 1201 2311 uoluerunt

102 2369 163 2412 eom
182 2352 338 2416 maritare
359 2350 504 2437 predicto
524 2350 668 2416 Johanni
687 2358 721 2415 et
736 2350 785 2415 ita
799 2350 960 2416 dederunt
975 2360 1095 2415 terram
1110 2350 1200 2414 illam

101 2460 130 2513 et
153 2455 357 2542 mesuagium
387 2454 449 2540 ipsi
479 2453 623 2520 Johanni
652 2476 727 2518 cum
757 2453 827 2517 filia
855 2452 1007 2538 ipsorum,
1037 2452 1085 2517 ita
1113 2453 1201 2540 quod

101 2567 269 2638 posuerunt
289 2579 366 2622 eum
386 2558 420 2621 in
441 2557 592 2622 seisinam
613 2565 647 2621 et
667 2579 726 2644 per
746 2556 792 2621 sic
812 2556 899 2642 quod
923 2556 1009 2620 idem
1033 2556 1200 2621 Johannes

101 2659 252 2728 inueniret
281 2663 328 2727 eis
354 2662 551 2727 neccessarie
576 2661 683 2748 quoad
708 2662 860 2726 uiuerent
890 2669 925 2726 et
954 2661 1129 2725 exiuerunt
1158 2661 1199 2725 de

100 2767 254 2853 mesuagio
279 2765 337 2830 illo
360 2774 395 2829 et
418 2765 585 2831 Johannes
610 2765 717 2830 tenuit
741 2787 774 2830 se
799 2764 834 2828 in
859 2765 1025 2851 mesuagio
1045 2764 1101 2829 illo
1116 2765 1199 2829 etin

100 2869 206 2935 seisina
230 2871 292 2934 illa
318 2871 381 2934 fuit
407 2893 467 2956 per
489 2892 588 2935 unam
612 2877 741 2934 noctem
765 2877 800 2934 et
824 2891 927 2933 unum
952 2868 1038 2934 diem
1063 2879 1098 2933 et
1121 2869 1199 2934 fecit

100 2984 208 3038 terram
237 2975 331 3038 illam
361 2974 505 3040 excolere
525 2973 529 3060 l
549 2974 735 3060 sumptibus
767 2975 841 3038 suis.
888 2975 931 3038 Et
968 2973 1109 3039 secundo
1145 2973 1197 3038 die
1246 2987 1289 3037 1¹⁸⁷
1298 2987 1326 3036 nl

100 3085 252 3141 uenerunt
267 3076 407 3162 predicti
421 3077 606 3141 Willelmus
621 3084 656 3141 et
670 3075 806 3141 Mabilia
820 3085 855 3141 et
874 3077 1041 3162 petierunt
1061 3075 1198 3161 hospici-

100 3199 148 3241 um
162 3179 323 3244 earitaue²
337 3187 372 3244 et
383 3179 561 3244 secundum
574 3179 824 3244 conuencionem
836 3179 922 3266 quod
933 3180 1020 3268 itlem
1031 3178 1055 3245 J
1055 3179 1198 3245 ohannes

100 3281 140 3344 eis
162 3283 327 3348 inueniret
352 3284 557 3348 neccessarie.
602 3285 754 3348 Processu
777 3283 932 3368 temporis
954 3283 1041 3369 cepit
1063 3282 1199 3347 mabilia
1209 3294 1338 3380 affigo

99 3395 235 3471 egrotare
252 3396 287 3452 et
303 3387 432 3473 quando
447 3387 511 3452 fuit
526 3395 675 3474 egrotata
689 3388 858 3452 transtulit
873 3410 907 3452 se
923 3395 1016 3451 extra
1029 3396 1148 3452 terram
1163 3395 1197 3450 et
1209 3388 1360 3490 &ff

99 3499 181 3554 extra
195 3499 317 3556 terram
335 3491 425 3555 obiit.
471 3489 516 3555 Et
530 3491 694 3577 predictus
708 3491 892 3556 Willelmus
907 3491 1057 3556 similiter
1067 3490 1198 3555 recessit
1209 3481 1345 3573 ffi‘flfitm

98 3603 216 3659 atem
233 3594 294 3658 11
315 3591 444 3680 quando
466 3592 537 3678 spu
552 3593 686 3658 1111
700 3593 864 3680 egrotante
879 3602 913 3658 et
928 3592 1121 3678 perquisito
1135 3592 1198 3657 11
1209 3578 1354 3660 1111

98 3697 176 3764 alibi
221 3701 266 3765 Et
281 3707 413 3763 mortua
427 3697 574 3784 predicta
587 3698 723 3764 Mabilia
742 3707 905 3792 uenerunt
924 3699 994 3784 ipse
1015 3697 1198 3764 Willelmus
1209 3667 1340 3708 dmm

97 3801 133 3865 de
153 3803 239 3867 Aera
261 3810 296 3867 et
318 3801 375 3866 alii
398 3801 521 3866 scilicet
541 3823 652 3866 omnes
666 3800 884 3886 prenominati
898 3809 933 3865 et
948 3800 1112 3865 eiecerunt
1127 3824 1198 3887 pre-

98 3902 215 3969 dictum
239 3905 426 3970 Johannem
452 3912 487 3968 et
509 3903 607 3968 blada
630 3903 665 3968 in
691 3913 778 3968 terra
801 3904 859 3968 illa
877 3904 1037 3968 seminata
1056 3912 1199 3989 asporta-

98 4017 210 4072 uerunt
237 4007 280 4072 ad
302 4006 454 4072 horreum
476 4005 621 4072 Comitis.
666 4007 711 4071 Et
732 4005 852 4092 quesiti
872 4006 900 4070 si
923 4006 1010 4071 idem
1033 4006 1200 4072 Johannes

99 4111 184 4175 uenit
203 4111 247 4176 ad
268 4111 431 4178 Comitem
452 4119 491 4175 ut
512 4111 572 4176 hoc
593 4109 806 4188 emendaret‘‚
827 4109 941 4175 dicunt
961 4110 1048 4196 quod
1070 4111 1126 4190 sic,
1148 4122 1200 4176 set

127 4237 135 4268 ¹
152 4238 286 4289 Tonstead
296 4237 435 4298 Hnndrcd‚
446 4239 563 4291 Norlolk.
673 4239 827 4290 constitutos
849 4254 866 4289 a
887 4242 944 4289 true
965 4240 1077 4290 transfer
1095 4241 1122 4291 ot
1140 4255 1199 4304 pos·

127 4304 137 4334 ¹
153 4305 224 4354 Gorr.
236 4307 383 4356 caritative.
672 4305 781 4356 session.

126 4369 286 4420 311111.
299 4369 367 4420 411.
401 4369 456 4419 The
467 4369 587 4420 collector
598 4370 621 4418 is
704 4370 875 4422 *Β1.1.172.

99 4449 129 4481 on
144 4433 187 4486 the
202 4435 310 4486 outloolr
326 4435 454 4486 forenses
470 4451 499 4486 as
515 4437 541 4487 to
552 4434 621 4486 what

1006 4535 1111 4603 17-2
