3167 5075
366 351 431 414 508
596 362 830 424 mennatum,
852 363 916 413 an.
943 350 1036 426 1223,
1058 365 1120 412 aa.
1144 349 1240 416 7-8.

365 540 471 603 multa
499 539 564 602 alia
592 536 735 623 dampna
760 538 792 602 ei
817 537 895 602 feeit
921 546 1033 602 contra
1058 546 1181 602 cartam
1207 537 1297 602 illam
1323 559 1383 624 per
1412 559 1472 624 que

364 643 579 707 deterioratur]
593 649 693 706 estet
708 641 887 727 dampnum
903 641 1003 706 habet
1023 649 1082 706 etc.
1129 641 1174 704 Et
1192 641 1361 706 «Iohannes
1382 641 1473 706 uenit

365 756 400 812 et
415 747 562 812 defendit
576 754 698 810 cartam
714 755 749 810 et
763 745 907 832 sigillum
923 753 958 810 et
973 753 1080 810 totum
1096 755 1156 812 etc.
1172 754 1208 810 ct
1228 745 1314 832 quod
1335 746 1476 810 Thomas

364 860 459 937 pater
486 873 565 916 suus
594 873 762 937 nunquam
790 849 882 915 illam
912 850 998 926 fecit,
1025 859 1059 914 et
1088 849 1164 914 inde
1194 850 1288 935 ponit
1313 873 1349 916 se
1378 873 1477 936 super

350 939 505 1020 'iuratam
521 963 556 1020 et
570 977 667 1040 super
682 964 783 1020 testes
798 965 858 1020 etc.
899 955 942 1019 Et
957 954 1119 1020 Henricus
1134 955 1227 1019 uenit
1242 965 1277 1020 ct
1291 955 1373 1020 dicit
1388 955 1477 1040 quod

365 1066 499 1144 paratus
527 1065 577 1122 est
606 1057 697 1122 illam
726 1059 862 1143 probare
892 1058 977 1123 sicut
1006 1057 1097 1122 curia
1129 1057 1382 1123 considerauerit
1421 1081 1479 1144 per

366 1162 573 1227 collacionem
602 1161 782 1248 sigillorum
809 1171 844 1227 et
873 1161 937 1226 alio
963 1162 1058 1226 modo
1087 1161 1172 1226 sicut
1202 1162 1291 1225 curia
1315 1161 1479 1226 consider-

365 1267 480 1344 auerit,
491 1276 525 1331 et
534 1267 615 1331 dicit
626 1265 712 1352 quod
724 1263 937 1330 Eadmundus
951 1266 992 1329 de
1008 1264 1222 1350 Northburgo
1237 1265 1337 1328 habet
1353 1273 1478 1329 cartam

366 1369 407 1434 dc
431 1370 543 1435 eodem
568 1369 674 1456 sigillo
697 1377 733 1434 et
756 1369 865 1454 plures
890 1368 986 1434 tales¹
1010 1377 1070 1434 etc.
1117 1369 1160 1433 Et
1184 1369 1257 1433 ideo
1281 1368 1346 1454 ipsi
1365 1391 1479 1432 omnes

365 1483 632 1539 summoueantur
646 1475 732 1560 quod
752 1475 820 1538 sint
840 1483 899 1538 etc.
916 1482 950 1538 et
970 1474 1113 1538 habeant
1132 1496 1243 1538 omnes
1267 1487 1372 1539 cartas
1397 1495 1479 1560 quas

366 1577 488 1642 habent
502 1578 564 1642 sub
579 1578 709 1641 nomine
725 1576 863 1661 predicti
878 1575 1009 1644 Thome.
1038 1576 1093 1641 Ad
1105 1598 1201 1662 quem
1214 1576 1300 1641 diem
1313 1588 1478 1642 uenerunt

366 1703 477 1745 omnes
500 1688 536 1744 et
558 1681 726 1765 proferunt
749 1689 854 1746 cartas
875 1689 934 1745 etc.
954 1688 988 1745 ct
1008 1680 1118 1746 omnia
1136 1680 1244 1767 sigilla
1264 1681 1478 1746 concordant¹

366 1792 426 1848 etc.
443 1791 476 1847 et
491 1783 564 1847 ideo
579 1785 649 1848 sine
663 1783 717 1847 die
733 1793 792 1848 etc.

432 1886 554 1973 'Reges
569 1886 655 1951 filius
671 1885 812 1951 Simonis
832 1886 1049 1951 summonitus
1070 1886 1133 1951 fuit
1153 1886 1195 1951 ad
1217 1887 1478 1972 respondendum

320 2009 326 2022 ·
368 1989 461 2053 Dcm.
488 1988 572 2075 Regi
599 2010 698 2074 quare
724 1987 880 2052 deforciat
906 1988 938 2053 ei
964 1989 1147 2054 custodiam
1175 1989 1328 2054 Geruasii
1355 1990 1420 2053 filii
1449 2009 1479 2052 et

368 2091 495 2157 heredis
519 2090 654 2155 Roberti
673 2089 714 2154 dc
735 2090 886 2176 Tintagel
907 2091 1000 2156 cuius
1020 2090 1167 2156 custodia
1182 2091 1225 2156 ad
1239 2092 1347 2178 ipsum
1361 2101 1427 2156 etc.
1444 2115 1478 2157 eo

369 2193 455 2280 quod
469 2193 556 2257 idem
571 2193 733 2258 Robertus
747 2193 857 2257 tenuit
872 2192 913 2256 de
929 2193 1022 2257 Dom.
1038 2192 1135 2280 Rege.
1157 2192 1162 2279 Ι

434 2298 478 2363 Et
502 2297 610 2384 Reges
632 2296 726 2360 uenit
749 2303 785 2361 et
805 2296 886 2361 dicit
905 2295 992 2383 quod
1011 2296 1158 2362 defendit
1178 2297 1249 2361 uim
1264 2310 1299 2362 et
1314 2297 1478 2372 iniuriam,

368 2413 418 2467 set
433 2401 513 2466 dicit
528 2400 614 2488 quod
628 2400 835 2465 Baldcwinus
854 2400 941 2466 filius
961 2400 1110 2466 Gauiridi
1129 2401 1183 2466 cui
1205 2403 1368 2467 Henricus
1394 2403 1478 2466 filius

370 2506 509 2574 Comitis
537 2505 629 2571 dedit
651 2503 832 2570 custodiam
857 2504 946 2569 illius
972 2503 1107 2582 heredis
1132 2504 1271 2572 eandem
1296 2507 1478 2573 custodiam

371 2611 462 2676 dedit
477 2611 582 2675 eidem
598 2611 713 2696 Roges,
723 2620 758 2674 et
773 2609 948 2675 conuencio
963 2610 1049 2674 sacta
1064 2609 1127 2673 fuit
1142 2609 1229 2674 inter
1243 2612 1336 2675 Dom.
1353 2612 1478 2699 Regem

371 2725 405 2780 et
420 2714 602 2802 predictum
618 2714 813 2779 Hemicum⁴
828 2714 904 2779 talis
924 2713 1047 2779 scilicet
1068 2713 1154 2799 quod
1177 2715 1288 2779 omnia
1306 2714 1395 2780 dona
1418 2738 1480 2801 que

369 2820 457 2885 idem
468 2819 631 2884 Hearicus
642 2818 769 2883 dederit
783 2817 824 2881 de
839 2817 993 2883 custodiis
1008 2818 1061 2882 uel
1076 2818 1257 2904 maritagiis
1271 2830 1480 2884 remanerent

370 2925 557 2989 inconcussa
571 2930 606 2987 et
621 2923 721 2999 firma,
731 2930 765 2986 et
776 2922 853 2987 inde
865 2923 986 2988 factum
999 2923 1063 2987 suit
1075 2923 1236 3008 quoddam
1252 2924 1481 3011 cirographum

370 3029 457 3092 inter
484 3027 577 3091 Dum
609 3027 733 3112 Regem
763 3035 798 3090 et
827 3026 1009 3111 predictum
1040 3028 1228 3093 Henricum.
1284 3028 1329 3093 Et
1357 3030 1483 3115 profert

370 3139 492 3196 cartam
508 3129 652 3194 eiusdem
668 3128 804 3193 Henrici
820 3151 882 3214 que
898 3136 1041 3194 testatur
1060 3130 1146 3216 quod
1166 3140 1273 3195 ratam
1294 3140 1328 3197 et
1350 3142 1481 3217 gratam

369 3235 486 3299 habuit
500 3219 734 3298 concessionem
751 3244 785 3298 et
796 3234 1050 3321 assignacionem
1063 3242 1146 3299 terre
1159 3244 1193 3300 et
1205 3234 1332 3300 heredis
1344 3236 1484 3300 Roberti

369 3338 411 3403 de
437 3336 588 3423 Tintagel
611 3358 686 3401 cum
715 3336 887 3423 maritagio
917 3337 1074 3402 heredum
1103 3338 1184 3403 dicti
1213 3338 1356 3413 Roberti,
1380 3362 1483 3425 quam

370 3443 502 3529 quidem
526 3440 705 3507 custodiam
727 3440 821 3506 dedit
840 3451 875 3506 ct
894 3442 971 3507 fecit
992 3442 1178 3507 Baldewino
1198 3442 1266 3507 filio
1281 3444 1436 3509 Gauffidi
1450 3459 1484 3507 et

370 3549 457 3612 idem
487 3544 692 3610 Baldewinus
722 3545 800 3609 fecit
831 3554 865 3610 et
895 3546 1076 3632 cognoscit⁵
1105 3546 1213 3631 Rogas
1242 3546 1309 3611 filio
1338 3546 1485 3611 Simonis

370 3651 470 3716 militi
492 3672 559 3726 suo,
579 3658 614 3714 et
636 3649 697 3713 hac
720 3649 847 3714 racione
872 3649 971 3715 habet
991 3650 1060 3735 ipse
1085 3649 1266 3715 custodiam
1287 3649 1430 3727 heredis,
1451 3664 1484 3715 et

371 3756 454 3820 bene
467 3752 630 3838 cognoscit
645 3751 732 3837 quod
748 3752 912 3816 Robertus
928 3752 1038 3817 tenuit
1053 3752 1093 3817 de
1109 3754 1200 3840 Rege
1215 3764 1275 3819 etc

436 3860 480 3923 Et
495 3856 665 3942 Philippus
680 3856 720 3921 de
741 3856 828 3921 Pirie
850 3879 907 3942 pro
928 3856 1022 3923 Dom.
1043 3858 1133 3943 Rege
1153 3857 1234 3922 dicit
1257 3857 1340 3944 quod
1362 3880 1486 3925 reuera

403 4050 412 4083 ¹
431 4049 514 4099 Thrae
525 4047 621 4107 others,
635 4048 666 4096 A.
949 4046 1041 4096 claime
1062 4050 1090 4096 to
1110 4046 1154 4097 the
1176 4052 1274 4111 county
1290 4047 1317 4096 of
1334 4046 1484 4103 tamnu:

403 4115 486 4164 'The
501 4112 653 4176 productiou
672 4111 701 4159 oi
718 4110 763 4160 the
782 4110 899 4161 chartere
950 4110 1049 4173 though
1065 4113 1251 4171 unsucccssful,
1269 4112 1312 4162 the
1330 4112 1401 4175 king
1421 4134 1484 4177 goie

371 4182 395 4231 ia
411 4195 482 4230 more
502 4179 567 4241 fully
586 4176 716 4227 described
734 4177 764 4225 in
783 4177 813 4227 A.
851 4178 899 4227 Sea
949 4176 1005 4226 him
1023 4184 1110 4237 terma,
1124 4178 1248 4240 ratissing
1263 4178 1303 4245 his
1317 4188 1416 4239 panta
1431 4183 1483 4233 and

372 4250 414 4298 Br.
430 4247 448 4295 f.
461 4247 509 4295 398
521 4245 545 4293 b.
950 4242 995 4291 the
1005 4242 1065 4291 like.

404 4313 414 4341 ³
431 4312 461 4359 A.
473 4324 508 4360 m.
523 4311 554 4356 28
566 4308 590 4357 d.
982 4308 992 4338 ³
1009 4310 1135 4363 commit.
1148 4308 1178 4356 A.

404 4380 414 4410 ⁴
431 4376 522 4437 Henry
537 4374 594 4422 Fitz
611 4374 696 4423 count
713 4370 765 4421 had
784 4371 898 4421 asserted
