3167 5075
357 393 420 456 504
586 403 819 467 mcHAEtMAS,
843 405 906 454 an.
932 391 1023 467 1223,
1045 405 1109 454 sn
1133 389 1227 457 7-8.

353 579 416 644 sibi
446 580 675 664 desponsatum
704 577 827 642 scilicet
856 576 1038 663 predictum
1068 575 1281 640 Eustachium
1308 576 1344 639 in
1370 576 1460 640 cuins

353 690 515 768 potestate
530 681 595 746 fuit
604 681 623 746 ¹.
1545 755 1547 770 ι

418 785 462 849 Et
475 785 659 851 Willelmus
673 783 753 848 dicit
767 783 855 870 quod
869 783 940 870 ipsa
954 794 1004 848 est
1020 783 1142 847 uillsna
1157 792 1227 860 etc,
1240 793 1291 848 set
1305 805 1371 847 non
1385 784 1460 847 uult
1545 773 1547 848 l

352 888 413 954 hoc
438 890 581 975 probare,
606 896 641 953 et
666 887 740 953 ideo
765 886 1004 952 consideratum
1029 895 1079 950 est
1102 885 1189 972 quod
1212 886 1283 972 ipsa
1304 899 1460 974 sequatur

351 990 509 1075 placitum
529 991 565 1054 in
586 990 744 1055 comitatu
764 1012 830 1054 non
851 989 1016 1054 obstante*
1033 989 1099 1064 illo,
1120 998 1155 1053 et
1169 990 1289 1055 habeat
1303 991 1404 1056 breue
1418 991 1459 1056 ad
1545 993 1547 1072 ξ

353 1095 575 1161 uicecomitem
597 1094 682 1180 quod
703 1116 768 1158 non
787 1093 939 1158 obstante
959 1092 1024 1157 fine
1044 1092 1100 1158 illo
1122 1093 1276 1178 procedat
1290 1093 1325 1158 in
1340 1093 1459 1179 placito
1545 1075 1547 1164 l

352 1201 408 1265 illo
423 1209 483 1266 etc.
1545 1253 1547 1270 ,

418 1303 594 1370 'Radulfus
608 1304 638 1368 le
653 1304 795 1389 Moynne
813 1301 1030 1366 summonitus
1050 1301 1116 1368 fuit-t
1135 1301 1178 1366 od
1199 1301 1457 1388 respondendum
1545 1311 1547 1346 ³

258 1418 271 1446 ⁰
352 1409 476 1475 Abbati
489 1410 531 1473 de
547 1407 770 1494 Cyrencestria
785 1429 885 1492 quare
899 1407 968 1491 ipse
984 1406 1109 1470 leuauit
1120 1407 1226 1470 furcas
1237 1415 1272 1471 et
1283 1407 1457 1472 tumberel-

352 1512 420 1577 lum
444 1513 479 1577 in
505 1512 665 1598 Shiptona
687 1519 800 1576 contra
823 1510 991 1576 libertates
1015 1533 1095 1596 quas
1118 1510 1205 1575 idem
1226 1511 1338 1576 Abbes
1357 1511 1456 1577 babet
1545 1579 1547 1600 p

352 1640 410 1704 per
438 1626 543 1682 certus
572 1615 827 1681 antecessorum‘
857 1623 917 1679 etc.
947 1637 1022 1679 cum
1052 1615 1237 1680 omnimoda
1265 1615 1397 1680 iusticia
1427 1631 1455 1680 et
1545 1663 1547 1704 ἓ

351 1721 501 1786 omnibus
516 1720 731 1795 libertatibus,
747 1729 780 1784 et
796 1719 866 1804 ipse
887 1719 1047 1784 Radulfus
1068 1727 1180 1784 contra
1199 1719 1366 1784 libertates
1387 1720 1458 1785 illas
1545 1709 1547 1734 '

352 1825 477 1890 leuauit
492 1826 596 1890 furcas
611 1834 645 1888 et
661 1822 891 1887 tumberellurn
907 1829 942 1885 et
956 1821 991 1886 in
1005 1822 1096 1886 curis
1110 1844 1169 1886 sua
1179 1821 1319 1886 abscidit
1329 1823 1456 1887 cuidam
1545 1851 1547 1906 ς

351 1927 471 1992 femine
485 1949 597 1991 aurem
612 1948 705 1990 suam
720 1947 779 2010 pro
795 1924 971 2002 latrocinio,
987 1933 1022 1990 et
1036 1925 1112 1990 inde
1128 1925 1229 1990 habet
1243 1935 1363 1990 sectam
1381 1935 1441 1991 etc
1546 2007 1547 2010 Ἴ

416 2032 460 2096 Et
481 2031 641 2096 Radulfus
663 2030 757 2096 uenit
779 2038 814 2095 et
836 2030 915 2095 dicit
938 2030 1024 2116 quod
1046 2029 1132 2095 iuste
1153 2030 1279 2096 leuauit
1299 2031 1408 2096 finces
1427 2043 1457 2095 et

351 2135 581 2200 tumberellum
604 2143 639 2199 et
660 2134 743 2198 bene
766 2134 929 2220 cognoscit
949 2133 1036 2218 quod
1055 2133 1131 2198 fecit
1151 2133 1314 2198 iusticiam
1329 2133 1369 2200 de
1387 2157 1457 2220 pre
1546 2127 1547 2134 ἵ

350 2236 439 2301 dicta
457 2237 586 2313 femina,
606 2244 641 2300 et
660 2236 736 2300 inde
756 2237 877 2321 profert
900 2243 1021 2300 cartem
1040 2235 1082 2300 H.
1104 2235 1203 2322 Regis
1223 2259 1286 2321 que
1302 2239 1457 2302 testatur⁵

242 2323 251 2340 ⁶
351 2351 411 2406 etc.
426 2341 513 2406 unde
528 2341 615 2405 idem
631 2340 790 2405 Radulfus
806 2339 886 2405 dicit
902 2339 988 2425 quod
1002 2361 1061 2425 per
1074 2349 1195 2404 cartam
1215 2341 1304 2405 illem
1325 2343 1456 2407 fuerunt

351 2453 567 2509 antecessores
581 2445 633 2509 sui
648 2453 682 2508 et
697 2443 766 2530 ipsc
781 2465 909 2530 semper
923 2443 957 2507 in
973 2444 1091 2508 seisina
1105 2445 1145 2508 de
1166 2443 1319 2510 libertate
1337 2445 1406 2524 ills,
1424 2458 1457 2512 et

351 2550 411 2614 bac
426 2550 552 2614 racione
567 2549 740 2614 renouauit
754 2550 824 2635 ipss
839 2550 945 2613 furcas
959 2549 1039 2615 illas.
1545 2612 1546 2629 ξ

418 2654 461 2717 Et
475 2654 587 2718 Abbas
601 2653 681 2718 dicit
696 2654 782 2739 quod
797 2664 887 2719 certa
906 2654 963 2719 illa
983 2676 1047 2719 non
1067 2654 1165 2719 debet
1185 2656 1217 2721 ei
1236 2678 1358 2731 nocere,
1381 2657 1458 2743 quis

351 2756 437 2821 idem
468 2756 627 2821 Radulfus
653 2756 707 2821 uel
736 2765 954 2821 antecessores
982 2756 1034 2821 sui
1066 2778 1233 2842 nunquam
1271 2758 1458 2823 habuerunt

350 2859 500 2924 seisinam
525 2860 565 2925 de
588 2859 653 2924 illis
677 2860 883 2924 libertatibus
903 2881 960 2944 per
980 2867 1102 2923 cartem
1122 2860 1221 2935 illam,
1242 2862 1341 2925 immo
1361 2862 1457 2927 Dona

350 2964 421 3029 Rex
435 2964 592 3029 Ricardus
608 2974 719 3049 postea
733 2965 797 3028 fuit
812 2964 846 3027 in
862 2964 980 3029 seisina
994 2963 1035 3028 de
1052 2964 1201 3030 libertate
1222 2966 1280 3030 ills
1299 2967 1347 3031 ita
1370 2966 1456 3052 quod
1544 2988 1545 2991 ’

349 3078 494 3153 tempore
513 3091 572 3133 suo
591 3069 655 3132 fuit
675 3068 807 3154 quidam
829 3068 974 3152 Rogerus
996 3078 1111 3153 ceptus
1133 3069 1167 3133 in
1183 3070 1295 3134 eodem
1313 3072 1459 3136 manerio

349 3193 423 3234 cum
439 3169 620 3234 latrocinio⁶
635 3178 694 3233 etc.
711 3179 745 3233 et
760 3168 923 3233 iudicatus
939 3170 1003 3233 suit
1020 3170 1054 3235 in
1068 3170 1238 3236 hundredo
1253 3172 1396 3239 Abbatis
1412 3175 1458 3238 ita

348 3271 435 3355 quod
459 3269 569 3335 amisit
593 3291 715 3345 aurem,
740 3276 775 3333 et
801 3268 877 3333 inde
903 3268 996 3353 ponit
1027 3291 1061 3333 se
1090 3292 1188 3355 super
1217 3270 1367 3338 iuratam.
1415 3274 1459 3337 Et

349 3371 508 3436 deulfus
521 3369 679 3446 similiter,
695 3370 772 3455 quia
786 3370 866 3435 dicit
887 3370 974 3457 quod
998 3370 1173 3437 Gaulridus
1195 3373 1361 3459 predictus
1385 3396 1458 3460 pre-
1543 3454 1544 3459 ἵ

347 3476 492 3540 decessor
509 3498 588 3540 suus
608 3474 733 3539 leuauit
753 3475 800 3539 ibi
820 3473 977 3560 quasdem
997 3476 1103 3541 furcas
1124 3498 1188 3562 que
1206 3476 1314 3543 adbuc
1331 3490 1460 3543 stantes
1543 3504 1544 3509 ¹

345 3586 433 3643 sunt.

413 3684 456 3747 Et
471 3682 630 3757 Radulfus
645 3681 792 3766 quesitus
808 3680 937 3767 quando
952 3681 1077 3746 leuauit
1093 3682 1325 3747 tumberellum
1344 3692 1381 3747 et
1401 3706 1462 3770 per

346 3788 431 3875 quod
455 3796 641 3863 warantum,
667 3786 747 3851 dicit
770 3786 857 3871 quod
880 3785 921 3851 de
946 3808 1030 3851 nouo
1054 3797 1089 3852 et
1112 3810 1152 3852 ea
1177 3787 1339 3852 occasione
1367 3788 1460 3875 quod

345 3892 444 3957 habet
474 3890 703 3955 tumberellum
733 3889 768 3952 in
798 3890 937 3975 quodem
969 3891 1112 3955 manerio
1142 3914 1201 3955 suo
1231 3892 1266 3956 in
1295 3892 1459 3957 comitatu

377 4022 385 4052 ¹
402 4022 446 4070 Br.
458 4020 507 4069 436
519 4019 536 4070 l.
956 4018 967 4050 θ
984 4020 1067 4068 Grsnt
1078 4019 1105 4068 ot
1121 4032 1215 4069 manor
1225 4020 1255 4069 ot
1270 4020 1385 4082 Shipton
1403 4038 1461 4072 ean

376 4086 387 4118 ²
404 4086 569 4149 Supplyflne,
580 4087 609 4135 A.
922 4100 963 4133 roc
974 4092 998 4133 et
1009 4086 1069 4133 sart
1079 4092 1104 4133 et
1116 4087 1168 4135 thot
1181 4094 1205 4134 et
1219 4087 1283 4135 rhem
1298 4094 1320 4134 et
1335 4088 1458 4149 insusse-

376 4152 434 4201 θλ.
446 4167 481 4200 m.
494 4153 525 4199 15
536 4151 561 4199 d.
922 4151 1009 4213 mttef
1028 4148 1080 4198 and
1101 4149 1137 4198 all
1159 4151 1235 4201 other
1256 4150 1372 4199 liberties
1394 4153 1459 4200 virh

376 4217 502 4279 ⁴Supply
524 4218 595 4266 Dom.
620 4216 704 4277 Regia,
727 4215 792 4263 uude
819 4216 871 4277 ipse
922 4214 1006 4263 which
1027 4213 1140 4264 sichard
1162 4214 1195 4265 de
1217 4216 1370 4265 Dsunlrunt
1395 4218 1460 4269 held

345 4284 426 4331 ,lbbua
437 4286 501 4330 dicit
510 4296 555 4343 per
563 4289 717 4328 arrormrtum
725 4296 797 4327 arrum
806 4283 871 4341 quod
922 4280 966 4328 tlre
979 4278 1050 4339 lund,
1062 4282 1092 4327 A.

344 4351 440 4397 desiere
451 4350 504 4409 ipre
517 4348 590 4393 habet
599 4346 736 4393 undredum
744 4347 773 4393 tle
783 4346 869 4393 Circu-
954 4346 964 4377 ⁶
980 4348 1075 4395 scilicet
1087 4360 1142 4395 cum
1153 4346 1260 4409 quodam
1271 4348 1402 4407 moriello,
1418 4350 1447 4397 Δ.

344 4416 436 4463 cestria
443 4428 490 4475 per
501 4420 596 4459 carrum
607 4412 678 4459 Dum.
689 4412 774 4471 Repe,
786 4414 815 4459 A.
