3167 5075
402 357 641 420 1111111111).
665 344 845 420 111611.
868 343 897 407 4.
1141 344 1205 410 367

110 533 252 620 pocomi
267 532 395 619 loquela
409 532 473 597 ista
486 554 593 597 coram
608 530 794 597 iusticiariis
808 531 961 618 predictis
976 532 1207 599 itinerantibus

109 638 187 723 quod
208 638 353 703 duellum
375 636 544 701 uadiatnm
568 635 632 701 fuit
651 635 692 701 de
712 635 826 700 eodem
846 634 976 700 recordo
996 635 1083 701 inter
1099 636 1206 703 Comi·

109 752 207 807 tatum
232 753 267 807 et
289 742 473 829 predictum
497 740 707 817 Willelmum,
729 738 816 805 unde
839 740 917 827 quia
938 740 1102 826 predictus
1125 742 1207 807 Wil-

108 846 213 911 lelmus
226 854 362 932 questus
373 844 436 909 fuit
447 844 541 909 Dom.
550 844 635 929 Regi
646 843 686 908 de
698 843 807 908 duello
818 852 930 909 contra
938 844 1206 911 consuetudinem

96 949 190 1034 *regni
214 948 356 1025 uadiato,
379 957 414 1012 et
443 948 552 1011 uisum
581 947 644 1011 fuit
673 946 761 1011 66116
791 945 887 1012 Dum.
913 946 1013 1033 Regis
1035 947 1123 1034 quod
1146 947 1207 1013 hoc

107 1053 241 1117 indebito
269 1052 366 1118 modo
395 1060 505 1117 aetum
528 1050 603 1128 fuit,
627 1049 819 1115 mandatum
845 1050 909 1115 fuit
935 1050 1121 1116 iusticiariis
1141 1051 1207 1116 illis

107 1157 335 1235 itinerantibus,
361 1164 401 1221 nt
427 1155 589 1241 loquelam
613 1154 702 1218 illam
725 1154 762 1217 in
785 1154 899 1219 eodem
929 1162 1019 1219 statu
1049 1176 1113 1239 quo
1142 1154 1206 1218 fuit

107 1284 202 1331 eoram
216 1263 264 1328 eis
278 1262 393 1327 uenire
407 1261 550 1325 facerent
565 1282 672 1324 coram
687 1258 874 1323 iusticiamis
894 1258 934 1323 de
955 1258 1057 1324 banco
1073 1259 1133 1323 tali
1153 1259 1206 1324 die

107 1380 159 1430 etc.
198 1367 254 1431 Ad
274 1366 366 1431 diem
387 1388 465 1430 uero
487 1364 581 1429 illum
604 1363 698 1429 uenit
722 1362 907 1429 Comitatus
933 1386 1008 1427 cum
1037 1364 1205 1449 campione

106 1493 157 1535 suo
170 1480 294 1535 armato
309 1478 345 1535 et
360 1468 544 1534 Willelmus
558 1490 633 1532 eum
648 1467 816 1554 campione
830 1488 888 1531 suo
910 1467 1060 1533 similiter
1081 1476 1206 1533 anneto

107 1581 136 1635 et
161 1572 312 1637 auditum
341 1571 406 1636 fuit
434 1570 602 1636 recordum
630 1570 716 1634 sicut
744 1568 928 1655 predictum
957 1578 1015 1635 est.
1061 1570 1104 1635 Et
1128 1570 1206 1657 quia

105 1673 264 1741 iusticiarii
285 1674 404 1740 incerti
426 1675 559 1738 suerunt
580 1672 621 1737 de
643 1672 761 1751 duello,
782 1672 906 1737 scilieet
932 1682 1045 1738 utrum
1071 1674 1205 1740 deberet

106 1780 264 1862 procedere
279 1802 341 1844 nec
356 1802 407 1855 ne,
421 1777 518 1842 datus
533 1776 597 1842 fuit
616 1775 687 1841 dies
705 1776 803 1841 dictis
824 1776 848 1842 J
848 1774 968 1841 ohanni
990 1786 1025 1843 et
1040 1776 1205 1843 Willelmo

105 1880 139 1946 (16
158 1882 322 1947 audiendo
345 1881 422 1946 inde
445 1880 565 1946 iudicio
590 1902 649 1944 suo
672 1879 733 1945 tali
757 1879 811 1945 (116
837 1888 907 1959 eto,
932 1889 967 1945 et
991 1880 1115 1945 dictum
1140 1881 1205 1945 fuit

105 1987 318 2072 campionibus
339 1986 426 2073 qnod
447 1995 527 2050 tuno
549 1985 701 2049 uenirent
713 1984 889 2061 dearmati‚
904 1992 938 2049 ct
959 1992 997 2048 ut
1021 1984 1204 2051 Comitatus

103 2089 199 2154 minus
220 2098 417 2177 grauaretur
438 2097 473 2153 et
498 2085 814 2165 661616161,(116116ι
841 2086 906 2151 fuit
931 2086 1093 2152 militibus
1118 2087 1204 2173 quod

103 2192 263 2259 mitterent
293 2194 417 2279 111161
446 2192 512 2257 illis
540 2191 582 2257 ad
610 2192 817 2257 (116611116111
840 2190 882 2257 ad
905 2191 1104 2257 audiendum
1127 2192 1204 2257 indo
1250 2261 1253 2271 ,
1337 2212 1341 2219 ·

103 2292 248 2359 1611616111
273 2317 371 2359 66661
395 2317 453 2381 pro
477 2293 654 2361 Comitatu
698 2294 752 2360 Ad
776 2293 863 2360 diem
887 2316 965 2359 uero
986 2294 1097 2359 illum¹
1111 2295 1205 2360 uenit
1270 2340 1274 2345 ·

103 2395 278 2461 Willelmus
292 2405 328 2461 et
342 2396 469 2482 campio
483 2403 611 2461 6116661
626 2396 817 2481 optulerunt
837 2418 881 2473 se,
896 2408 931 2461 et
950 2396 974 2462 J
975 2395 1119 2461 ohannes
1138 2418 1205 2461 non

102 2502 185 2566 uenit
198 2524 260 2569 nec
274 2524 312 2566 se
327 2499 513 2579 essoniauit,
528 2522 588 2565 nec
603 2498 725 2564 milites
737 2498 779 2564 (16
794 2498 952 2564 comitatu
968 2507 1140 2577 uenerunt,
1154 2509 1205 2566 set

102 2615 222 2673 lautum
236 2607 366 2693 campio
380 2628 460 2671 suus
474 2606 575 2683 uenit,
586 2614 621 2670 et
633 2605 720 2670 idem
732 2605 918 2670 Willelmus
933 2604 1033 2690 peciit
1047 2604 1204 2671 iudicium

101 2733 194 2777 suurn.
239 2713 304 2778 Set
333 2711 411 2797 quia
439 2710 530 2775 curia
558 2709 724 2774 neminem
753 2709 861 2775 uoluit
893 2709 1101 2786 occasiouare,
1130 2733 1206 2776 66111

99 2813 252 2881 incertum
275 2817 363 2880 esset
388 2814 417 2879 si
445 2814 567 2880 milites
596 2814 637 2879 de
666 2813 825 2888 comitatu
854 2813 1011 2878 obliuioni
1040 2813 1205 2879 dedissent

100 2919 177 2984 diem
191 2943 302 2998 suum,
316 2920 414 2984 datus
428 2919 493 2984 fuit
508 2920 555 2985 eis
568 2921 652 2986 alius
672 2918 743 2984 dies
762 2919 803 2983 de
823 2918 985 2984 audiendo
1005 2919 1124 2984 iudicio
1146 2941 1205 2984 suo

99 3032 129 3085 et
148 3023 188 3088 de
206 3023 335 3088 defalta
354 3030 389 3087 61
409 3021 451 3086 (16
474 3021 607 3107 capitali
627 3021 755 3107 placito.
802 3021 845 3084 Et
860 3019 938 3106 qnia
951 3019 994 3085 ad
1007 3020 1095 3086 diem
1110 3021 1204 3086 illum

99 3148 151 3190 uec
164 3149 324 3213 umquam
344 3134 459 3212 postea
479 3134 642 3192 uenerunt
664 3126 786 3191 milites
809 3124 849 3190 (16
872 3125 1031 3190 comitatu
1050 3149 1110 3192 nec
1131 3148 1204 3213 pre·

99 3229 195 3296 dictus
208 3231 381 3297 lohannes
395 3229 438 3295 ad
451 3228 651 3295 audiendum
666 3227 743 3293 inde
757 3227 915 3292 iudicium
936 3249 1033 3292 suum
1053 3228 1107 3292 uel
1127 3227 1204 3292 inde

99 3334 361 3420 respondendum,
386 3342 421 3399 et
447 3334 632 3398 habuerunt
658 3333 745 3398 diem
771 3331 808 3398 iu
833 3331 944 3409 banco,
967 3330 1203 3397 consideratum

99 3438 241 3522 estquod
262 3437 411 3502 duellum
426 3436 633 3514 (1666116161,
648 3444 683 3502 61
697 3435 784 3523 quod
800 3435 983 3500 Willelmus
998 3435 1204 3521 recuperauit

99 3537 269 3626 dampnum
294 3563 390 3606 suum
415 3564 446 3606 11
472 3563 568 3606 marc.
594 3562 708 3605 uersus
735 3538 939 3606 Comitatum
964 3560 1023 3624 per
1047 3538 1203 3604 defaltum

98 3643 236 3710 eiusdem
257 3644 447 3711 Comitatus
465 3651 500 3709 et
521 3644 706 3711 Comitatus
719 3643 754 3708 in
769 3641 986 3708 misericordia
1000 3665 1058 3729 pro
1073 3640 1203 3720 defalta

99 3746 226 3812 elidem
244 3748 430 3814 Willelmus
444 3747 489 3813 sit
503 3747 635 3834 quietus
649 3746 690 3812 de
706 3747 831 3812 catallis
851 3767 914 3833 que
934 3746 1022 3811 idem
1036 3746 1060 3812 J
1060 3746 1203 3813 ohannes

98 3851 244 3937 exigebat
257 3874 319 3939 pro
334 3861 395 3918 616.
410 3852 512 3938 ipsius
532 3851 693 3917 Johaunis
712 3858 747 3916 et
766 3851 934 3916 lohannes
954 3850 998 3915 sit
1020 3850 1056 3915 in
1079 3849 1203 3915 miseri-

98 3955 198 4020 cordia
211 3956 293 4043 quia
308 3979 372 4021 non
387 3965 438 4022 est
451 3965 641 4043 prosecutus
655 3963 715 4020 eto.

55 4061 68 4126 Ι.
156 4057 307 4126 'Anicia‘
321 4083 386 4147 que
400 4060 465 4126 fuit
479 4081 561 4126 uxor
574 4058 734 4125 Willclmi
746 4058 788 4124 de
803 4058 981 4145 Wililegha
991 4058 1077 4144 petit
1088 4081 1203 4126 uersus
1242 4077 1337 4118 Sumen

98 4161 290 4230 Cristianam
316 4165 357 4230 de
384 4165 568 4253 Wilslegha
594 4163 728 4229 terciam
751 4171 879 4250 partem
910 4163 985 4229 dim.
1011 4163 1090 4251 uirg.
1117 4171 1202 4229 terre

188 4312 449 4391 monueram
771 4328 956 4382 ’snus
993 4328 1112 4381 aas.

188 4395 389 4447 ’1116116116
400 4397 474 4448 turos
484 4396 574 4447 6611.
771 4394 985 4445 (1616116.
