3167 5075
376 358 438 423 322
606 369 840 432 memnones,
862 370 927 423 no.
951 354 1046 433 1217,
1066 368 1130 422 nn
1156 358 1248 420 1-2.

374 544 559 610 Willelmus
573 544 690 610 hebuit
705 544 786 611 duos
801 544 884 609 filios
896 542 1102 610 Gilebertum
1116 552 1151 609 et
1162 544 1345 621 Ricardum,
1354 549 1456 605 mortuo

374 656 486 713 eutem
515 648 585 735 ipso
607 648 772 714 Willelmo
794 648 911 714 cecidit
932 656 1020 713 terre
1041 647 1099 713 illa
1120 670 1195 713 oum
1216 646 1415 713 eduooeeione
1431 644 1456 708 ir

375 772 490 815 monne
519 750 679 816 Gileberti
708 750 918 837 primogeniti
946 750 1008 815 filii
1037 758 1072 815 et
1100 750 1229 816 heredis
1256 750 1315 815 sui
1366 749 1457 814 Poste

374 862 486 919 autem
508 863 579 919 orta
601 862 651 920 est
674 856 814 941 quedam
836 856 1117 921 disoonuenienoie
1138 855 1226 920 inter
1253 856 1358 941 ipsum
1383 853 1414 918 G.
1431 860 1456 916 et

374 956 558 1037 Ricardum,
573 958 622 1023 ite
636 960 722 1045 quod
743 958 902 1024 Ricerdus
917 960 1085 1046 appelauit
1100 960 1207 1046 ipsum
1228 960 1416 1027 Gilebertun
1427 957 1457 1021 de

374 1060 531 1126 felonia
521 1085 556 1126 m
586 1062 676 1128 curie
706 1063 799 1129 Dom.
823 1063 932 1149 Regis,
954 1071 989 1128 et
1014 1062 1050 1127 in
1071 1071 1203 1129 tantum
1225 1062 1374 1149 prooessit
1391 1057 1457 1145 qnod

373 1165 519 1232 duellum
535 1188 721 1265 percussum
736 1167 824 1231 fuit
814 1176 902 1231 mter
915 1190 978 1245 eoo,
993 1166 1043 1232 ite
1062 1168 1149 1254 quod
1169 1168 1354 1234 Gilebertue
1373 1165 1457 1230 uictus
1521 1163 1526 1249 Ι

375 1268 439 1333 fuit
476 1278 510 1334 et
547 1291 727 1355 suspensus„
784 1272 902 1336 Postea
937 1279 1050 1337 eutem
1085 1280 1258 1359 postquam
1287 1273 1378 1338 Dom.
1404 1270 1457 1334 Rex
1521 1250 1527 1330 i

375 1381 528 1439 tenuerat
557 1382 676 1439 terrem
706 1374 797 1441 illem
826 1398 885 1461 per
913 1397 1017 1441 unum
1044 1398 1169 1440 ennum
1198 1384 1234 1440 et
1262 1398 1363 1441 unum
1384 1372 1459 1446 diem.
1520 1339 1527 1446 i

374 1485 536 1543 uenerunt
567 1477 731 1544 Walterue
761 1485 796 1543 et
827 1480 899 1544 Eue
920 1500 1002 1543 uxor
1024 1479 1096 1544 eine
1117 1480 1159 1544 ed
1188 1479 1283 1545 Dom
1305 1480 1416 1565 Regem
1433 1486 1459 1538 et

373 1582 542 1668 pecierunt
571 1583 664 1649 Dom.
688 1583 814 1670 Regem
842 1591 882 1648 ut
910 1584 1060 1649 redderet
1090 1584 1138 1649 eis
1166 1583 1297 1649 feodum
1325 1586 1459 1656 suomet

374 1686 467 1752 Dom
498 1688 569 1751 Rex
599 1688 646 1752 eis
674 1687 826 1764 reddidit,
849 1687 898 1753 ite
927 1689 1014 1775 quod
1041 1687 1130 1754 idem
1156 1689 1323 1754 Walterns
1350 1696 1382 1753 et
1404 1684 1460 1749 Eut

374 1790 507 1855 suerunt
521 1790 556 1856 in
570 1790 688 1856 neieina
702 1790 791 1857 illius
806 1790 1031 1857 oduooaeionis
1049 1792 1111 1857 tali
1129 1793 1226 1857 modo
1246 1793 1333 1878 quod
1352 1790 1459 1878 quiden

372 1894 540 1961 Johennes
562 1895 696 1961 clericus
718 1895 796 1961 inde
817 1896 881 1960 fuit
903 1918 1040 1982 persona
1060 1916 1119 1982 per
1139 1895 1225 1981 ipsos
1246 1896 1418 1961 Wolterum
1434 1899 1460 1954 et

374 1998 478 2063 Euam
501 1999 658 2086 capiendo
679 2000 756 2064 inde
777 2000 908 2086 explete
926 2008 1073 2086 tempore
1091 1999 1191 2087 Regis
1205 1999 1343 2065 Hemici
1354 1996 1404 2063 eui
1415 2003 1459 2059 eto

371 2102 414 2167 ad
434 2102 615 2167 uelenoiem
637 2110 696 2167 eto
741 2104 786 2167 Et
808 2103 886 2170 inde
907 2105 1091 2190 producunt
1112 2111 1242 2171 sectum
1287 2104 1333 2168 Et
1352 2103 1390 2168 de
1407 2100 1462 2185 ipe

373 2204 445 2269 Eue
465 2204 632 2270 deseendit
654 2204 706 2270 ius
733 2207 958 2272 eduooeoionie
986 2207 1037 2272 ilii
1064 2206 1356 2273 Metiilidi¹mat1i
1380 2203 1462 2291 ipsius

371 2306 513 2384 taliane,
528 2316 562 2372 et
582 2306 624 2373 de
641 2308 713 2395 ipsa
727 2309 889 2375 Metillide
903 2309 983 2395 ipsis
998 2310 1154 2376 Geufrido
1169 2319 1204 2375 et
1217 2310 1351 2377 Julinne
1364 2319 1424 2386 ete„
1435 2316 1461 2371 et

373 2410 432 2476 hoo
447 2410 587 2475 offerunt
602 2412 736 2497 prebere
751 2420 848 2497 prout
863 2412 953 2477 eurio
966 2412 1219 2478 considerauerit
1234 2422 1295 2480 ete

437 2516 482 2582 Et
512 2515 604 2581 Prior
632 2516 725 2582 uenit
754 2524 789 2582 et
817 2517 965 2584 defendit
993 2518 1046 2584 iue
1074 2541 1171 2584 suum
1200 2527 1235 2584 et
1263 2519 1361 2606 ponit
1382 2514 1461 2584 eoin
1530 2503 1532 2510 '

372 2641 525 2707 magnam
554 2619 688 2685 assisam
716 2620 810 2686 Dom.
834 2621 934 2707 Regis
962 2631 998 2686 et
1026 2622 1112 2710 petit
1134 2622 1386 2709 recognioionem
1407 2617 1464 2686 fieri
1530 2636 1533 2723 ρ

371 2723 445 2810 quis
475 2745 586 2789 eorum
615 2722 720 2787 maius
749 2723 802 2788 ius
830 2723 950 2790 hebeat
979 2724 1017 2789 in
1045 2725 1160 2790 eedem
1186 2725 1396 2791 ednoeeoione
1414 2733 1462 2787 eto

372 2825 452 2891 Dies
466 2827 564 2891 datus
579 2835 628 2891 eet
644 2833 703 2891 eto.

241 2941 333 3010 1337,
436 2931 539 2996 Lucia
568 2953 632 3017 que
661 2931 725 2996 fuit
753 2953 835 2997 uxor
870 2928 961 2996 Petri
990 2930 1031 2997 de
1068 2931 1214 2997 Keeneto
1249 2932 1337 3019 petit
1370 2950 1462 2998 uerus
1531 2972 1532 2987 ι

247 3043 324 3086 ΝΟΜ·
370 3034 556 3101 Johannem
566 3036 608 3100 de
618 3035 703 3102 Pirie
714 3035 849 3100 terciam
860 3043 987 3122 portem
999 3035 1187 3102 medietatis
1197 3036 1296 3102 unius
1307 3031 1462 3101 molendini

371 3160 447 3204 oum
461 3143 541 3225 pert.
558 3139 593 3203 in
608 3139 668 3203 teli
682 3139 763 3204 uilla
777 3148 836 3204 eto.
853 3147 892 3205 ut
906 3140 1018 3205 dotem
1032 3149 1092 3205 ete
1138 3141 1182 3205 Et
1203 3140 1227 3205 J
1227 3140 1370 3206 ohannes
1386 3137 1461 3203 uenit

371 3251 405 3308 et
435 3251 530 3308 uocet
559 3242 636 3308 inde
665 3243 708 3308 ed
737 3251 917 3309 warantum
954 3243 1135 3308 Redulfum
1161 3244 1205 3308 de
1242 3245 1392 3321 Remoto,
1413 3240 1462 3327 qui

370 3367 501 3432 presens
529 3355 588 3426 est,
610 3355 645 3412 et
674 3346 755 3413 dicit
785 3348 872 3433 quod
901 3369 968 3412 non
993 3347 1068 3412 uult
1088 3348 1282 3434 respondere
1303 3348 1372 3414 sine
1389 3367 1460 3414 sum·

370 3450 557 3518 monioione.
602 3451 648 3516 Et
662 3450 735 3516 ideo
750 3451 819 3516 dies
834 3450 931 3515 datus
946 3459 996 3515 est
1010 3459 1071 3517 eto.

249 3573 315 3615 ιιοιιι
435 3554 522 3619 Item
542 3555 657 3620 eedem
677 3554 762 3640 petit
782 3577 895 3620 uersus
916 3555 1094 3620 Redolfum
1116 3556 1158 3621 de
1180 3556 1327 3622 Keeneto
1347 3554 1459 3622 terciam

369 3667 496 3744 partem
516 3658 703 3725 medietatis
722 3659 820 3724 unius
838 3659 1017 3724 molendini
1029 3681 1106 3724 eum
1125 3667 1207 3745 pert
1222 3659 1260 3724 in
1272 3661 1384 3726 eedem
1395 3658 1460 3723 uita

255 3777 313 3828 [ιιι]
371 3772 430 3830 eto.
449 3761 454 3850 Ι
474 3765 520 3828 Et
548 3763 731 3829 Johennes²
752 3763 833 3828 dicit
863 3763 950 3849 quod
979 3763 1051 3848 ipse
1080 3763 1180 3829 hebet
1201 3763 1346 3849 plenarie
1368 3765 1458 3828 dotem

369 3889 463 3933 enam
477 3867 557 3933 alibi
571 3868 607 3932 in
620 3876 708 3933 oerto
723 3867 791 3932 looo
805 3867 846 3933 de
861 3874 933 3932 toto
946 3875 1033 3932 terra
1046 3889 1112 3954 que
1125 3867 1189 3932 fuit
1204 3867 1270 3932 uiri
1283 3869 1344 3948 sui,
1354 3877 1385 3934 et
1398 3864 1459 3932 inde

370 3973 463 4059 ponit
477 3995 511 4037 se
525 3995 623 4058 super
637 3972 784 4058 petriam.
829 3971 910 4037 Dies
923 3973 1021 4038 dotus
1034 3980 1085 4039 est
1100 3971 1147 4037 eis
1162 3979 1221 4037 etc.

238 4074 646 4142 1338.⁸1s0bellade
662 4077 825 4141 Greuenel
835 4075 922 4162 petit
932 4097 1047 4141 uersus
1058 4076 1216 4143 Thomem
1227 4076 1269 4142 de
1281 4073 1458 4144 Wedenhde

250 4178 317 4218 Kena

402 4270 694 4322 ¹Alteredfromillr'uo
705 4273 856 4322 Matillidir.
948 4272 1142 4325 ambovecmt
1174 4270 1443 4324 Itiscitodbssneto

402 4335 692 4402 ’.ιιὴθοιιΒαάζΐιιιΗ
948 4337 1227 4389 (Μωθὶιαιιᾱιδὶὸ
1261 4339 1325 4392 ltin
1367 4283 1458 4388 miton

402 4401 481 4451 ’For
501 4400 547 4451 the
567 4401 619 4451 end
635 4401 737 4452 orthio
753 4402 841 4453 oetion
806 4417 899 4453 οιιιοο
948 4406 1079 4467 scriptioni,
1093 4405 1135 4454 69.
