3167 5075
320 395 384 456 688
449 405 606 455 surroun
629 403 722 454 urus
744 405 787 454 or
811 405 1013 455 rnrssuunn
1034 407 1108 457 sun
1129 409 1296 471 suosnvn,

316 577 541 656 misericordia,
556 588 591 644 et
605 578 772 664 perquirat
786 578 850 644 sibi
870 601 929 665 par
947 580 1047 647 breue
1067 580 1109 647 de
1122 589 1213 648 recto
1226 583 1255 648 si
1269 583 1429 658 uoluerit,

316 681 365 748 ¹et
379 683 423 749 sit
437 684 472 748 in
486 683 706 748 misericordie
719 705 778 768 pro
795 691 848 748 eto
854 682 872 748 ¹.

183 782 276 847 1924.
379 787 546 852 Johannes
580 785 667 851 filius
696 787 848 874 Hugonis
877 789 1026 874 queritur
1053 790 1140 876 qnod
1169 791 1297 856 Alanus
1326 793 1433 856 frater

315 913 393 956 suus
421 891 541 957 iniuste
570 890 747 957 dissaisiuit
777 915 853 957 eum
881 893 923 957 de
952 893 1053 958 libero
1082 902 1271 960 tenemento
1300 917 1362 960 suo
1390 895 1429 958 in

316 993 460 1060 Kambes
474 995 559 1060 infin
572 1003 633 1061 ete.

381 1099 424 1163 Et
439 1099 565 1164 Alanus
579 1098 673 1163 uenit
693 1107 727 1163 et
747 1099 828 1164 dicit
848 1100 934 1186 quod
957 1122 1021 1165 non
1043 1099 1221 1166 disseisiuit
1241 1123 1328 1178 eum,
1348 1101 1430 1187 quia

314 1201 383 1289 ipse
399 1209 449 1268 est
463 1203 557 1268 heres
574 1203 677 1289 patris
696 1202 755 1280 sui,
770 1213 806 1269 et
822 1214 917 1289 pater
933 1227 1013 1270 suus
1032 1205 1115 1269 obiit
1135 1205 1211 1270 inde
1233 1205 1369 1270 saisitus
1390 1215 1427 1269 et

313 1305 362 1372 ita
376 1306 462 1392 quod
476 1306 589 1372 eodem
605 1305 658 1372 die
673 1328 736 1393 quo
752 1307 834 1371 obiit
849 1307 942 1372 uenit
954 1308 1023 1394 ipse
1032 1317 1068 1372 et
1078 1308 1187 1393 posuit
1201 1331 1236 1373 se
1250 1309 1287 1374 in
1301 1318 1426 1374 terram

314 1411 412 1478 illam.

379 1515 423 1580 Et
452 1514 618 1581 Johannes
646 1511 728 1577 dicit
757 1511 845 1598 quod
873 1522 969 1600 pater
996 1536 1108 1580 eomm
1136 1538 1203 1580 non
1232 1516 1317 1581 obiit
1345 1517 1427 1584 inde

312 1617 442 1684 saisitus
456 1617 532 1705 quia
546 1616 639 1682 dedit
653 1624 773 1681 terram
789 1615 879 1681 illam
894 1616 929 1680 in
949 1616 1022 1682 uita
1039 1640 1107 1697 sua,
1122 1625 1158 1682 et
1176 1618 1254 1684 inde
1273 1619 1370 1704 ponit
1388 1643 1426 1686 se

312 1744 410 1808 super
423 1721 572 1788 iuratam.
618 1721 662 1787 Et
678 1722 805 1787 Alenus
818 1721 978 1788 similiter.

377 1826 400 1889 J
402 1832 546 1889 uratores
560 1823 675 1890 dieunt
690 1823 776 1910 quod
796 1847 910 1890 reuera
930 1824 965 1891 in
985 1824 1056 1891 uita
1073 1825 1224 1912 Hugonis
1246 1826 1312 1890 snit
1335 1825 1427 1892 faeta

297 1927 451 2014 'quedam
479 1926 655 1992 conuencio
683 1926 771 1991 inter
800 1927 983 1993 Johannem
1015 1935 1051 1993 et
1079 1929 1224 1993 Alanum
1253 1929 1302 1994 ita
1334 1930 1426 2016 quod

310 2031 477 2097 Johennes
491 2029 583 2095 dedit
597 2029 702 2094 Alano
722 2029 833 2115 xxviij.
852 2031 907 2095 sol
928 2049 986 2116 per
1008 2029 1054 2095 sie
1076 2031 1163 2117 quod
1183 2031 1371 2096 remitteret
1390 2031 1425 2098 ei

310 2135 361 2201 ius
382 2157 488 2212 suum,
511 2143 546 2200 et
567 2140 641 2218 post
663 2135 756 2198 uenit
777 2133 865 2199 idem
888 2135 989 2220 Hugo
1009 2143 1045 2199 et
1065 2135 1192 2200 dimisit
1212 2157 1247 2200 se
1269 2136 1311 2200 de
1334 2144 1426 2201 terra

310 2241 367 2306 illa
380 2240 415 2306 in
430 2238 519 2306 ouria
533 2237 681 2324 capitalis
695 2237 827 2315 domini,
842 2238 892 2303 ita
905 2238 992 2323 quod
1005 2238 1098 2304 dedit
1116 2235 1149 2304 ei
1168 2240 1312 2327 intelligi
1332 2240 1424 2326 quod

311 2345 435 2410 Alanus
453 2343 579 2408 remisit
593 2342 762 2408 «Iohanni
752 2365 805 2408 rus
818 2365 924 2426 suum,
938 2352 973 2408 et
992 2344 1141 2430 capitalis
1160 2343 1312 2409 dominus
1330 2345 1424 2430 oepit

147 2468 267 2508 quenta
271 2449 498 2555 homagium
520 2448 679 2514 Johannis
702 2456 736 2512 et
757 2447 799 2513 de
819 2448 940 2513 releuio
960 2449 1002 2516 xl.
1023 2449 1149 2528 solidos,
1164 2457 1201 2514 et
1223 2458 1339 2535 postea
1354 2449 1425 2515 iuit

229 2525 410 2648 ffeiflugo
440 2562 474 2619 et
497 2553 561 2619 fuit
585 2552 741 2619 itinerans
771 2574 831 2638 par
852 2552 991 2638 patriam
1020 2575 1079 2639 per
1108 2554 1189 2618 duos
1217 2576 1346 2619 menses
1383 2563 1423 2619 et

147 2656 286 2751 ,gwfft
310 2666 422 2743 postea
435 2656 563 2721 reuenit
577 2654 666 2721 domi
681 2663 715 2720 et
731 2654 794 2719 fuit
809 2653 857 2719 ibi
871 2678 930 2741 per
946 2678 1049 2720 unum
1069 2678 1194 2721 annum
1214 2665 1249 2721 et
1267 2656 1426 2743 amplius,

145 2714 298 2845 {Zmillffl‘
310 2770 344 2827 et
359 2760 407 2826 ibi
420 2760 510 2837 obiit,
526 2768 560 2825 et
574 2759 657 2825 bene
672 2758 786 2824 dicunt
802 2758 889 2845 quod
902 2759 1079 2824 oonuencio
1096 2758 1185 2823 inter
1199 2759 1318 2824 fratres
1331 2760 1423 2825 facts

143 2844 250 2976 iiidie&
239 2843 296 2929 qup
309 2866 373 2931 luit
387 2889 446 2952 per
464 2865 608 2952 quinque
629 2886 730 2930 annos
750 2872 929 2949 antequam
948 2871 1043 2949 pater
1062 2862 1189 2927 dimisit
1210 2886 1245 2928 se
1268 2864 1423 2949 predicto

144 2938 250 3033 iiim
144 2988 203 3117 ἐξ
209 2984 296 3070 gffi
268 2938 410 3037 ¹²2modo.
456 2970 500 3035 Et
514 2968 634 3057 quesiti
649 2991 677 3035 ει
667 2968 817 3033 Alanus
831 2968 1011 3045 interesset,
1025 2967 1139 3033 dicrmt
1154 2967 1241 3055 quod
1255 2969 1419 3034 nesciunt.

142 3080 235 3211 ffiffi?
218 3078 283 3211 ἔξω,
309 3076 354 3140 Et
380 3075 506 3141 Alanus
534 3074 615 3139 dicit
645 3072 732 3159 quod
759 3072 910 3137 interfuit
939 3079 974 3136 et
1002 3072 1154 3158 apposuit
1189 3072 1345 3138 olamium
1381 3084 1421 3139 et

143 3171 266 3257 ΓΞΓῊΓ
308 3178 474 3266 prohibuit
497 3201 538 3243 ne
564 3176 687 3263 aliquid
713 3176 789 3241 inde
815 3176 909 3241 fieret
934 3176 976 3241 sd
1002 3174 1288 3241 exheredneionem
1311 3199 1419 3255 suam,

142 3264 343 3398 A1¹³⁸¹Lhmet
378 3282 454 3348 inde
483 3280 632 3369 producit
661 3288 792 3357 sectam,
821 3287 858 3345 et
885 3278 1035 3345 defendit
1062 3278 1244 3367 predictam
1271 3302 1418 3346 oonuen-

143 3452 163 3491 Ι
142 3404 295 3490 Πυξῃθᾱῑῑὲξω
306 3388 439 3453 Clonem.

143 3498 207 3545 ³⁰⁸⁰
215 3498 275 3545 μὴ
371 3490 416 3555 Et
439 3488 516 3575 quia
541 3489 642 3575 Hugo
666 3486 758 3552 dedit
780 3485 922 3573 intelligi
944 3484 1033 3572 quod
1052 3484 1217 3571 predictus
1245 3486 1420 3553 «lohannes

141 3544 295 3723 ἓξὲξᾝ
307 3592 370 3658 fuit
384 3592 478 3658 heres
491 3612 579 3669 suus,
594 3599 628 3657 et
642 3612 702 3675 per
716 3589 807 3654 illam
818 3588 995 3654 falsitatem
1006 3588 1094 3676 oepit
1104 3588 1252 3675 ospitalis
1262 3589 1420 3657 dominus

165 3694 224 3769 ο’ἔξξ
223 3686 284 3769 ξιιι
307 3696 533 3784 homagium
523 3694 627 3782 1psius
651 3692 821 3770 Johannis,
850 3701 886 3757 et
914 3693 1082 3779 predictus
1110 3692 1236 3758 Alanus
1265 3692 1419 3761 defendit

141 3696 286 3909 ῖξιῖξξῖῖξξω
307 3800 486 3888 predictam
500 3796 760 3873 conuencionem
776 3804 811 3861 et
824 3803 939 3881 postea
958 3794 1046 3861 idem
1061 3794 1161 3881 Hugo
1175 3794 1260 3859 obiit
1273 3796 1419 3875 saisitus,

142 3868 286 3913 anneblumtl

142 3882 294 4053 ἔξω
224 3918 289 3956 ΕΓΔ
307 3901 542 3969 consideratum
568 3898 728 3985 estquod
754 3897 880 3962 Alanus
902 3896 1108 3983 recuperauit
1137 3895 1291 3961 seisinam
1320 3920 1417 3963 sum

260 3974 406 4071 etalem
426 4002 555 4090 qualem
575 4000 617 4067 Η
635 4009 730 4087 pater
749 4021 827 4064 suus
847 3998 972 4076 habuit,
990 4007 1026 4063 et
1049 3998 1072 4063 J
1073 3997 1245 4063 ohannes
1235 4020 1271 4063 m
1287 3998 1416 4065 miseri·

173 4129 253 4181 [ιιιιι
305 4106 413 4175 cordia
426 4128 484 4192 pro
499 4104 577 4170 falso
592 4104 729 4169 elamore
744 4104 804 4167 ete
826 4100 832 4189 Ι

336 4334 495 4388 1·1οιιι.Δ.
878 4327 1002 4388 Ennaton,
1022 4328 1042 4377 l.
1059 4326 1100 4388 5⁰,
1117 4328 1182 4380 aito·
1205 4325 1252 4378 th·
1272 4340 1336 4378 oasa
1356 4322 1413 4375 und

336 4398 435 4451 'Corn
472 4400 599 4450 Joltanm's
632 4406 657 4448 et
690 4398 828 4447 lohannes.
881 4394 1098 4445 staminum
