3167 5075
343 400 407 464 202
560 411 678 460 consu
699 410 799 473 anor,
822 410 888 459 an.
912 394 1157 472 1236—7,aa
1182 399 1233 461 21.

342 584 481 673 predicti
509 582 687 649 Alexandri
716 604 816 670 quam
844 583 1029 649 Willelmus
1059 583 1160 649 frater
1190 584 1293 670 ipsius
1321 584 1458 651 Ricardi

342 690 438 755 duxit
461 690 496 754 in
520 711 663 767 uxorem,
690 696 725 753 et
751 688 839 753 unde
865 696 1055 774 preceptum
1081 696 1133 753 est
1157 688 1342 754 uioeoomiti
1368 690 1458 776 quod

342 795 455 860 uenire
470 795 590 859 faceret
604 794 658 880 xij.
674 793 795 880 legales
809 792 956 858 homines
971 802 1040 857 tam
1054 792 1177 857 milites
1191 800 1252 859 eto.
1266 792 1309 858 de
1323 794 1456 858 uisneto

343 898 384 963 de
421 899 610 984 Haketorpe
646 896 689 963 ad
724 895 1016 983 recognoscendum
1048 905 1109 961 eto.
1139 904 1251 961 utrum
1287 896 1457 983 predictus

343 1004 528 1071 Alexander
556 1003 682 1068 dictum
711 1002 893 1067 manerium
922 1000 1014 1066 dedit
1042 1001 1167 1087 prefate
1197 1000 1384 1068 Clemenoie
1419 1010 1456 1065 et

343 1116 455 1173 utrum
470 1108 543 1195 ipsa
558 1106 743 1174 Clemeneia
757 1106 792 1170 in
807 1106 879 1170 uita
898 1105 1017 1192 prefati
1037 1104 1216 1170 Alexandri
1234 1105 1312 1171 inde
1334 1105 1400 1171 fuit
1419 1106 1455 1169 in

343 1211 462 1276 seisina
477 1219 512 1276 et
525 1232 584 1297 per
598 1218 758 1297 quantum
770 1217 902 1294 tempus
912 1218 990 1275 ante
1001 1217 1139 1274 mortem
1151 1209 1254 1296 ipsius
1263 1208 1456 1285 Alexandri,

344 1323 379 1380 et
403 1315 488 1402 quod
512 1314 625 1379 uenire
649 1315 770 1379 feneret
793 1334 899 1378 coram
925 1312 1079 1400 predictis
1102 1313 1219 1379 liberos
1241 1314 1391 1379 homines
1413 1314 1455 1379 de

343 1418 488 1504 predicto
509 1417 652 1483 manerio
674 1417 774 1483 libere
796 1425 947 1483 tenentes
966 1417 1009 1483 ad
1028 1420 1320 1506 recognosoendum
1340 1428 1455 1484 utrum

342 1528 568 1608 postmortem
588 1520 707 1606 prefati
726 1519 905 1585 Alexandri
927 1521 1115 1608 homagium
1137 1522 1285 1588 lecerunt
1306 1522 1456 1608 predicto

343 1624 528 1691 Alexandro
542 1624 609 1688 filio
623 1646 682 1689 suo
695 1623 773 1689 dum
790 1624 855 1689 fuit
868 1623 904 1688 in
917 1624 1066 1691 custodia
1079 1626 1181 1712 ipsius
1196 1625 1338 1691 Rioardi

410 1728 454 1793 Et
468 1727 651 1793 Randullus
665 1726 706 1792 de
722 1727 925 1793 Hamewella
938 1736 974 1793 et
987 1728 1045 1793 alii
1058 1714 1217 1795 iuratores
1231 1737 1291 1795 ete
1304 1736 1340 1794 et
1354 1728 1455 1795 intra¹

343 1832 458 1899 dieunt
487 1832 574 1919 quod
603 1831 768 1919 prediatus
797 1832 984 1898 Alexander
1012 1841 1107 1919 pater
1139 1833 1242 1920 ipsius
1274 1833 1456 1899 Alexandri

344 1936 445 2003 tercio
467 1935 520 2001 die
542 1943 619 2002 ante
641 1942 779 2000 mortem
802 1957 894 2000 suam
917 1936 1034 2001 habuit
1055 1937 1090 2002 in
1111 1936 1220 2002 animo
1241 1938 1457 2024 promouendi

344 2039 466 2104 dictam
481 2037 700 2105 Clemenoiam
718 2036 812 2103 dedit
831 2038 862 2103 ei
882 2045 1002 2104 terram
1023 2038 1114 2104 illam
1135 2047 1171 2105 et
1192 2038 1283 2105 misit
1304 2040 1353 2105 ibi
1374 2040 1457 2105 duos

344 2142 524 2209 seruientes
545 2164 620 2208 oum
645 2142 793 2229 predicta
816 2142 1002 2209 Clemenoia
1026 2152 1062 2210 et
1087 2144 1165 2209 fecit
1187 2144 1219 2209 ei
1243 2144 1398 2211 saisinam
1420 2154 1457 2211 et

345 2247 457 2313 statim
481 2267 611 2311 reuersa
632 2252 683 2309 est
704 2244 762 2311 illa
783 2244 970 2312 Clemencia
991 2246 1034 2311 ad
1055 2255 1182 2333 patrem
1204 2268 1300 2311 suum
1324 2255 1360 2312 et
1386 2247 1456 2333 ipse

344 2348 529 2415 Alexander
543 2347 643 2413 tercio
657 2347 710 2413 die
725 2347 816 2425 obiit,
828 2355 863 2412 et
877 2356 1006 2413 mortuo
1016 2370 1055 2414 eo
1066 2347 1179 2414 statim
1190 2349 1278 2435 oepit
1288 2349 1456 2415 dominus'

298 2442 300 2449 ¹
345 2452 526 2517 manerium
540 2452 623 2516 illud
644 2450 679 2516 in
699 2473 833 2516 manum
852 2474 944 2517 suam
964 2452 1061 2517 simul
1083 2475 1158 2518 oum
1180 2452 1252 2517 aliis
1273 2452 1370 2518 terris
1391 2476 1456 2541 que

346 2557 479 2622 fuerunt
507 2555 609 2642 ipsius
638 2555 824 2633 Alexandri,
850 2564 886 2621 et
914 2556 997 2622 illud
1026 2557 1123 2622 simul
1152 2580 1227 2622 oum
1256 2557 1330 2624 aliis
1358 2559 1456 2623 terris

345 2659 507 2724 commisit
520 2659 556 2723 in
569 2659 717 2724 custodia
730 2659 877 2745 predicto
891 2659 1030 2725 Rioardo
1044 2659 1142 2724 simul
1156 2683 1231 2725 oum
1245 2660 1314 2726 filio
1332 2660 1455 2747 primo·

345 2764 457 2852 genito
479 2772 514 2828 et
535 2764 653 2830 herede
675 2764 777 2850 ipsius
799 2763 1002 2843 Alexandri⁸,
1026 2785 1124 2850 quem
1147 2764 1279 2851 quidem
1300 2765 1456 2830 heredem

345 2867 433 2933 idem
447 2867 605 2933 Rioardus
620 2867 789 2933 maritauit
805 2868 934 2934 cuidam
949 2869 1047 2933 sorori
1062 2891 1119 2933 sue
1137 2878 1173 2934 et
1192 2877 1320 2934 mortuo
1340 2869 1454 2934 eodem

345 2970 464 3035 herede
485 2969 702 3057 primogenito
723 2969 903 3056 assignauit
924 2970 1012 3035 idem
1034 2969 1193 3035 Rioardus
1218 2971 1329 3035 dotem
1355 2972 1456 3035 sorori

345 3097 403 3140 sue
418 3075 458 3140 de
474 3075 587 3140 eadem
602 3085 697 3152 terra,
712 3083 746 3141 et
761 3075 864 3140 eciam
886 3074 964 3139 fecit
983 3074 1090 3160 ipsum
1110 3073 1334 3140 Alexandrum
1348 3075 1453 3139 filium

346 3176 448 3263 ipsius
462 3177 640 3242 Alexandri
657 3185 730 3263 post
750 3186 887 3242 mortem
909 3177 1018 3242 fratris
1038 3178 1089 3243 sui
1110 3177 1320 3264 primogeniti
1340 3200 1455 3264 oapere

345 3280 499 3368 homagia
527 3280 700 3347 liberorum
730 3282 900 3348 hominum
929 3283 1031 3348 libere
1060 3283 1246 3347 tenenoium
1272 3282 1314 3347 de
1339 3283 1455 3348 eodem

347 3385 490 3451 manerio
515 3385 600 3450 sicut
624 3385 688 3472 ipsi
713 3386 808 3451 liberi
834 3386 981 3451 homines
1006 3393 1173 3472 presentes
1197 3385 1258 3451 hoc
1282 3394 1455 3454 testantur.

347 3487 392 3552 Et
413 3487 528 3552 dieunt
549 3488 636 3574 quod
655 3488 721 3552 iam
742 3488 870 3554 duobus
889 3488 983 3553 annis
1002 3487 1121 3575 elapsis
1135 3488 1244 3554 uenit⁴
1257 3488 1300 3555 ad
1314 3490 1455 3556 hundre

347 3589 426 3654 dum
456 3598 491 3656 et
519 3589 778 3677 wapentachium
809 3599 844 3657 et
874 3590 1019 3656 ostendit
1046 3599 1170 3657 cartam
1199 3593 1319 3657 factam
1347 3595 1454 3660 eidem

348 3694 532 3762 Clemenuie
546 3694 588 3760 de
609 3695 813 3774 leolamento,
828 3704 879 3762 set
898 3697 955 3761 illa
975 3697 1100 3762 nullam
1121 3697 1218 3761 aliam
1240 3697 1358 3763 habuit
1379 3699 1455 3763 inde

347 3798 499 3864 saisinam
520 3799 584 3864 nisi
605 3799 783 3864 secundum
805 3799 892 3886 quod
912 3798 1097 3886 predictum
1119 3806 1177 3865 est.
1221 3799 1268 3866 Et
1286 3800 1362 3866 ideo
1380 3823 1455 3867 eon-

347 3902 524 3968 sideratum
539 3902 626 3990 quod
640 3903 827 3968 Alexander
844 3903 1053 3990 recuperauit
1071 3902 1223 3968 seisinam
1243 3913 1279 3970 et
1297 3904 1455 3970 Rioardus

347 4006 557 4073 custodiatur.
615 4006 660 4072 Et
695 4005 876 4073 uioecomes
910 4029 970 4094 per
1005 4015 1244 4072 sacramentum
1280 4009 1454 4094 proborum

347 4110 516 4176 hominum
539 4109 714 4198 diligenter
734 4111 879 4199 inquirat
900 4133 965 4199 que
989 4111 1133 4198 dampna
1156 4111 1244 4178 idem
1269 4113 1457 4181 Alexander
1550 4190 1551 4201 χ

380 4313 389 4346 ¹
406 4313 502 4364 Names
513 4311 543 4362 ol
549 4309 634 4376 iurors
644 4311 761 4364 omitted.

927 4314 950 4372 1,
982 4311 1040 4364 .86.

379 4380 391 4478 l
407 4377 736 4506 ldlllytlledxoerptltot.
748 4442 806 4495 Fin.
821 4443 872 4494 roh
957 4326 1132 4440 lemme&
1141 4375 1263 4427 mm·
