3167 5075
357 392 421 459 164
572 404 690 457 cosan
712 402 811 466 arca,
833 402 897 453 nn.
922 388 1081 465 1235-6,
1103 401 1166 453 aa
1191 388 1241 453 20.

356 576 457 643 donec
472 599 530 663 per
543 575 666 643 curiam
680 573 905 641 cristianitatis
925 574 989 640 fuit
1008 572 1190 640 disseisitus
1207 581 1243 639 et
1261 595 1321 659 per
1335 571 1414 649 eas',
1429 580 1465 637 et

356 680 442 766 petit
456 678 542 766 quod
555 678 657 766 possit
671 677 733 743 sibi
747 676 933 763 perquirere
953 697 1012 761 per
1030 675 1162 741 assisam
1182 697 1266 740 noue
1286 672 1465 749 disseisine,

357 790 392 847 et
406 782 600 860 conceditur,
610 790 644 847 et
660 780 759 845 habet
774 780 873 845 breue
888 778 924 843 in
938 777 1085 843 aduentu
1094 777 1252 843 Willelmi
1262 776 1304 842 de
1316 776 1467 863 Raleghs

358 885 393 950 in
409 884 558 951 Deuonia
569 906 674 950 coram
685 905 724 949 co
735 890 770 949 et
780 881 906 947 dictum
918 888 969 947 est
980 880 1214 947 Archidiscono
1225 880 1311 967 quod
1327 880 1467 967 prestita

358 989 509 1055 caucione
524 987 564 1053 de
584 986 725 1073 parendo
745 985 810 1052 iuri
830 984 928 1051 facim
945 1006 1021 1049 cum
1036 984 1161 1050 absolui
1175 984 1211 1049 in
1225 984 1305 1050 facie
1321 982 1465 1060 ecclesie
1560 993 1561 1026 ἒ

359 1101 393 1158 et
407 1092 477 1179 ipss
492 1090 679 1177 manucapit
693 1089 753 1155 hoc
768 1097 828 1155 etc.
1395 1148 1398 1151 ,
1560 1139 1561 1180 ἦ

227 1204 321 1269 1144.
424 1196 616 1282 Preceptum
646 1193 710 1258 fuit
738 1191 923 1259 uicecomiti
951 1191 1038 1278 quod
1067 1192 1179 1257 uenire
1208 1193 1329 1258 faceret
1358 1212 1466 1257 coram
1560 1213 1561 1274 3

240 1304 304 1344 ffl-
359 1299 452 1364 Dom.
479 1298 569 1385 Rege
595 1296 650 1382 xij.
675 1318 733 1383 per
762 1317 842 1382 quos
865 1303 924 1361 etc.
952 1303 987 1360 ct
1012 1303 1161 1381 preterea
1186 1294 1251 1382 viij.
1278 1294 1402 1360 milites
1427 1292 1468 1358 de
1560 1341 1561 1350 a

360 1403 487 1469 uisneto
501 1402 543 1467 de
557 1401 698 1467 Pecham
711 1422 770 1487 per
784 1422 864 1487 quos
878 1400 926 1465 rei
946 1399 1069 1465 ueritas
1086 1407 1145 1465 eta
1161 1398 1204 1465 ed
1221 1397 1468 1464 certificandum
1560 1409 1561 1474 ζ

359 1508 452 1574 Dona
469 1508 593 1595 Regem
608 1527 705 1592 super
718 1513 957 1571 sacramentum
972 1528 1069 1571 suum
1080 1504 1240 1592 quomodo
1251 1511 1286 1569 et
1295 1503 1332 1569 in
1346 1502 1469 1590 quibus
1560 1561 1561 1570 ,

359 1611 456 1676 rebus
484 1608 641 1697 Magister
668 1608 853 1674 Willelmus
881 1608 1018 1695 Orespin
1044 1608 1122 1674 fecit
1144 1607 1403 1673 destruccionem
1427 1606 1469 1672 de
1560 1599 1561 1606 ἵ

360 1714 541 1781 hereditate
566 1714 726 1780 «iohannis
750 1712 810 1778 filii
833 1721 867 1778 et
891 1713 1019 1779 heredis
1048 1714 1226 1779 Manassen
1253 1712 1295 1778 de
1325 1712 1469 1778 Pecham

359 1819 446 1885 unde
476 1818 529 1905 xij.
558 1817 715 1884 iuratores
751 1816 809 1903 qui
844 1816 924 1883 alias
960 1816 1153 1883 iurauerunt
1187 1816 1343 1883 dixerunt
1379 1814 1470 1903 quod
1560 1871 1561 1890 ,

361 1920 522 1989 fecerunt¹¹
537 1920 791 1987 destruccionem
807 1919 849 1984 ad
864 1920 927 1985 ual„
942 1942 967 1985 c.
986 1919 1055 1985 libr.
1071 1928 1132 1985 ete.
1560 1907 1561 1990 l

427 2027 470 2091 Et
484 2025 561 2113 quia
574 2025 759 2091 conuictum
775 2031 826 2090 est
847 2023 1000 2110 quodibi
1021 2024 1201 2089 destruccio
1222 2024 1398 2089 manifesta
1420 2032 1471 2089 est

361 2130 508 2216 capiatur
523 2137 609 2195 terra
622 2127 657 2192 in
672 2150 805 2193 manum
820 2127 914 2194 Dom.
929 2128 1029 2215 Regis
1048 2136 1083 2193 et
1103 2126 1178 2194 inde
1197 2128 1295 2195 meiat
1314 2129 1470 2193 uolunta·
1560 2139 1561 2210 ζ

361 2241 429 2299 tem
452 2254 543 2297 suam
570 2252 628 2319 per
652 2230 810 2297 iudicium
836 2229 946 2296 curic⁸.
1000 2230 1079 2295 Post
1101 2232 1195 2297 uenit
1217 2232 1312 2297 Dom.
1334 2231 1410 2296 Rex
1436 2240 1471 2297 et
1560 2223 1561 2298 ἐ

361 2337 508 2404 concedit
534 2335 640 2402 eidem
667 2336 825 2423 Magistro
854 2334 1017 2400 Willelmo
1042 2335 1223 2401 custodiam
1246 2336 1337 2401 illam
1361 2335 1472 2401 adhuc
1560 2357 1561 2364 ¹

362 2470 419 2535 pro
435 2448 453 2511 l.
470 2446 586 2512 marcis
602 2446 649 2510 ita
663 2444 750 2531 quod
765 2444 980 2510 sufficientem
994 2443 1143 2509 inueniet
1157 2444 1367 2511 securitatem
1382 2445 1472 2531 quod
1560 2437 1561 2466 l

362 2550 510 2617 decatero
525 2573 590 2615 non
605 2549 701 2615 faciet
716 2558 849 2615 uastum
864 2549 918 2615 uel
935 2548 1192 2616 destruccionem
1213 2557 1248 2615 et
1267 2548 1356 2636 quod
1376 2549 1472 2615 heres
1560 2552 1561 2557 ’

363 2676 427 2719 non
441 2652 613 2718 maritetur
628 2651 685 2716 ubi
699 2651 924 2739 disparagetur
937 2659 998 2717 etc
1560 2718 1561 2721 ,

428 2755 554 2822 ‘Assisa
568 2755 661 2821 uenit
676 2757 881 2843 recognitum
899 2755 927 2821 si
942 2755 1106 2822 Walterus
1120 2754 1162 2820 de
1177 2754 1268 2820 Wilt’
1282 2755 1473 2842 capellanus
1560 2772 1561 2775 ’

363 2869 397 2926 et
412 2860 573 2926 Hemicus
587 2859 628 2925 de
643 2860 814 2948 Akelegha
827 2860 948 2926 iniuste
963 2869 998 2926 et
1012 2861 1082 2926 sine
1093 2859 1211 2925 iudicio
1222 2859 1475 2926 disseisiuerunt
1560 2944 1561 2955 ἵ

364 2965 530 3032 Mabiliam
546 2964 889 3032 deNumetdelibero
900 2965 1474 3054 tenementosuoinKippingescota
1560 2990 1561 3017 ³

363 3079 436 3157 post
457 3069 595 3156 primam
617 3069 858 3135 coronacionem
879 3079 939 3136 etc
960 3078 995 3136 et
1017 3069 1104 3136 unde
1126 3071 1274 3157 queritur
1294 3070 1385 3158 quod
1407 3071 1474 3137 dis
1560 3054 1561 3095 l

362 3175 558 3240 seisiuerunt
572 3195 645 3239 eam
659 3173 701 3238 de
716 3173 856 3261 quadam
877 3183 963 3240 terra
982 3182 1144 3242 montana
1188 3175 1233 3240 Et
1248 3175 1418 3242 Waltems
1439 3187 1474 3242 et

363 3279 525 3344 Hemicus
539 3277 678 3342 ueniunt
693 3284 727 3341 et
741 3275 856 3342 dicunt
871 3277 957 3364 quod
976 3300 1041 3343 non
1061 3277 1160 3344 debet
1178 3279 1255 3345 inde
1278 3281 1381 3347 assisa
1400 3282 1475 3348 fieri
1560 3264 1561 3287 ³

363 3383 519 3469 quianon
534 3380 779 3446 disseiducrunt
794 3402 867 3446 eam
881 3380 922 3447 de
936 3381 1045 3469 aliquo
1061 3390 1249 3450 tenemento
1263 3385 1342 3471 quia
1355 3409 1477 3452 reuera
1560 3382 1561 3385 '

364 3495 588 3554 tenementum
603 3485 685 3552 illud
700 3487 741 3553 de
755 3488 1105 3574 quoassisaaramiata
1115 3497 1233 3570 estest
1243 3499 1476 3558 tenementum
1560 3512 1561 3559 ξ

365 3593 514 3680 Episcopi
530 3592 719 3659 Exoniensis
734 3601 769 3657 et
788 3592 864 3659 inde
879 3593 967 3680 capit
981 3616 1091 3660 aruras
1105 3603 1141 3660 et
1155 3596 1425 3663 consuetudines⁸
1439 3607 1477 3664 et
1560 3584 1561 3613 ¹

364 3697 436 3784 ipsa
458 3696 558 3762 nichil
579 3705 687 3783 potest
707 3697 827 3764 habore
846 3697 888 3764 de
908 3707 1096 3765 tenemento
1111 3699 1175 3778 illc,
1190 3708 1225 3765 et
1245 3700 1322 3767 inde
1342 3711 1477 3789 ponunt
1560 3682 1561 3763 l

365 3822 398 3865 se
414 3823 511 3887 super
524 3800 673 3866 iuratam
1560 3814 1561 3823 ’

428 3904 596 3969 «iuratores
621 3901 735 3969 dicunt
758 3903 845 3990 quod
871 3904 1008 3991 predicti
1030 3905 1195 3973 Walterus
1220 3910 1410 3996 capellanus
1440 3923 1478 3979 et

365 4007 527 4072 Hemicus
541 4007 582 4073 de
597 4007 769 4096 Akelegha
778 4007 1108 4078 destinantem
1119 4012 1271 4080 delibero
1281 4024 1478 4086 tenemento

381 4172 478 4337 {gii
652 4303 659 4316 ι
691 4303 698 4318 ·
942 4178 1184 4320 wpnfflfflh
1205 4245 1235 4298 of
1254 4244 1301 4298 the
1327 4247 1395 4301 land
1420 4266 1479 4304 owe

424 4303 470 4354 Br.
482 4304 501 4354 l.
518 4305 575 4357 817.
609 4303 674 4356 Tlns
690 4319 714 4357 rs
729 4303 797 4357 rsa.
812 4307 890 4366 Wart,
941 4307 1086 4373 ploughmg
1096 4309 1240 4363 audather
1256 4311 1369 4367 mdccc
1384 4321 1413 4368 to
1430 4317 1478 4369 ahc

368 4369 424 4420 188.
942 4371 1043 4438 bishop.

399 4435 494 4485 ⁴Hers
520 4434 610 4499 begins
632 4450 648 4486 a
670 4434 748 4488 series
770 4436 891 4489 cluat-
