<?xml version="1.0" encoding="UTF-8"?>
<!DOCTYPE html PUBLIC "-//W3C//DTD XHTML 1.0 Transitional//EN"
    "http://www.w3.org/TR/xhtml1/DTD/xhtml1-transitional.dtd">
<html xmlns="http://www.w3.org/1999/xhtml" xml:lang="en" lang="en">
 <head>
  <title>
</title>
<meta http-equiv="Content-Type" content="text/html;charset=utf-8" />
  <meta name='ocr-system' content='tesseract 3.04.00' />
  <meta name='ocr-capabilities' content='ocr_page ocr_carea ocr_par ocr_line ocrx_word'/>
</head>
<body>
  <div class='ocr_page' id='page_1' title='image "bractonsnoteboo03maitgoog_0521.png"; bbox 0 0 3167 5075; ppageno 0'>
   <div class='ocr_carea' id='block_1_1' title="bbox 349 375 1223 458">
    <p class='ocr_par' dir='ltr' id='par_1_1' title="bbox 349 375 1223 458">
     <span class='ocr_line' id='line_1_1' title="bbox 349 375 1223 458; baseline 0.005 -14"><span class='ocrx_word' id='word_1_1' title='bbox 349 395 582 458; x_wconf 66' lang='lat' dir='ltr'>monimum,</span> <span class='ocrx_word' id='word_1_2' title='bbox 604 375 669 445; x_wconf 70' lang='lat' dir='ltr'>asc.</span> <span class='ocrx_word' id='word_1_3' title='bbox 695 383 787 458; x_wconf 77' lang='lat'>1223,</span> <span class='ocrx_word' id='word_1_4' title='bbox 811 397 872 446; x_wconf 74' lang='lat' dir='ltr'>an</span> <span class='ocrx_word' id='word_1_5' title='bbox 896 380 989 449; x_wconf 85' lang='lat'><strong>7-8.</strong></span> <span class='ocrx_word' id='word_1_6' title='bbox 1158 387 1223 448; x_wconf 82' lang='lat'>505</span> 
     </span>
    </p>
   </div>
   <div class='ocr_carea' id='block_1_2' title="bbox 48 565 1328 2518">
    <p class='ocr_par' dir='ltr' id='par_1_2' title="bbox 109 565 1224 1587">
     <span class='ocr_line' id='line_1_2' title="bbox 109 565 1222 653; baseline 0.003 -21"><span class='ocrx_word' id='word_1_7' title='bbox 109 565 258 653; x_wconf 16' lang='lat' dir='ltr'>‘lissexie</span> <span class='ocrx_word' id='word_1_8' title='bbox 282 575 317 631; x_wconf 89' lang='lat' dir='ltr'>et</span> <span class='ocrx_word' id='word_1_9' title='bbox 340 566 423 631; x_wconf 87' lang='lat' dir='ltr'>bene</span> <span class='ocrx_word' id='word_1_10' title='bbox 448 567 582 652; x_wconf 89' lang='lat' dir='ltr'>putauit</span> <span class='ocrx_word' id='word_1_11' title='bbox 606 567 693 652; x_wconf 93' lang='lat' dir='ltr'>quod</span> <span class='ocrx_word' id='word_1_12' title='bbox 718 589 777 652; x_wconf 90' lang='lat' dir='ltr'>per</span> <span class='ocrx_word' id='word_1_13' title='bbox 802 568 987 634; x_wconf 88' lang='lat' dir='ltr'>libertatem</span> <span class='ocrx_word' id='word_1_14' title='bbox 1013 569 1103 634; x_wconf 90' lang='lat' dir='ltr'>illam</span> <span class='ocrx_word' id='word_1_15' title='bbox 1128 569 1222 635; x_wconf 86' lang='lat' dir='ltr'>illum</span> 
     </span>
     <span class='ocr_line' id='line_1_3' title="bbox 118 669 1222 756; baseline 0.004 -21"><span class='ocrx_word' id='word_1_16' title='bbox 118 671 226 735; x_wconf 78' lang='lat' dir='ltr'>leuare</span> <span class='ocrx_word' id='word_1_17' title='bbox 253 670 369 756; x_wconf 90' lang='lat' dir='ltr'>potuit.</span> <span class='ocrx_word' id='word_1_18' title='bbox 413 671 457 734; x_wconf 88' lang='lat' dir='ltr'>Et</span> <span class='ocrx_word' id='word_1_19' title='bbox 480 669 557 755; x_wconf 85' lang='lat' dir='ltr'>quia</span> <span class='ocrx_word' id='word_1_20' title='bbox 583 670 673 734; x_wconf 85' lang='lat' dir='ltr'>nulle</span> <span class='ocrx_word' id='word_1_21' title='bbox 698 671 762 735; x_wconf 85' lang='lat' dir='ltr'>fuit</span> <span class='ocrx_word' id='word_1_22' title='bbox 791 671 917 736; x_wconf 86' lang='lat' dir='ltr'><strong>mencio</strong></span> <span class='ocrx_word' id='word_1_23' title='bbox 945 673 981 738; x_wconf 91' lang='lat' dir='ltr'>in</span> <span class='ocrx_word' id='word_1_24' title='bbox 1010 681 1099 738; x_wconf 87' lang='lat' dir='ltr'>carta</span> <span class='ocrx_word' id='word_1_25' title='bbox 1127 674 1222 740; x_wconf 84' lang='lat' dir='ltr'>Dom.</span> 
     </span>
     <span class='ocr_line' id='line_1_4' title="bbox 117 774 1223 862; baseline 0.005 -24"><span class='ocrx_word' id='word_1_26' title='bbox 117 775 217 861; x_wconf 84' lang='lat' dir='ltr'>Regis</span> <span class='ocrx_word' id='word_1_27' title='bbox 239 774 281 839; x_wconf 90' lang='lat' dir='ltr'>de</span> <span class='ocrx_word' id='word_1_28' title='bbox 303 775 363 839; x_wconf 83' lang='lat' dir='ltr'>tali</span> <span class='ocrx_word' id='word_1_29' title='bbox 384 774 546 851; x_wconf 87' lang='lat' dir='ltr'>libertate,</span> <span class='ocrx_word' id='word_1_30' title='bbox 568 774 805 839; x_wconf 87' lang='lat' dir='ltr'>consideratum</span> <span class='ocrx_word' id='word_1_31' title='bbox 828 785 878 840; x_wconf 87' lang='lat' dir='ltr'>est</span> <span class='ocrx_word' id='word_1_32' title='bbox 901 776 987 862; x_wconf 92' lang='lat' dir='ltr'>quod</span> <span class='ocrx_word' id='word_1_33' title='bbox 1010 777 1223 844; x_wconf 88' lang='lat' dir='ltr'>tumberellus</span> 
     </span>
     <span class='ocr_line' id='line_1_5' title="bbox 116 876 1224 963; baseline 0.005 -21"><span class='ocrx_word' id='word_1_34' title='bbox 116 885 341 963; x_wconf 77' lang='lat' dir='ltr'>prosternatur</span> <span class='ocrx_word' id='word_1_35' title='bbox 375 887 410 942; x_wconf 90' lang='lat' dir='ltr'>et</span> <span class='ocrx_word' id='word_1_36' title='bbox 445 876 606 941; x_wconf 86' lang='lat' dir='ltr'>Radulfus</span> <span class='ocrx_word' id='word_1_37' title='bbox 633 877 669 941; x_wconf 91' lang='lat' dir='ltr'>in</span> <span class='ocrx_word' id='word_1_38' title='bbox 698 877 923 945; x_wconf 65' lang='lat' dir='ltr'>misericordia</span> <span class='ocrx_word' id='word_1_39' title='bbox 966 880 1025 946; x_wconf 88' lang='lat' dir='ltr'>Et¹</span> <span class='ocrx_word' id='word_1_40' title='bbox 1055 881 1096 946; x_wconf 93' lang='lat' dir='ltr'>de</span> <span class='ocrx_word' id='word_1_41' title='bbox 1126 882 1224 948; x_wconf 88' lang='lat' dir='ltr'>furcis</span> 
     </span>
     <span class='ocr_line' id='line_1_6' title="bbox 115 970 1223 1070; baseline 0.005 -24"><span class='ocrx_word' id='word_1_42' title='bbox 115 983 174 1046; x_wconf 87' lang='lat' dir='ltr'>fiat</span> <span class='ocrx_word' id='word_1_43' title='bbox 188 970 299 1048; x_wconf 85' lang='lat' dir='ltr'>iurata</span> <span class='ocrx_word' id='word_1_44' title='bbox 312 990 346 1046; x_wconf 89' lang='lat' dir='ltr'>et</span> <span class='ocrx_word' id='word_1_45' title='bbox 361 981 475 1046; x_wconf 88' lang='lat' dir='ltr'>ueniat</span> <span class='ocrx_word' id='word_1_46' title='bbox 490 980 550 1045; x_wconf 83' lang='lat' dir='ltr'>teli</span> <span class='ocrx_word' id='word_1_47' title='bbox 564 981 618 1046; x_wconf 88' lang='lat' dir='ltr'>die</span> <span class='ocrx_word' id='word_1_48' title='bbox 632 991 692 1046; x_wconf 86' lang='lat' dir='ltr'>etc</span> <span class='ocrx_word' id='word_1_49' title='bbox 708 982 751 1046; x_wconf 92' lang='lat' dir='ltr'>ad</span> <span class='ocrx_word' id='word_1_50' title='bbox 769 984 1060 1070; x_wconf 82' lang='lat' dir='ltr'>recognoscendum</span> <span class='ocrx_word' id='word_1_51' title='bbox 1081 985 1110 1049; x_wconf 89' lang='lat' dir='ltr'>si</span> <span class='ocrx_word' id='word_1_52' title='bbox 1135 986 1223 1051; x_wconf 85' lang='lat' dir='ltr'>force</span> 
     </span>
     <span class='ocr_line' id='line_1_7' title="bbox 115 1084 1223 1174; baseline 0.004 -24"><span class='ocrx_word' id='word_1_53' title='bbox 115 1087 226 1152; x_wconf 82' lang='lat' dir='ltr'>leuste</span> <span class='ocrx_word' id='word_1_54' title='bbox 248 1087 381 1151; x_wconf 82' lang='lat' dir='ltr'>fuerunt</span> <span class='ocrx_word' id='word_1_55' title='bbox 402 1086 439 1150; x_wconf 93' lang='lat' dir='ltr'>in</span> <span class='ocrx_word' id='word_1_56' title='bbox 461 1084 623 1171; x_wconf 82' lang='lat' dir='ltr'>Shiptona</span> <span class='ocrx_word' id='word_1_57' title='bbox 636 1109 695 1172; x_wconf 87' lang='lat' dir='ltr'>per</span> <span class='ocrx_word' id='word_1_58' title='bbox 709 1094 926 1154; x_wconf 76' lang='lat' dir='ltr'>antecessores</span> <span class='ocrx_word' id='word_1_59' title='bbox 940 1089 1078 1174; x_wconf 78' lang='lat' dir='ltr'>predicti</span> <span class='ocrx_word' id='word_1_60' title='bbox 1093 1089 1223 1154; x_wconf 85' lang='lat' dir='ltr'>Radulfi</span> 
     </span>
     <span class='ocr_line' id='line_1_8' title="bbox 113 1190 1224 1279; baseline 0.003 -24"><span class='ocrx_word' id='word_1_61' title='bbox 113 1191 203 1275; x_wconf 77' lang='lat' dir='ltr'>post*</span> <span class='ocrx_word' id='word_1_62' title='bbox 234 1201 304 1267; x_wconf 85' lang='lat' dir='ltr'>etc,</span> <span class='ocrx_word' id='word_1_63' title='bbox 334 1200 369 1255; x_wconf 89' lang='lat' dir='ltr'>et</span> <span class='ocrx_word' id='word_1_64' title='bbox 397 1190 426 1254; x_wconf 90' lang='lat' dir='ltr'>si</span> <span class='ocrx_word' id='word_1_65' title='bbox 454 1190 586 1276; x_wconf 81' lang='lat' dir='ltr'>quidem</span> <span class='ocrx_word' id='word_1_66' title='bbox 617 1191 763 1277; x_wconf 81' lang='lat' dir='ltr'>Rogems</span> <span class='ocrx_word' id='word_1_67' title='bbox 788 1199 904 1276; x_wconf 83' lang='lat' dir='ltr'>ceptus</span> <span class='ocrx_word' id='word_1_68' title='bbox 929 1200 989 1257; x_wconf 89' lang='lat' dir='ltr'>etc.</span> <span class='ocrx_word' id='word_1_69' title='bbox 1018 1192 1052 1257; x_wconf 91' lang='lat' dir='ltr'>iu</span> <span class='ocrx_word' id='word_1_70' title='bbox 1078 1193 1224 1279; x_wconf 88' lang='lat' dir='ltr'>predicto</span> 
     </span>
     <span class='ocr_line' id='line_1_9' title="bbox 113 1294 1223 1376; baseline 0.004 -18"><span class='ocrx_word' id='word_1_71' title='bbox 113 1294 260 1360; x_wconf 85' lang='lat' dir='ltr'>manerio</span> <span class='ocrx_word' id='word_1_72' title='bbox 281 1295 445 1360; x_wconf 87' lang='lat' dir='ltr'>iudicatus</span> <span class='ocrx_word' id='word_1_73' title='bbox 467 1294 531 1360; x_wconf 88' lang='lat' dir='ltr'>fuit</span> <span class='ocrx_word' id='word_1_74' title='bbox 553 1295 587 1359; x_wconf 90' lang='lat' dir='ltr'>in</span> <span class='ocrx_word' id='word_1_75' title='bbox 610 1294 779 1360; x_wconf 83' lang='lat' dir='ltr'>hundredo</span> <span class='ocrx_word' id='word_1_76' title='bbox 801 1295 1014 1363; x_wconf 82' lang='lat' dir='ltr'>Oireucestrie</span> <span class='ocrx_word' id='word_1_77' title='bbox 1036 1306 1106 1376; x_wconf 84' lang='lat' dir='ltr'>cte,</span> <span class='ocrx_word' id='word_1_78' title='bbox 1132 1306 1166 1363; x_wconf 91' lang='lat' dir='ltr'>ct</span> <span class='ocrx_word' id='word_1_79' title='bbox 1195 1297 1223 1362; x_wconf 91' lang='lat' dir='ltr'>si</span> 
     </span>
     <span class='ocr_line' id='line_1_10' title="bbox 112 1398 1224 1486; baseline 0.004 -23"><span class='ocrx_word' id='word_1_80' title='bbox 112 1409 300 1464; x_wconf 75' lang='lat' dir='ltr'>antecessor</span> <span class='ocrx_word' id='word_1_81' title='bbox 338 1399 477 1486; x_wconf 75' lang='lat' dir='ltr'>predicti</span> <span class='ocrx_word' id='word_1_82' title='bbox 513 1399 645 1464; x_wconf 87' lang='lat' dir='ltr'>Radulfi</span> <span class='ocrx_word' id='word_1_83' title='bbox 682 1398 799 1463; x_wconf 87' lang='lat' dir='ltr'>habuit</span> <span class='ocrx_word' id='word_1_84' title='bbox 836 1400 1022 1466; x_wconf 85' lang='lat' dir='ltr'>libertatem</span> <span class='ocrx_word' id='word_1_85' title='bbox 1058 1401 1224 1467; x_wconf 82' lang='lat' dir='ltr'>iudicandi</span> 
     </span>
     <span class='ocr_line' id='line_1_11' title="bbox 114 1501 812 1587; baseline 0.001 -21"><span class='ocrx_word' id='word_1_86' title='bbox 114 1501 259 1566; x_wconf 87' lang='lat' dir='ltr'>latrones</span> <span class='ocrx_word' id='word_1_87' title='bbox 273 1511 384 1587; x_wconf 84' lang='lat' dir='ltr'>captos</span> <span class='ocrx_word' id='word_1_88' title='bbox 397 1502 433 1566; x_wconf 91' lang='lat' dir='ltr'>in</span> <span class='ocrx_word' id='word_1_89' title='bbox 447 1502 561 1567; x_wconf 90' lang='lat' dir='ltr'>eodem</span> <span class='ocrx_word' id='word_1_90' title='bbox 577 1502 737 1566; x_wconf 83' lang='lat' dir='ltr'>manerio&#39;</span> <span class='ocrx_word' id='word_1_91' title='bbox 751 1511 812 1568; x_wconf 87' lang='lat' dir='ltr'>eto.</span> 
     </span>
    </p>

    <p class='ocr_par' dir='ltr' id='par_1_3' title="bbox 48 1605 1328 2518">
     <span class='ocr_line' id='line_1_12' title="bbox 48 1605 1328 1692; baseline 0.006 -23"><span class='ocrx_word' id='word_1_92' title='bbox 48 1616 76 1679; x_wconf 69' lang='lat'>32</span> <span class='ocrx_word' id='word_1_93' title='bbox 176 1605 262 1670; x_wconf 79' lang='lat' dir='ltr'>‘Ida</span> <span class='ocrx_word' id='word_1_94' title='bbox 276 1606 316 1670; x_wconf 92' lang='lat' dir='ltr'>de</span> <span class='ocrx_word' id='word_1_95' title='bbox 332 1605 507 1692; x_wconf 86' lang='lat' dir='ltr'>Lingwode</span> <span class='ocrx_word' id='word_1_96' title='bbox 526 1605 707 1670; x_wconf 81' lang='lat' dir='ltr'>attachieta</span> <span class='ocrx_word' id='word_1_97' title='bbox 728 1606 793 1671; x_wconf 86' lang='lat' dir='ltr'>fuit</span> <span class='ocrx_word' id='word_1_98' title='bbox 812 1606 855 1671; x_wconf 91' lang='lat' dir='ltr'>ad</span> <span class='ocrx_word' id='word_1_99' title='bbox 873 1607 1130 1691; x_wconf 84' lang='lat' dir='ltr'>respondendum</span> <span class='ocrx_word' id='word_1_100' title='bbox 1150 1610 1223 1675; x_wconf 89' lang='lat' dir='ltr'>Ade</span> <span class='ocrx_word' id='word_1_101' title='bbox 1304 1645 1328 1677; x_wconf 73' lang='lat' dir='ltr'>or</span> 
     </span>
     <span class='ocr_line' id='line_1_13' title="bbox 112 1707 1222 1794; baseline 0.005 -22"><span class='ocrx_word' id='word_1_102' title='bbox 112 1707 151 1772; x_wconf 88' lang='lat' dir='ltr'>de</span> <span class='ocrx_word' id='word_1_103' title='bbox 166 1707 402 1794; x_wconf 83' lang='lat' dir='ltr'>Berlingehem</span> <span class='ocrx_word' id='word_1_104' title='bbox 416 1707 503 1793; x_wconf 92' lang='lat' dir='ltr'>quod</span> <span class='ocrx_word' id='word_1_105' title='bbox 518 1718 630 1773; x_wconf 85' lang='lat' dir='ltr'>teneat</span> <span class='ocrx_word' id='word_1_106' title='bbox 644 1708 677 1773; x_wconf 91' lang='lat' dir='ltr'>ei</span> <span class='ocrx_word' id='word_1_107' title='bbox 690 1708 789 1773; x_wconf 89' lang='lat' dir='ltr'>finem</span> <span class='ocrx_word' id='word_1_108' title='bbox 805 1709 927 1773; x_wconf 82' lang='lat' dir='ltr'>factum</span> <span class='ocrx_word' id='word_1_109' title='bbox 943 1719 1002 1774; x_wconf 91' lang='lat' dir='ltr'>etc.</span> <span class='ocrx_word' id='word_1_110' title='bbox 1016 1711 1050 1774; x_wconf 88' lang='lat' dir='ltr'>in</span> <span class='ocrx_word' id='word_1_111' title='bbox 1062 1711 1151 1776; x_wconf 79' lang='lat' dir='ltr'>curis</span> <span class='ocrx_word' id='word_1_112' title='bbox 1161 1721 1222 1778; x_wconf 82' lang='lat' dir='ltr'>etc</span> 
     </span>
     <span class='ocr_line' id='line_1_14' title="bbox 111 1809 1223 1900; baseline 0.009 -28"><span class='ocrx_word' id='word_1_113' title='bbox 111 1809 199 1875; x_wconf 88' lang='lat' dir='ltr'>iuter</span> <span class='ocrx_word' id='word_1_114' title='bbox 225 1810 365 1875; x_wconf 88' lang='lat' dir='ltr'>eundem</span> <span class='ocrx_word' id='word_1_115' title='bbox 389 1811 496 1876; x_wconf 80' lang='lat' dir='ltr'>Adam</span> <span class='ocrx_word' id='word_1_116' title='bbox 520 1820 555 1877; x_wconf 88' lang='lat' dir='ltr'>et</span> <span class='ocrx_word' id='word_1_117' title='bbox 579 1812 781 1877; x_wconf 91' lang='lat' dir='ltr'>Willelmum</span> <span class='ocrx_word' id='word_1_118' title='bbox 806 1812 900 1877; x_wconf 83' lang='lat' dir='ltr'>Oolet</span> <span class='ocrx_word' id='word_1_119' title='bbox 924 1813 1055 1878; x_wconf 69' lang='lat' dir='ltr'>fratrem</span> <span class='ocrx_word' id='word_1_120' title='bbox 1079 1816 1223 1900; x_wconf 88' lang='lat' dir='ltr'>predicte</span> 
     </span>
     <span class='ocr_line' id='line_1_15' title="bbox 111 1913 1223 2002; baseline 0.007 -26"><span class='ocrx_word' id='word_1_121' title='bbox 111 1913 170 1978; x_wconf 89' lang='lat' dir='ltr'>lde</span> <span class='ocrx_word' id='word_1_122' title='bbox 185 1913 284 1978; x_wconf 86' lang='lat' dir='ltr'>cuius</span> <span class='ocrx_word' id='word_1_123' title='bbox 298 1915 392 1978; x_wconf 89' lang='lat' dir='ltr'>heres</span> <span class='ocrx_word' id='word_1_124' title='bbox 405 1923 466 1981; x_wconf 87' lang='lat' dir='ltr'>etc.</span> <span class='ocrx_word' id='word_1_125' title='bbox 482 1913 523 1978; x_wconf 92' lang='lat' dir='ltr'>de</span> <span class='ocrx_word' id='word_1_126' title='bbox 538 1937 605 1978; x_wconf 92' lang='lat' dir='ltr'>una</span> <span class='ocrx_word' id='word_1_127' title='bbox 619 1937 722 1980; x_wconf 82' lang='lat' dir='ltr'>carue</span> <span class='ocrx_word' id='word_1_128' title='bbox 739 1923 824 1980; x_wconf 89' lang='lat' dir='ltr'>terre</span> <span class='ocrx_word' id='word_1_129' title='bbox 844 1939 919 1979; x_wconf 87' lang='lat' dir='ltr'>cum</span> <span class='ocrx_word' id='word_1_130' title='bbox 941 1926 1022 2002; x_wconf 89' lang='lat' dir='ltr'>pert.</span> <span class='ocrx_word' id='word_1_131' title='bbox 1044 1918 1078 1982; x_wconf 92' lang='lat' dir='ltr'>in</span> <span class='ocrx_word' id='word_1_132' title='bbox 1102 1919 1223 1985; x_wconf 78' lang='lat' dir='ltr'>Estoue</span> 
     </span>
     <span class='ocr_line' id='line_1_16' title="bbox 111 2017 1222 2106; baseline 0.005 -24"><span class='ocrx_word' id='word_1_133' title='bbox 111 2019 200 2083; x_wconf 88' lang='lat' dir='ltr'>unde</span> <span class='ocrx_word' id='word_1_134' title='bbox 227 2018 461 2106; x_wconf 78' lang='lat' dir='ltr'>cyrographum</span> <span class='ocrx_word' id='word_1_135' title='bbox 486 2027 546 2083; x_wconf 86' lang='lat' dir='ltr'>etc</span> <span class='ocrx_word' id='word_1_136' title='bbox 571 2019 656 2103; x_wconf 90' lang='lat' dir='ltr'>quod</span> <span class='ocrx_word' id='word_1_137' title='bbox 677 2018 798 2102; x_wconf 88' lang='lat' dir='ltr'>profert</span> <span class='ocrx_word' id='word_1_138' title='bbox 817 2017 896 2098; x_wconf 77' lang='lat' dir='ltr'>etc.⁰,</span> <span class='ocrx_word' id='word_1_139' title='bbox 912 2019 998 2085; x_wconf 90' lang='lat' dir='ltr'>unde</span> <span class='ocrx_word' id='word_1_140' title='bbox 1013 2021 1100 2086; x_wconf 90' lang='lat' dir='ltr'>idem</span> <span class='ocrx_word' id='word_1_141' title='bbox 1115 2022 1222 2087; x_wconf 84' lang='lat' dir='ltr'>Adam</span> 
     </span>
     <span class='ocr_line' id='line_1_17' title="bbox 110 2120 1223 2208; baseline 0.005 -23"><span class='ocrx_word' id='word_1_142' title='bbox 110 2121 260 2186; x_wconf 89' lang='lat' dir='ltr'>ostendit</span> <span class='ocrx_word' id='word_1_143' title='bbox 286 2121 373 2206; x_wconf 91' lang='lat' dir='ltr'>quod</span> <span class='ocrx_word' id='word_1_144' title='bbox 397 2120 525 2186; x_wconf 88' lang='lat' dir='ltr'>desicut</span> <span class='ocrx_word' id='word_1_145' title='bbox 550 2121 621 2207; x_wconf 78' lang='lat' dir='ltr'>ipsu</span> <span class='ocrx_word' id='word_1_146' title='bbox 646 2132 697 2186; x_wconf 87' lang='lat' dir='ltr'>est</span> <span class='ocrx_word' id='word_1_147' title='bbox 722 2122 817 2187; x_wconf 89' lang='lat' dir='ltr'>heres</span> <span class='ocrx_word' id='word_1_148' title='bbox 842 2124 981 2208; x_wconf 87' lang='lat' dir='ltr'>predicti</span> <span class='ocrx_word' id='word_1_149' title='bbox 1007 2125 1162 2190; x_wconf 89' lang='lat' dir='ltr'>Willelmi</span> <span class='ocrx_word' id='word_1_150' title='bbox 1187 2135 1223 2191; x_wconf 91' lang='lat' dir='ltr'>et</span> 
     </span>
     <span class='ocr_line' id='line_1_18' title="bbox 110 2224 1223 2311; baseline 0.004 -21"><span class='ocrx_word' id='word_1_151' title='bbox 110 2235 237 2290; x_wconf 85' lang='lat' dir='ltr'>terram</span> <span class='ocrx_word' id='word_1_152' title='bbox 259 2225 291 2288; x_wconf 92' lang='lat' dir='ltr'>ei</span> <span class='ocrx_word' id='word_1_153' title='bbox 313 2224 413 2289; x_wconf 90' lang='lat' dir='ltr'>debet</span> <span class='ocrx_word' id='word_1_154' title='bbox 435 2225 643 2289; x_wconf 86' lang='lat' dir='ltr'>warentizare</span> <span class='ocrx_word' id='word_1_155' title='bbox 667 2233 726 2289; x_wconf 84' lang='lat' dir='ltr'>etc</span> <span class='ocrx_word' id='word_1_156' title='bbox 751 2247 811 2311; x_wconf 88' lang='lat' dir='ltr'>per</span> <span class='ocrx_word' id='word_1_157' title='bbox 833 2227 1015 2311; x_wconf 90' lang='lat' dir='ltr'>predictum</span> <span class='ocrx_word' id='word_1_158' title='bbox 1041 2229 1223 2308; x_wconf 88' lang='lat' dir='ltr'>seruioium,</span> 
     </span>
     <span class='ocr_line' id='line_1_19' title="bbox 109 2329 1222 2420; baseline 0.005 -26"><span class='ocrx_word' id='word_1_159' title='bbox 109 2331 182 2415; x_wconf 88' lang='lat' dir='ltr'>ipsa</span> <span class='ocrx_word' id='word_1_160' title='bbox 206 2352 275 2394; x_wconf 89' lang='lat' dir='ltr'>non</span> <span class='ocrx_word' id='word_1_161' title='bbox 297 2329 372 2394; x_wconf 91' lang='lat' dir='ltr'>uult</span> <span class='ocrx_word' id='word_1_162' title='bbox 394 2329 568 2394; x_wconf 86' lang='lat' dir='ltr'>seruicium</span> <span class='ocrx_word' id='word_1_163' title='bbox 593 2352 690 2394; x_wconf 88' lang='lat' dir='ltr'>suum</span> <span class='ocrx_word' id='word_1_164' title='bbox 713 2331 856 2416; x_wconf 89' lang='lat' dir='ltr'>recipere</span> <span class='ocrx_word' id='word_1_165' title='bbox 880 2355 940 2397; x_wconf 88' lang='lat' dir='ltr'>nec</span> <span class='ocrx_word' id='word_1_166' title='bbox 960 2355 1036 2398; x_wconf 88' lang='lat' dir='ltr'>eum</span> <span class='ocrx_word' id='word_1_167' title='bbox 1055 2334 1222 2420; x_wconf 84' lang='lat' dir='ltr'>aquietare</span> 
     </span>
     <span class='ocr_line' id='line_1_20' title="bbox 110 2431 1221 2518; baseline 0.005 -20"><span class='ocrx_word' id='word_1_168' title='bbox 110 2455 229 2498; x_wconf 88' lang='lat' dir='ltr'>uersus</span> <span class='ocrx_word' id='word_1_169' title='bbox 250 2432 405 2518; x_wconf 74' lang='lat' dir='ltr'>capitales</span> <span class='ocrx_word' id='word_1_170' title='bbox 424 2431 571 2496; x_wconf 90' lang='lat' dir='ltr'>dominos</span> <span class='ocrx_word' id='word_1_171' title='bbox 590 2441 649 2496; x_wconf 88' lang='lat' dir='ltr'>etc.</span> <span class='ocrx_word' id='word_1_172' title='bbox 670 2455 729 2518; x_wconf 89' lang='lat' dir='ltr'>per</span> <span class='ocrx_word' id='word_1_173' title='bbox 748 2433 835 2518; x_wconf 94' lang='lat' dir='ltr'>quod</span> <span class='ocrx_word' id='word_1_174' title='bbox 855 2433 1068 2501; x_wconf 80' lang='lat' dir='ltr'>deterioratos</span> <span class='ocrx_word' id='word_1_175' title='bbox 1088 2445 1138 2502; x_wconf 89' lang='lat' dir='ltr'>est</span> <span class='ocrx_word' id='word_1_176' title='bbox 1161 2445 1221 2504; x_wconf 88' lang='lat' dir='ltr'>etc.</span> 
     </span>
    </p>
   </div>
   <div class='ocr_carea' id='block_1_3' title="bbox 110 2538 1224 2632">
    <p class='ocr_par' dir='ltr' id='par_1_4' title="bbox 110 2538 1224 2632">
     <span class='ocr_line' id='line_1_21' title="bbox 110 2538 1224 2632; baseline 0.006 -29"><span class='ocrx_word' id='word_1_177' title='bbox 110 2540 153 2604; x_wconf 89' lang='lat' dir='ltr'>Et</span> <span class='ocrx_word' id='word_1_178' title='bbox 167 2538 236 2604; x_wconf 90' lang='lat' dir='ltr'>Ida</span> <span class='ocrx_word' id='word_1_179' title='bbox 251 2538 343 2604; x_wconf 89' lang='lat' dir='ltr'>uenit</span> <span class='ocrx_word' id='word_1_180' title='bbox 357 2547 392 2604; x_wconf 90' lang='lat' dir='ltr'>et</span> <span class='ocrx_word' id='word_1_181' title='bbox 407 2540 570 2626; x_wconf 84' lang='lat' dir='ltr'>cognoscit</span> <span class='ocrx_word' id='word_1_182' title='bbox 585 2539 683 2604; x_wconf 89' lang='lat' dir='ltr'>fincm</span> <span class='ocrx_word' id='word_1_183' title='bbox 698 2550 733 2605; x_wconf 90' lang='lat' dir='ltr'>et</span> <span class='ocrx_word' id='word_1_184' title='bbox 748 2541 972 2627; x_wconf 77' lang='lat' dir='ltr'>cirographum</span> <span class='ocrx_word' id='word_1_185' title='bbox 993 2552 1028 2607; x_wconf 92' lang='lat' dir='ltr'>et</span> <span class='ocrx_word' id='word_1_186' title='bbox 1048 2545 1133 2630; x_wconf 87' lang='lat' dir='ltr'>quod</span> <span class='ocrx_word' id='word_1_187' title='bbox 1153 2544 1224 2632; x_wconf 86' lang='lat' dir='ltr'>ipsa</span> 
     </span>
    </p>
   </div>
   <div class='ocr_carea' id='block_1_4' title="bbox 49 2644 1224 4078">
    <p class='ocr_par' dir='ltr' id='par_1_5' title="bbox 109 2644 1224 3330">
     <span class='ocr_line' id='line_1_22' title="bbox 110 2644 1224 2731; baseline 0.005 -21"><span class='ocrx_word' id='word_1_188' title='bbox 110 2654 160 2711; x_wconf 85' lang='lat' dir='ltr'>cst</span> <span class='ocrx_word' id='word_1_189' title='bbox 184 2644 283 2709; x_wconf 89' lang='lat' dir='ltr'>heres</span> <span class='ocrx_word' id='word_1_190' title='bbox 306 2644 443 2731; x_wconf 87' lang='lat' dir='ltr'>predicti</span> <span class='ocrx_word' id='word_1_191' title='bbox 468 2644 633 2722; x_wconf 80' lang='lat' dir='ltr'>willelmi,</span> <span class='ocrx_word' id='word_1_192' title='bbox 656 2655 706 2710; x_wconf 90' lang='lat' dir='ltr'>set</span> <span class='ocrx_word' id='word_1_193' title='bbox 729 2645 812 2711; x_wconf 91' lang='lat' dir='ltr'>dicit</span> <span class='ocrx_word' id='word_1_194' title='bbox 835 2647 921 2731; x_wconf 92' lang='lat' dir='ltr'>quod</span> <span class='ocrx_word' id='word_1_195' title='bbox 944 2647 1043 2712; x_wconf 92' lang='lat' dir='ltr'>nichil</span> <span class='ocrx_word' id='word_1_196' title='bbox 1063 2649 1163 2715; x_wconf 89' lang='lat' dir='ltr'>habet</span> <span class='ocrx_word' id='word_1_197' title='bbox 1183 2650 1224 2716; x_wconf 90' lang='lat' dir='ltr'>de</span> 
     </span>
     <span class='ocr_line' id='line_1_23' title="bbox 109 2746 1222 2833; baseline 0.004 -20"><span class='ocrx_word' id='word_1_198' title='bbox 109 2747 298 2813; x_wconf 87' lang='lat' dir='ltr'>hereditate</span> <span class='ocrx_word' id='word_1_199' title='bbox 321 2746 459 2833; x_wconf 88' lang='lat' dir='ltr'>predicti</span> <span class='ocrx_word' id='word_1_200' title='bbox 474 2747 631 2811; x_wconf 90' lang='lat' dir='ltr'>Willelmi</span> <span class='ocrx_word' id='word_1_201' title='bbox 655 2747 695 2811; x_wconf 89' lang='lat' dir='ltr'>de</span> <span class='ocrx_word' id='word_1_202' title='bbox 719 2748 813 2812; x_wconf 84' lang='lat' dir='ltr'>feodo</span> <span class='ocrx_word' id='word_1_203' title='bbox 836 2748 900 2825; x_wconf 91' lang='lat' dir='ltr'>illo,</span> <span class='ocrx_word' id='word_1_204' title='bbox 915 2758 965 2815; x_wconf 86' lang='lat' dir='ltr'>set</span> <span class='ocrx_word' id='word_1_205' title='bbox 985 2751 1083 2815; x_wconf 81' lang='lat' dir='ltr'>aliam</span> <span class='ocrx_word' id='word_1_206' title='bbox 1104 2761 1222 2819; x_wconf 88' lang='lat' dir='ltr'>terram</span> 
     </span>
     <span class='ocr_line' id='line_1_24' title="bbox 110 2850 1224 2943; baseline 0.004 -26"><span class='ocrx_word' id='word_1_207' title='bbox 110 2860 208 2917; x_wconf 79' lang='lat' dir='ltr'>tonet</span> <span class='ocrx_word' id='word_1_208' title='bbox 229 2850 302 2937; x_wconf 92' lang='lat' dir='ltr'>ipsa</span> <span class='ocrx_word' id='word_1_209' title='bbox 320 2873 378 2936; x_wconf 90' lang='lat' dir='ltr'>per</span> <span class='ocrx_word' id='word_1_210' title='bbox 397 2852 580 2937; x_wconf 86' lang='lat' dir='ltr'>predictum</span> <span class='ocrx_word' id='word_1_211' title='bbox 601 2852 811 2929; x_wconf 77' lang='lat' dir='ltr'>willelmum,</span> <span class='ocrx_word' id='word_1_212' title='bbox 836 2853 959 2918; x_wconf 88' lang='lat' dir='ltr'>scilicet</span> <span class='ocrx_word' id='word_1_213' title='bbox 981 2854 1021 2920; x_wconf 92' lang='lat' dir='ltr'>de</span> <span class='ocrx_word' id='word_1_214' title='bbox 1045 2857 1224 2943; x_wconf 86' lang='lat' dir='ltr'>perquisito</span> 
     </span>
     <span class='ocr_line' id='line_1_25' title="bbox 109 2948 1223 3040; baseline 0.004 -20"><span class='ocrx_word' id='word_1_215' title='bbox 109 2979 176 3020; x_wconf 89' lang='lat' dir='ltr'>suo.</span> <span class='ocrx_word' id='word_1_216' title='bbox 226 2955 271 3019; x_wconf 87' lang='lat' dir='ltr'>Et</span> <span class='ocrx_word' id='word_1_217' title='bbox 285 2954 358 3019; x_wconf 92' lang='lat' dir='ltr'>ideo</span> <span class='ocrx_word' id='word_1_218' title='bbox 372 2948 609 3019; x_wconf 84' lang='lat' dir='ltr'>consideratum</span> <span class='ocrx_word' id='word_1_219' title='bbox 625 2964 674 3019; x_wconf 90' lang='lat' dir='ltr'>est</span> <span class='ocrx_word' id='word_1_220' title='bbox 690 2954 776 3039; x_wconf 91' lang='lat' dir='ltr'>quod</span> <span class='ocrx_word' id='word_1_221' title='bbox 790 2956 862 3040; x_wconf 85' lang='lat' dir='ltr'>ipss</span> <span class='ocrx_word' id='word_1_222' title='bbox 878 2963 989 3021; x_wconf 88' lang='lat' dir='ltr'>teneat</span> <span class='ocrx_word' id='word_1_223' title='bbox 1010 2958 1108 3023; x_wconf 92' lang='lat' dir='ltr'>finem</span> <span class='ocrx_word' id='word_1_224' title='bbox 1129 2960 1223 3024; x_wconf 90' lang='lat' dir='ltr'>illum</span> 
     </span>
     <span class='ocr_line' id='line_1_26' title="bbox 109 3057 1223 3143; baseline 0.004 -20"><span class='ocrx_word' id='word_1_225' title='bbox 109 3068 144 3123; x_wconf 84' lang='lat' dir='ltr'>ct</span> <span class='ocrx_word' id='word_1_226' title='bbox 159 3058 251 3143; x_wconf 89' lang='lat' dir='ltr'>quod</span> <span class='ocrx_word' id='word_1_227' title='bbox 265 3057 337 3143; x_wconf 89' lang='lat' dir='ltr'>ipsa</span> <span class='ocrx_word' id='word_1_228' title='bbox 350 3080 409 3142; x_wconf 91' lang='lat' dir='ltr'>per</span> <span class='ocrx_word' id='word_1_229' title='bbox 422 3057 521 3122; x_wconf 89' lang='lat' dir='ltr'>finem</span> <span class='ocrx_word' id='word_1_230' title='bbox 536 3058 628 3121; x_wconf 89' lang='lat' dir='ltr'>illum</span> <span class='ocrx_word' id='word_1_231' title='bbox 645 3057 675 3121; x_wconf 90' lang='lat' dir='ltr'>ei</span> <span class='ocrx_word' id='word_1_232' title='bbox 687 3058 875 3122; x_wconf 82' lang='lat' dir='ltr'>warentizet</span> <span class='ocrx_word' id='word_1_233' title='bbox 890 3067 1009 3124; x_wconf 85' lang='lat' dir='ltr'>terram</span> <span class='ocrx_word' id='word_1_234' title='bbox 1025 3061 1115 3126; x_wconf 83' lang='lat' dir='ltr'>illem</span> <span class='ocrx_word' id='word_1_235' title='bbox 1130 3072 1165 3127; x_wconf 88' lang='lat' dir='ltr'>et</span> <span class='ocrx_word' id='word_1_236' title='bbox 1179 3063 1223 3127; x_wconf 86' lang='lat' dir='ltr'>sit</span> 
     </span>
     <span class='ocr_line' id='line_1_27' title="bbox 110 3160 1222 3253; baseline 0.006 -28"><span class='ocrx_word' id='word_1_237' title='bbox 110 3162 144 3225; x_wconf 89' lang='lat' dir='ltr'>iu</span> <span class='ocrx_word' id='word_1_238' title='bbox 160 3160 383 3226; x_wconf 87' lang='lat' dir='ltr'>misericordia</span> <span class='ocrx_word' id='word_1_239' title='bbox 397 3163 468 3227; x_wconf 81' lang='lat' dir='ltr'>etc.⁶</span> <span class='ocrx_word' id='word_1_240' title='bbox 513 3162 557 3225; x_wconf 86' lang='lat' dir='ltr'>Et</span> <span class='ocrx_word' id='word_1_241' title='bbox 567 3160 734 3226; x_wconf 90' lang='lat' dir='ltr'>sciendum</span> <span class='ocrx_word' id='word_1_242' title='bbox 747 3162 833 3247; x_wconf 93' lang='lat' dir='ltr'>quod</span> <span class='ocrx_word' id='word_1_243' title='bbox 848 3162 918 3249; x_wconf 91' lang='lat' dir='ltr'>ipsa</span> <span class='ocrx_word' id='word_1_244' title='bbox 932 3165 1020 3249; x_wconf 90' lang='lat' dir='ltr'>cepit</span> <span class='ocrx_word' id='word_1_245' title='bbox 1035 3166 1222 3253; x_wconf 75' lang='lat' dir='ltr'>homagium</span> 
     </span>
     <span class='ocr_line' id='line_1_28' title="bbox 110 3288 221 3330; baseline 0 0"><span class='ocrx_word' id='word_1_246' title='bbox 110 3288 221 3330; x_wconf 87' lang='lat' dir='ltr'>suum.</span> 
     </span>
    </p>

    <p class='ocr_par' dir='ltr' id='par_1_6' title="bbox 49 3368 1223 3859">
     <span class='ocr_line' id='line_1_29' title="bbox 49 3368 1221 3458; baseline 0.002 -22"><span class='ocrx_word' id='word_1_247' title='bbox 49 3420 74 3441; x_wconf 85' lang='grc'>.,</span> <span class='ocrx_word' id='word_1_248' title='bbox 176 3368 308 3433; x_wconf 77' lang='lat' dir='ltr'>’Assisa</span> <span class='ocrx_word' id='word_1_249' title='bbox 320 3368 413 3432; x_wconf 83' lang='lat' dir='ltr'>uenit</span> <span class='ocrx_word' id='word_1_250' title='bbox 428 3368 634 3455; x_wconf 75' lang='lat' dir='ltr'>recognitum</span> <span class='ocrx_word' id='word_1_251' title='bbox 648 3392 688 3434; x_wconf 83' lang='lat' dir='ltr'>ex</span> <span class='ocrx_word' id='word_1_252' title='bbox 703 3392 861 3435; x_wconf 87' lang='lat' dir='ltr'>consensu</span> <span class='ocrx_word' id='word_1_253' title='bbox 875 3372 1020 3457; x_wconf 82' lang='lat' dir='ltr'>parcium</span> <span class='ocrx_word' id='word_1_254' title='bbox 1036 3372 1108 3458; x_wconf 89' lang='lat' dir='ltr'>quis</span> <span class='ocrx_word' id='word_1_255' title='bbox 1122 3374 1221 3438; x_wconf 89' lang='lat' dir='ltr'>aduo-</span> 
     </span>
     <span class='ocr_line' id='line_1_30' title="bbox 111 3472 1221 3559; baseline 0.005 -22"><span class='ocrx_word' id='word_1_256' title='bbox 111 3482 208 3537; x_wconf 75' lang='lat' dir='ltr'>oetus</span> <span class='ocrx_word' id='word_1_257' title='bbox 231 3484 377 3558; x_wconf 87' lang='lat' dir='ltr'>tempore</span> <span class='ocrx_word' id='word_1_258' title='bbox 401 3472 490 3558; x_wconf 85' lang='lat' dir='ltr'>pacis</span> <span class='ocrx_word' id='word_1_259' title='bbox 514 3474 716 3559; x_wconf 85' lang='lat' dir='ltr'>presentauit</span> <span class='ocrx_word' id='word_1_260' title='bbox 740 3483 799 3541; x_wconf 84' lang='lat' dir='ltr'>etc</span> <span class='ocrx_word' id='word_1_261' title='bbox 816 3476 858 3540; x_wconf 90' lang='lat' dir='ltr'>ad</span> <span class='ocrx_word' id='word_1_262' title='bbox 872 3476 1039 3541; x_wconf 78' lang='lat' dir='ltr'>ecclesiam</span> <span class='ocrx_word' id='word_1_263' title='bbox 1055 3478 1096 3543; x_wconf 89' lang='lat' dir='ltr'>de</span> <span class='ocrx_word' id='word_1_264' title='bbox 1111 3479 1221 3544; x_wconf 88' lang='lat' dir='ltr'>Gune-</span> 
     </span>
     <span class='ocr_line' id='line_1_31' title="bbox 112 3576 1223 3661; baseline 0.007 -23"><span class='ocrx_word' id='word_1_265' title='bbox 112 3586 207 3660; x_wconf 89' lang='lat' dir='ltr'>torpe</span> <span class='ocrx_word' id='word_1_266' title='bbox 221 3596 287 3661; x_wconf 90' lang='lat' dir='ltr'>que</span> <span class='ocrx_word' id='word_1_267' title='bbox 302 3584 397 3640; x_wconf 81' lang='lat' dir='ltr'>uacat</span> <span class='ocrx_word' id='word_1_268' title='bbox 412 3583 482 3654; x_wconf 84' lang='lat' dir='ltr'>etc,</span> <span class='ocrx_word' id='word_1_269' title='bbox 496 3576 589 3641; x_wconf 90' lang='lat' dir='ltr'>cuius</span> <span class='ocrx_word' id='word_1_270' title='bbox 603 3577 850 3643; x_wconf 85' lang='lat' dir='ltr'>aduocacionem</span> <span class='ocrx_word' id='word_1_271' title='bbox 866 3579 1028 3644; x_wconf 86' lang='lat' dir='ltr'>Henricus</span> <span class='ocrx_word' id='word_1_272' title='bbox 1042 3580 1083 3645; x_wconf 92' lang='lat' dir='ltr'>de</span> <span class='ocrx_word' id='word_1_273' title='bbox 1095 3581 1223 3646; x_wconf 86' lang='lat' dir='ltr'>Bouilla</span> 
     </span>
     <span class='ocr_line' id='line_1_32' title="bbox 112 3679 1222 3771; baseline 0.007 -30"><span class='ocrx_word' id='word_1_274' title='bbox 112 3679 235 3742; x_wconf 83' lang='lat' dir='ltr'>clamat</span> <span class='ocrx_word' id='word_1_275' title='bbox 252 3700 365 3742; x_wconf 88' lang='lat' dir='ltr'>uersus</span> <span class='ocrx_word' id='word_1_276' title='bbox 379 3680 402 3743; x_wconf 85' lang='lat' dir='ltr'>J</span> <span class='ocrx_word' id='word_1_277' title='bbox 403 3680 539 3743; x_wconf 87' lang='lat' dir='ltr'>acobum</span> <span class='ocrx_word' id='word_1_278' title='bbox 555 3680 585 3744; x_wconf 93' lang='lat' dir='ltr'>le</span> <span class='ocrx_word' id='word_1_279' title='bbox 602 3680 738 3768; x_wconf 82' lang='lat' dir='ltr'>Seusgc,</span> <span class='ocrx_word' id='word_1_280' title='bbox 754 3681 812 3767; x_wconf 92' lang='lat' dir='ltr'>qui</span> <span class='ocrx_word' id='word_1_281' title='bbox 827 3682 920 3747; x_wconf 85' lang='lat' dir='ltr'>uenit</span> <span class='ocrx_word' id='word_1_282' title='bbox 936 3691 970 3747; x_wconf 89' lang='lat' dir='ltr'>et</span> <span class='ocrx_word' id='word_1_283' title='bbox 985 3683 1079 3771; x_wconf 31' lang='lat' dir='ltr'>bene·</span> <span class='ocrx_word' id='word_1_284' title='bbox 1090 3706 1222 3771; x_wconf 89' lang='lat' dir='ltr'>coguos-</span> 
     </span>
     <span class='ocr_line' id='line_1_33' title="bbox 112 3780 412 3859; baseline 0.003 -14"><span class='ocrx_word' id='word_1_285' title='bbox 112 3784 176 3845; x_wconf 70' lang='lat' dir='ltr'>oit‘*</span> <span class='ocrx_word' id='word_1_286' title='bbox 192 3780 336 3859; x_wconf 80' lang='lat' dir='ltr'>assisam,</span> <span class='ocrx_word' id='word_1_287' title='bbox 350 3789 412 3847; x_wconf 90' lang='lat' dir='ltr'>etc.</span> 
     </span>
    </p>

    <p class='ocr_par' dir='ltr' id='par_1_7' title="bbox 111 3884 1224 4078">
     <span class='ocr_line' id='line_1_34' title="bbox 179 3884 1224 3976; baseline 0.007 -27"><span class='ocrx_word' id='word_1_288' title='bbox 179 3884 204 3949; x_wconf 89' lang='lat' dir='ltr'><strong>J</strong></span> <span class='ocrx_word' id='word_1_289' title='bbox 205 3893 351 3950; x_wconf 83' lang='lat' dir='ltr'>oratores</span> <span class='ocrx_word' id='word_1_290' title='bbox 371 3886 485 3951; x_wconf 89' lang='lat' dir='ltr'>dicunt</span> <span class='ocrx_word' id='word_1_291' title='bbox 506 3887 748 3972; x_wconf 85' lang='lat' dir='ltr'>quod-ecclesia</span> <span class='ocrx_word' id='word_1_292' title='bbox 767 3889 809 3954; x_wconf 91' lang='lat' dir='ltr'>de</span> <span class='ocrx_word' id='word_1_293' title='bbox 830 3890 1019 3976; x_wconf 83' lang='lat' dir='ltr'>Gunetorpe</span> <span class='ocrx_word' id='word_1_294' title='bbox 1034 3899 1084 3955; x_wconf 86' lang='lat' dir='ltr'>est</span> <span class='ocrx_word' id='word_1_295' title='bbox 1099 3892 1224 3976; x_wconf 85' lang='lat' dir='ltr'>capella</span> 
     </span>
     <span class='ocr_line' id='line_1_35' title="bbox 111 3987 1223 4078; baseline 0.008 -27"><span class='ocrx_word' id='word_1_296' title='bbox 111 3988 154 4053; x_wconf 88' lang='lat' dir='ltr'>de</span> <span class='ocrx_word' id='word_1_297' title='bbox 170 3987 330 4066; x_wconf 90' lang='lat' dir='ltr'>Hocham‚</span> <span class='ocrx_word' id='word_1_298' title='bbox 345 3997 395 4053; x_wconf 89' lang='lat' dir='ltr'>set</span> <span class='ocrx_word' id='word_1_299' title='bbox 410 3989 596 4054; x_wconf 83' lang='lat' dir='ltr'>Alexander</span> <span class='ocrx_word' id='word_1_300' title='bbox 609 3990 650 4055; x_wconf 90' lang='lat' dir='ltr'>de</span> <span class='ocrx_word' id='word_1_301' title='bbox 673 3991 802 4056; x_wconf 81' lang='lat' dir='ltr'>Bouille</span> <span class='ocrx_word' id='word_1_302' title='bbox 823 4014 905 4057; x_wconf 82' lang='lat' dir='ltr'>auus</span> <span class='ocrx_word' id='word_1_303' title='bbox 926 3993 1064 4078; x_wconf 89' lang='lat' dir='ltr'>predicti</span> <span class='ocrx_word' id='word_1_304' title='bbox 1087 3994 1223 4059; x_wconf 86' lang='lat' dir='ltr'>Henrici</span> 
     </span>
    </p>
   </div>
   <div class='ocr_carea' id='block_1_5' title="bbox 110 4102 1224 4479">
    <p class='ocr_par' dir='ltr' id='par_1_8' title="bbox 110 4102 1224 4479">
     <span class='ocr_line' id='line_1_36' title="bbox 146 4102 1224 4171; baseline 0.01 -20"><span class='ocrx_word' id='word_1_305' title='bbox 146 4104 156 4136; x_wconf 87' lang='lat'>¹</span> <span class='ocrx_word' id='word_1_306' title='bbox 172 4103 206 4151; x_wconf 86' lang='lat' dir='ltr'>In</span> <span class='ocrx_word' id='word_1_307' title='bbox 220 4104 253 4152; x_wconf 79' lang='lat' dir='ltr'>A.</span> <span class='ocrx_word' id='word_1_308' title='bbox 269 4102 324 4152; x_wconf 82' lang='lat' dir='ltr'>this</span> <span class='ocrx_word' id='word_1_309' title='bbox 338 4104 458 4167; x_wconf 82' lang='lat' dir='ltr'>precedes</span> <span class='ocrx_word' id='word_1_310' title='bbox 476 4104 520 4155; x_wconf 82' lang='lat' dir='ltr'>the</span> <span class='ocrx_word' id='word_1_311' title='bbox 536 4120 646 4170; x_wconf 80' lang='lat' dir='ltr'>passage</span> <span class='ocrx_word' id='word_1_312' title='bbox 727 4107 739 4138; x_wconf 74' lang='lat'>⁵</span> <span class='ocrx_word' id='word_1_313' title='bbox 754 4108 870 4157; x_wconf 85' lang='lat' dir='ltr'>William</span> <span class='ocrx_word' id='word_1_314' title='bbox 887 4109 1035 4171; x_wconf 81' lang='lat' dir='ltr'>recognizss</span> <span class='ocrx_word' id='word_1_315' title='bbox 1054 4110 1099 4160; x_wconf 87' lang='lat' dir='ltr'>the</span> <span class='ocrx_word' id='word_1_316' title='bbox 1115 4110 1178 4161; x_wconf 78' lang='lat' dir='ltr'>land</span> <span class='ocrx_word' id='word_1_317' title='bbox 1193 4126 1224 4163; x_wconf 81' lang='lat' dir='ltr'>as</span> 
     </span>
     <span class='ocr_line' id='line_1_37' title="bbox 110 4167 1136 4237; baseline 0.011 -21"><span class='ocrx_word' id='word_1_318' title='bbox 110 4168 194 4218; x_wconf 85' lang='lat' dir='ltr'>sbout</span> <span class='ocrx_word' id='word_1_319' title='bbox 205 4167 252 4222; x_wconf 79' lang='lat' dir='ltr'>the</span> <span class='ocrx_word' id='word_1_320' title='bbox 263 4169 383 4221; x_wconf 85' lang='lat' dir='ltr'>tmnbrel.</span> <span class='ocrx_word' id='word_1_321' title='bbox 695 4172 755 4223; x_wconf 77' lang='lat' dir='ltr'>that</span> <span class='ocrx_word' id='word_1_322' title='bbox 766 4175 795 4222; x_wconf 81' lang='lat' dir='ltr'>of</span> <span class='ocrx_word' id='word_1_323' title='bbox 803 4174 886 4222; x_wconf 80' lang='lat' dir='ltr'>Adam</span> <span class='ocrx_word' id='word_1_324' title='bbox 898 4175 950 4224; x_wconf 82' lang='lat' dir='ltr'>end</span> <span class='ocrx_word' id='word_1_325' title='bbox 962 4175 1004 4225; x_wconf 87' lang='lat' dir='ltr'>his</span> <span class='ocrx_word' id='word_1_326' title='bbox 1015 4176 1093 4237; x_wconf 79' lang='lat' dir='ltr'>heire,</span> <span class='ocrx_word' id='word_1_327' title='bbox 1104 4178 1136 4228; x_wconf 79' lang='lat' dir='ltr'>A.</span> 
     </span>
     <span class='ocr_line' id='line_1_38' title="bbox 143 4232 927 4295; baseline 0.01 -13"><span class='ocrx_word' id='word_1_328' title='bbox 143 4232 282 4295; x_wconf 70' lang='lat' dir='ltr'>&#39;primam</span> <span class='ocrx_word' id='word_1_329' title='bbox 308 4238 493 4286; x_wconf 79' lang='lat' dir='ltr'>coronacionem</span> <span class='ocrx_word' id='word_1_330' title='bbox 513 4238 585 4289; x_wconf 84' lang='lat' dir='ltr'>Dom,</span> <span class='ocrx_word' id='word_1_331' title='bbox 610 4238 641 4289; x_wconf 84' lang='lat' dir='ltr'>R.</span> <span class='ocrx_word' id='word_1_332' title='bbox 728 4238 798 4286; x_wconf 78' lang='lat' dir='ltr'>‘’Br.</span> <span class='ocrx_word' id='word_1_333' title='bbox 812 4240 828 4288; x_wconf 78' lang='lat' dir='ltr'>f.</span> <span class='ocrx_word' id='word_1_334' title='bbox 845 4240 927 4291; x_wconf 79' lang='lat'>3881).</span> 
     </span>
     <span class='ocr_line' id='line_1_39' title="bbox 111 4300 884 4357; baseline 0.008 -10"><span class='ocrx_word' id='word_1_335' title='bbox 111 4301 200 4357; x_wconf 66' lang='lat' dir='ltr'>lituis,</span> <span class='ocrx_word' id='word_1_336' title='bbox 211 4300 244 4347; x_wconf 65' lang='lat' dir='ltr'>l„</span> <span class='ocrx_word' id='word_1_337' title='bbox 727 4303 737 4335; x_wconf 72' lang='lat'><em>7</em></span> <span class='ocrx_word' id='word_1_338' title='bbox 755 4307 784 4351; x_wconf 82' lang='grc' dir='ltr'>Δ.</span> <span class='ocrx_word' id='word_1_339' title='bbox 798 4319 832 4352; x_wconf 85' lang='lat' dir='ltr'>m.</span> <span class='ocrx_word' id='word_1_340' title='bbox 846 4305 884 4353; x_wconf 88' lang='grc'>16.</span> 
     </span>
     <span class='ocr_line' id='line_1_40' title="bbox 145 4365 924 4428; baseline 0.009 -16"><span class='ocrx_word' id='word_1_341' title='bbox 145 4365 157 4395; x_wconf 85' lang='lat'>³</span> <span class='ocrx_word' id='word_1_342' title='bbox 174 4380 230 4413; x_wconf 83' lang='lat' dir='ltr'>cum</span> <span class='ocrx_word' id='word_1_343' title='bbox 241 4365 375 4415; x_wconf 73' lang='lat' dir='ltr'>latrocinio</span> <span class='ocrx_word' id='word_1_344' title='bbox 388 4373 434 4415; x_wconf 80' lang='lat' dir='ltr'>etc.</span> <span class='ocrx_word' id='word_1_345' title='bbox 446 4369 488 4415; x_wconf 83' lang='lat' dir='ltr'>uel</span> <span class='ocrx_word' id='word_1_346' title='bbox 499 4382 556 4424; x_wconf 81' lang='lat' dir='ltr'>uon.</span> <span class='ocrx_word' id='word_1_347' title='bbox 569 4369 598 4416; x_wconf 78' lang='lat' dir='ltr'>A.</span> <span class='ocrx_word' id='word_1_348' title='bbox 728 4368 738 4395; x_wconf 75' lang='lat'><strong>⁸</strong></span> <span class='ocrx_word' id='word_1_349' title='bbox 755 4374 881 4428; x_wconf 72' lang='lat' dir='ltr'>concessit,</span> <span class='ocrx_word' id='word_1_350' title='bbox 893 4372 924 4419; x_wconf 76' lang='lat' dir='ltr'>A.</span> 
     </span>
     <span class='ocr_line' id='line_1_41' title="bbox 145 4431 307 4479; baseline 0.006 -2"><span class='ocrx_word' id='word_1_351' title='bbox 145 4431 205 4477; x_wconf 76' lang='lat' dir='ltr'>⁴A.</span> <span class='ocrx_word' id='word_1_352' title='bbox 218 4444 254 4477; x_wconf 92' lang='lat' dir='ltr'>m.</span> <span class='ocrx_word' id='word_1_353' title='bbox 268 4432 307 4479; x_wconf 80' lang='lat' dir='ltr'>lt.</span> 
     </span>
    </p>
   </div>
   <div class='ocr_carea' id='block_1_6' title="bbox 0 0 1588 5075">
    <p class='ocr_par' dir='ltr' id='par_1_9' title="bbox 0 0 1588 5075">
     <span class='ocr_line' id='line_1_42' title="bbox 0 0 1588 5075; baseline 0 0"><span class='ocrx_word' id='word_1_354' title='bbox 0 0 1588 5075; x_wconf 95' lang='lat' dir='ltr'> </span> 
     </span>
    </p>
   </div>
  </div>
 </body>
</html>
