3167 5075
339 410 402 473 118
622 488 625 497 Ι
651 420 788 483 menne,
810 420 875 470 an.
900 406 993 482 1225,
1016 418 1079 471 aa
1103 406 1132 470 9.

404 595 448 661 Et
462 595 540 683 quia
553 594 737 660 Willelmue
747 602 782 659 et
793 592 901 659 Alicia
914 591 1094 659 defendunt
1109 592 1298 682 homagium
1308 594 1445 682 predicti

339 699 411 765 Ade
441 707 476 763 et
505 697 591 785 quod
619 719 684 763 non
710 696 798 783 cepit
827 695 1014 784 homagium
1038 696 1196 762 Willelmi
1218 697 1260 763 de
1286 697 1446 773 Valeinee,

338 802 576 869 consideratum
599 810 650 867 est
671 801 757 887 quod
777 822 897 888 magna
915 799 1016 865 aeeiea
1035 798 1079 865 eit
1102 798 1263 867 intereos
1282 800 1325 867 ad
1339 824 1446 889 recog-

339 906 535 972 noscendum
560 914 672 971 utrum
697 904 761 990 ipei
786 903 883 969 Wido
906 910 942 968 et
967 902 1075 969 Micia
1096 905 1203 969 maius
1228 904 1280 971 iue
1305 906 1447 971 habeant

340 1011 474 1077 tenendi
497 1019 617 1077 terrum
640 1010 731 1076 illam
754 1010 796 1076 de
816 1009 895 1095 ipsis
915 1008 1095 1074 Willelmo¹
1115 1018 1151 1076 et
1173 1010 1280 1076 Alicia
1299 1034 1359 1097 per
1377 1034 1447 1098 pre-

340 1118 461 1185 dictam
487 1116 738 1183 conuencionem
769 1116 888 1181 factam
914 1114 1001 1180 inter
1030 1114 1138 1181 Adam
1167 1116 1272 1181 filium
1302 1116 1447 1202 predicte

341 1222 461 1288 Sabine
477 1228 511 1287 et
526 1221 633 1287 Adam
653 1221 757 1285 filium
778 1219 917 1285 Roberti
929 1218 971 1285 de
987 1217 1163 1286 Ookefelde
1178 1219 1218 1286 de
1233 1220 1349 1286 eadem
1364 1230 1450 1286 terra

341 1334 375 1393 et
384 1349 442 1412 per
451 1326 637 1413 homagium
650 1324 736 1412 quod
744 1324 832 1390 idem
844 1324 952 1390 Adam
961 1324 1049 1410 cepit
1057 1324 1098 1389 de
1107 1324 1287 1390 Willelmo¹
1296 1326 1351 1390 uel
1361 1324 1449 1391 idem

341 1430 539 1497 Willelmue³
548 1438 582 1496 et
597 1430 703 1496 Alicia
717 1428 853 1495 tenendi
866 1429 902 1493 in
916 1428 1084 1495 dominico.
1122 1430 1229 1496 Datus
1240 1439 1292 1496 est
1305 1431 1376 1497 dieo
1391 1439 1449 1496 etc

406 1533 564 1600 Ricardue
583 1533 710 1620 Tyrelle
731 1540 766 1597 et
785 1532 934 1598 Dionieia
948 1555 1030 1598 uxor
1044 1533 1116 1598 eiue
1129 1533 1304 1599 attachiati
1317 1534 1450 1599 firerunt

244 1648 291 1678 ⁰¹³⁰·
340 1637 383 1702 ad
402 1635 661 1724 respondendum
682 1634 838 1721 Magistro
859 1634 1005 1699 Militum
1024 1635 1153 1721 Templi
1167 1636 1203 1699 in
1217 1636 1339 1723 Anglia
1352 1659 1450 1722 quare

342 1763 406 1806 non
430 1738 536 1804 tenet*
562 1738 592 1803 ei
616 1738 714 1802 finem
738 1738 862 1802 factum
885 1736 973 1803 inter
991 1760 1046 1802 coe
1068 1736 1109 1802 de
1133 1737 1239 1802 tribue
1260 1738 1341 1824 uirg.
1365 1748 1450 1802 terre

228 1881 232 1889 ·
340 1868 416 1910 cum
440 1852 521 1931 pert.
545 1843 581 1907 in
605 1843 766 1929 Shiptona
791 1841 878 1908 unde
904 1842 1142 1930 cyrographum
1167 1851 1228 1907 etc
1251 1842 1338 1928 quod
1362 1841 1450 1907 idem

341 1949 499 2039 Magister
526 1948 647 2036 profert
676 1958 711 2013 et
739 1948 827 2035 quod
856 1956 999 2015 testatur
1027 1948 1114 2036 quod
1142 1948 1207 2034 ipsi
1232 1946 1394 2013 Ricardus
1418 1955 1452 2011 et

341 2052 490 2119 Dionieia
514 2051 707 2117 remiserunt
733 2060 767 2117 et
793 2051 943 2137 quietum
970 2052 1195 2117 clameuerunt
1220 2051 1261 2115 de
1286 2073 1321 2115 se
1347 2058 1384 2115 et
1412 2046 1451 2115 de

342 2156 516 2223 heredibus
540 2154 642 2241 ipsius
662 2154 810 2221 Dionisie
831 2154 893 2241 ipei
914 2156 1072 2243 Magistro
1091 2164 1127 2220 et
1141 2154 1379 2221 suecessoribus
1394 2162 1451 2220 etc

342 2270 450 2327 totum
464 2261 517 2326 ius
531 2268 566 2325 et
586 2260 739 2325 clamium
760 2259 847 2346 quod
867 2260 1055 2326 habuerunt
1069 2261 1123 2325 uel
1140 2259 1259 2325 habere
1273 2267 1453 2345 potuerunt

342 2368 377 2432 in
399 2374 470 2432 tota
491 2373 579 2431 terra
601 2364 660 2429 ille
681 2372 741 2430 etc.
757 2372 791 2429 et
813 2366 849 2429 in
869 2365 1031 2431 dominico
1050 2373 1086 2431 et
1105 2366 1140 2431 in
1160 2364 1297 2431 seruicio
1316 2388 1377 2451 pro
1397 2366 1452 2449 iiij.

343 2494 438 2538 merc.
455 2479 514 2537 etc.
532 2470 618 2535 unde
633 2468 721 2534 idem
741 2468 899 2557 Magister
918 2468 1067 2555 queritur
1086 2468 1172 2556 quod
1192 2468 1279 2534 idem
1294 2468 1453 2535 Ricardus

344 2585 378 2642 et
403 2576 551 2641 Dionieia
575 2584 688 2641 contra
713 2575 813 2640 finem
841 2573 935 2639 illum
965 2581 1123 2660 ceperunt
1151 2575 1263 2639 auerie
1291 2574 1365 2640 eiue
1395 2597 1451 2662 pro

343 2679 477 2746 seruicio
502 2702 561 2766 per
585 2679 672 2766 quod
695 2678 910 2745 deterioratuo
935 2685 987 2743 est
1012 2685 1047 2744 et
1074 2677 1254 2764 dampnum
1283 2679 1387 2745 habet
1415 2679 1455 2745 ad

344 2784 523 2850 ualenciam
538 2785 579 2850 xi
595 2785 649 2850 eol.
666 2791 701 2850 et
715 2784 791 2850 inde
806 2783 1008 2870 producunt³
1021 2791 1144 2848 sectam
1159 2791 1219 2848 etc

408 2889 452 2953 Et
475 2887 634 2956 Ricardue
653 2896 688 2954 et
708 2896 892 2954 attornatue
907 2887 1054 2954 Dionieie
1069 2886 1209 2953 ueniunt
1224 2896 1258 2954 et
1272 2888 1455 2954 defendunt

343 2998 455 3055 contra
479 3012 555 3056 eum
581 2999 616 3056 et
641 2999 754 3056 contra
776 2999 899 3056 sectam
924 3012 1017 3055 suem
1043 2989 1131 3076 quod
1155 3012 1324 3076 nunquam
1348 2991 1454 3078 cepit⁶

344 3094 454 3160 aueria
468 3117 527 3159 sua
541 3104 614 3181 post
629 3095 727 3160 finem
742 3095 837 3160 illum
852 3118 912 3161 nec
930 3118 989 3181 per
1008 3117 1063 3160 eos
1085 3095 1301 3161 deterioretua
1321 3105 1374 3162 eat
1394 3105 1453 3161 etc

345 3207 379 3264 et
394 3199 454 3263 hoc
468 3199 610 3263 offerunt
624 3197 797 3263 defendere
812 3199 896 3264 sieut
910 3197 1001 3264 curia
1014 3197 1275 3265 considerauerit

411 3303 658 3370 Consideratum
673 3303 825 3389 estquod
840 3303 998 3369 Rioardus
1013 3304 1168 3370 defendat
1182 3327 1217 3370 ee
1233 3304 1287 3391 xij.
1302 3326 1406 3370 manu
1421 3314 1455 3369 et
1563 3362 1564 3393 p

345 3415 529 3473 attenuatus
543 3405 629 3472 eius'
643 3405 795 3472 similiter
808 3429 842 3473 se
857 3406 911 3494 xij.
924 3430 1025 3473 manu
1036 3417 1071 3473 et
1086 3408 1222 3474 ueniant
1236 3431 1311 3474 cum
1326 3409 1456 3498 legibus
1563 3398 1564 3426 i

345 3511 404 3578 tali
419 3511 472 3577 die
486 3520 545 3577 etc
1226 3555 1230 3562 -

213 3632 306 3697 1102,
411 3616 523 3682 Simon
547 3615 587 3680 de
612 3615 769 3680 Hautona
793 3622 828 3680 et
851 3615 948 3681 Serra
969 3638 1050 3681 uxor
1071 3616 1142 3681 eius
1167 3639 1226 3702 per
1249 3623 1454 3682 attornatum

229 3716 287 3758 ¹⁴¹⁰*
345 3743 440 3788 suum
456 3727 575 3807 petunt
590 3741 703 3784 uersus
719 3719 920 3785 Rennulfirm
931 3718 1093 3786 Comitem
1105 3719 1231 3786 Oeetrie
1243 3729 1278 3785 et
1286 3719 1456 3786 Lineolnie

348 3823 482 3890 terciam
506 3831 632 3909 partem
653 3823 714 3888 lxv.
731 3822 839 3888 bouat
855 3831 940 3888 terre
961 3831 996 3887 et
1018 3821 1167 3889 redditus
1189 3845 1240 3888 xx
1256 3823 1311 3887 eol.
1327 3823 1369 3888 de
1391 3846 1456 3888 uno

347 3926 530 3993 molendino
559 3948 634 3990 cum
659 3933 741 4013 pert.
768 3925 804 3990 in
827 3925 985 3991 Heutona
1013 3934 1048 3991 et
1076 3927 1212 3991 terciam
1241 3935 1369 4012 purtem
1400 3949 1456 3992 sex

347 4033 455 4098 bouat
471 4041 555 4098 terre
570 4054 644 4096 cum
659 4040 739 4118 pert.
755 4031 790 4097 in
811 4032 1014 4119 Eukiutorpe
1035 4041 1070 4097 et
1085 4031 1219 4098 terciam
1233 4039 1362 4118 partem
1378 4031 1456 4118 xxij.
1562 4056 1563 4061 ¹

380 4191 523 4242 ¹Wiliiam
534 4191 666 4242 Tatmaeh.
956 4192 1036 4245 ⁸Sic.

380 4259 391 4292 ²
407 4257 522 4308 william
533 4257 562 4306 of
570 4257 702 4308 Valoineo.
958 4259 969 4294 7
985 4258 1382 4324 ΟοπΛαοηιαΜΒίοηίεἰιῼ).
1401 4259 1458 4310 The

379 4323 523 4374 ’william
534 4322 667 4374 Taimaah.
926 4323 984 4376 wife
995 4323 1122 4388 appeared
1137 4325 1217 4387 byan
1231 4325 1395 4438 attornepof
1409 4325 1458 4376 her

381 4389 435 4438 ⁴8·
926 4405 984 4440 own
994 4389 1211 4441 whoiatomahe
1221 4389 1272 4440 law
1283 4390 1323 4439 for
1352 4405 1391 4440 er.

381 4457 391 4490 ε
409 4405 480 4506 cifri.
488 4457 615 4520 potuer.
