3167 5075
384 392 426 458 68
695 404 837 467 nnnar,
858 402 922 454 xn.
947 388 1041 465 1225,
1062 400 1126 455 aa
1148 390 1177 454 9.

383 576 558 665 aliquando
586 576 768 643 attomauit
797 576 905 664 ipsum
930 575 1134 642 Willelmum
1163 576 1206 642 ad
1231 575 1487 664 respondendum

383 704 442 769 pro
466 704 506 747 ea
528 680 568 747 de
592 680 705 746 eadem
729 688 824 745 terra
868 679 1033 743 Defuneta
1058 678 1166 744 Alieia
1186 679 1281 744 uenit
1306 680 1488 745 Alexander

383 784 471 850 filius
492 782 637 849 eiusdem
659 781 804 869 Philippi
825 781 910 847 sicut
931 780 1094 846 masculus
1113 790 1148 846 et
1169 781 1262 847 heres
1283 782 1428 869 Philippi
1450 791 1486 846 nt

382 888 467 953 dixit
487 896 521 953 et
542 888 650 973 posuit
672 909 706 952 se
728 887 762 951 in
785 885 1017 952 terramillam
1038 893 1072 950 et
1092 885 1270 951 disseisiuit
1284 886 1393 972 ipsum
1407 886 1486 951 Wil-

383 992 525 1058 lelmum.
570 992 613 1057 Et
634 992 753 1079 quesiti
773 992 801 1057 si
822 990 994 1077 Philippus
1013 989 1096 1055 obiit
1114 990 1246 1055 seisitus
1264 989 1380 1056 dicunt
1403 989 1485 1077 quod

382 1098 514 1164 obiitin
529 1098 675 1163 custodia
688 1096 847 1162 Willelmi
861 1104 897 1162 et
910 1094 997 1183 quod
1018 1095 1204 1161 Alexander
1225 1095 1305 1161 tulit
1328 1096 1429 1161 breue
1447 1095 1485 1159 de

382 1210 486 1267 morte
502 1202 709 1266 antecessoris
724 1200 764 1266 de
780 1200 894 1267 eadem
908 1208 996 1265 terra
1009 1220 1108 1285 super
1121 1199 1262 1264 eundem
1277 1198 1484 1264 willelmum

382 1306 427 1371 Et
442 1306 520 1393 quia
533 1303 718 1371 Alexander
732 1327 797 1369 non
811 1304 906 1369 uenit
921 1325 979 1368 nec
994 1302 1120 1390 aliquid
1140 1301 1262 1368 clamat
1280 1302 1317 1368 in
1331 1310 1420 1368 terra
1432 1302 1484 1367 illa

381 1417 417 1476 et
432 1409 634 1497 recognitum
649 1415 700 1474 est
720 1407 807 1495 quod
821 1407 1006 1473 Willelmus
1026 1405 1090 1471 fuit
1109 1406 1145 1471 in
1165 1406 1285 1472 saisina
1307 1408 1379 1473 siue
1403 1408 1483 1472 iuste

381 1512 452 1580 siue
470 1512 600 1589 iniuste,
615 1510 853 1575 consideratum
876 1516 926 1573 est
946 1508 1032 1595 quod
1047 1508 1232 1574 Willelmus
1246 1509 1369 1575 habeat
1389 1512 1482 1576 talem

381 1616 533 1683 saisinam
547 1613 675 1701 qualem
691 1613 780 1699 prius
796 1612 920 1689 habuit,
934 1613 1025 1677 saluo
1040 1612 1215 1678 cuiuslibet
1228 1613 1300 1679 iure
1314 1622 1377 1681 ete

447 1715 662 1805 ¹Reginaldus
691 1714 798 1780 Morin
826 1736 886 1802 per
908 1721 1111 1779 attomatum
1136 1736 1234 1781 suum
1258 1716 1347 1801 petit
1376 1738 1481 1782 uersus

379 1922 431 1990 ius
438 1946 535 1989 suum
545 1920 631 1988 unde
643 1919 749 1987 Adam
760 1920 994 1987 (lamberlanus
1002 1944 1084 1987 auus
1093 1944 1172 1987 suus
1181 1922 1245 1986 fuit
1254 1921 1388 1987 seisitus
1398 1931 1436 1987 ut
1443 1922 1479 1985 de

379 2028 472 2095 feodo
486 2036 521 2093 et
535 2026 606 2092 iure
620 2034 654 2092 et
669 2027 703 2091 in
719 2025 880 2091 dominico
899 2034 1046 2111 tempore
1061 2025 1103 2090 Η
1120 2025 1222 2112 Regis
1242 2026 1299 2111 qui
1319 2026 1387 2091 fuit
1405 2048 1479 2091 auus

243 2135 246 2144 '
378 2131 434 2199 aui
460 2131 552 2197 Dom.
576 2130 676 2217 Regis
702 2128 767 2196 scil.
790 2151 875 2193 anno
904 2136 938 2194 et
962 2128 1015 2194 die
1037 2150 1101 2215 quo
1124 2130 1207 2194 obiit
1228 2129 1387 2216 capiendo
1410 2129 1479 2195 inde

379 2236 509 2323 expleta
520 2235 562 2299 ad
572 2232 752 2300 ualentiam
764 2256 792 2298 v.
806 2233 870 2310 sol,
879 2241 914 2298 et
925 2232 966 2298 de
977 2233 1052 2298 Ada
1062 2233 1230 2299 deseendit
1241 2234 1293 2299 ius
1303 2241 1391 2299 terre
1399 2234 1479 2299 illius

380 2337 499 2405 Oecilie
514 2336 580 2401 filie
596 2358 653 2401 sue
668 2343 702 2401 et
717 2335 757 2401 de
774 2334 898 2401 (lecilia
911 2335 975 2422 ipsi
992 2336 1174 2423 Reginaldo
1188 2345 1229 2401 ut
1242 2336 1310 2401 lilio
1324 2346 1362 2402 et
1377 2334 1480 2401 heredi

378 2463 437 2507 suo
452 2448 512 2507 etc.
529 2447 563 2504 et
578 2439 639 2504 hoe
653 2450 713 2504 ete.

445 2543 489 2608 Et
511 2541 673 2607 Henriens
695 2541 789 2606 uenit
812 2551 847 2608 et
868 2541 1016 2608 defendit
1038 2541 1089 2608 ius
1110 2565 1207 2608 suum
1232 2567 1320 2610 nune
1347 2553 1384 2611 et
1407 2543 1479 2610 alias
1548 2576 1549 2585 κ

380 2645 508 2734 quando
522 2653 583 2711 etc.
598 2653 649 2710 set
668 2667 734 2709 non
754 2643 855 2710 debet
875 2645 907 2710 ei
927 2645 969 2710 ad
991 2645 1051 2710 hoe
1072 2646 1172 2712 breue
1194 2647 1389 2733 respondere
1409 2648 1480 2735 quia

378 2755 485 2822 Adam
508 2753 624 2819 habuit
646 2751 727 2818 duae
749 2753 832 2818 filias
852 2754 918 2819 scil.
936 2753 1091 2820 Ceciliam
1111 2762 1147 2820 et
1160 2754 1302 2820 Aliciam
1323 2765 1361 2822 et
1379 2755 1479 2821 Alicia

379 2859 495 2925 habuit
519 2881 619 2924 unam
645 2857 747 2923 filiam
773 2857 797 2924 J
799 2858 943 2923 ulianam
965 2857 1095 2923 nomine
1121 2881 1186 2944 que
1211 2859 1319 2923 adhuc
1342 2861 1428 2926 uiuit
1447 2867 1478 2922 et

379 2962 452 3030 ideo
467 2962 537 3028 sine
552 2984 592 3027 ea
605 2985 671 3026 non
685 2961 760 3026 uult
774 2961 969 3047 respondere
982 2960 1045 3025 nisi
1060 2960 1150 3025 curie
1164 2961 1426 3028 considerauerit.
1544 3036 1545 3059 χ

444 3065 489 3130 Et
511 3063 712 3152 Reginaldus
731 3064 896 3152 cognoscit
916 3063 1003 3151 quod
1017 3086 1133 3129 reuera
1145 3063 1254 3130 Adam
1272 3065 1391 3132 habuit
1404 3067 1477 3131 duas

378 3169 462 3235 filiae
476 3168 560 3234 sicut
579 3167 762 3255 predictum
782 3177 841 3247 est,
855 3177 906 3234 set
926 3168 1034 3233 Alieia
1052 3166 1134 3233 obiit
1153 3167 1223 3233 sine
1246 3168 1366 3234 herede
1387 3170 1426 3235 de
1446 3191 1476 3232 se
1543 3146 1544 3173 ¹

379 3273 420 3338 de
435 3272 505 3337 uiro
520 3271 712 3358 desponsato
726 3279 761 3336 et
775 3271 859 3336 bene
880 3279 989 3357 potest
1004 3293 1074 3336 esse
1089 3270 1176 3357 quod
1189 3271 1213 3337 J
1214 3271 1326 3336 uliana
1340 3271 1403 3337 fuit
1416 3270 1477 3336 filia
1542 3244 1543 3283 ¹

378 3375 493 3442 suade
508 3373 693 3462 suineeagio
708 3381 742 3439 et
756 3373 830 3438 ideo
846 3374 906 3438 hoc
920 3396 986 3438 non
1000 3373 1099 3438 debet
1114 3373 1145 3438 ei
1159 3395 1274 3439 nocere
1289 3382 1351 3441 ete
1541 3334 1542 3395 l

443 3481 488 3546 Et
509 3479 671 3546 Hem-icus
693 3478 773 3544 dicit
796 3479 882 3565 quod
903 3478 1039 3545 Juliana
1057 3478 1122 3542 fuit
1141 3477 1182 3543 de
1202 3478 1274 3544 uiro
1291 3479 1476 3567 desponsam
1540 3430 1541 3507 l

377 3581 549 3669 presertim
571 3581 612 3647 de
635 3581 774 3668 quodam
796 3581 940 3646 Jordano
962 3581 1019 3667 qui
1041 3581 1105 3646 fuit
1126 3590 1221 3668 pater
1243 3605 1323 3648 suus
1346 3593 1382 3649 et
1405 3591 1476 3648 nata
1539 3532 1540 3617 l

378 3685 442 3752 fuit
463 3687 498 3751 in
514 3686 641 3752 Oxonia
655 3694 690 3751 et
704 3684 777 3751 ideo
798 3685 977 3751 uicecomes
998 3685 1123 3751 Oxonie
1142 3685 1264 3751 habeat
1286 3687 1419 3752 Petrum
1438 3684 1474 3749 de

379 3789 534 3856 Oumerse
561 3796 595 3854 et
621 3788 725 3876 ipsam
750 3789 918 3854 lulianam
941 3809 1075 3853 uxorem
1097 3787 1168 3853 eius
1192 3789 1254 3854 tali
1279 3789 1333 3855 die
1359 3799 1416 3856 etc.
1437 3786 1473 3852 ad

278 3943 283 3952 .
379 3890 637 3980 cognoscendum
651 3891 679 3956 si
694 3890 773 3977 quid
788 3891 931 3957 clamant
945 3890 980 3956 in
995 3898 1083 3956 terra
1100 3889 1159 3956 illa
1177 3899 1238 3958 ete
1283 3892 1378 3959 Idem
1398 3887 1475 3960 dies'

378 4005 429 4061 est
443 3992 615 4082 pnrtibus⁸.

253 4117 323 4160 mm
442 4097 537 4163 Idem
564 4096 765 4185 Reginaldus
790 4097 877 4185 petit
905 4121 1018 4164 uersus
1047 4097 1227 4164 Radulfum
1256 4100 1297 4165 de
1326 4100 1472 4165 Hentnna

377 4202 454 4268 dim.
469 4199 580 4266 hidam
595 4209 680 4266 terre
694 4223 769 4267 cum
783 4210 865 4288 pert.
879 4201 916 4268 in
935 4201 1049 4268 eadem
1069 4201 1151 4272 uilla
1168 4210 1209 4267 ut
1229 4202 1281 4268 ius
1303 4225 1398 4268 suum
1416 4209 1468 4266 eta

409 4363 467 4414 1Β.
481 4363 580 4414 mld
784 4359 787 4366 ’
984 4363 1136 4429 ’Braetom
1150 4365 1169 4416 l.
1181 4365 1449 4432 extetminime.

409 4429 420 4463 ¹
438 4429 537 4492 Snpply
548 4431 631 4488 datur,
644 4427 675 4478 B.
