3167 5075
299 420 417 471 consu
439 420 539 481 nuos,
561 420 626 470 nn.
652 404 811 479 1234-5,
832 416 897 467 nn
922 404 1058 466 18-19.
1169 396 1232 467 12⁷

133 593 256 657 scisitus
279 592 332 657 die
356 614 421 679 quo
444 600 530 657 terre
554 614 612 657 sue
635 598 730 677 capte
755 590 890 655 dierunt
914 589 950 653 in
975 609 1111 653 manum
1137 586 1232 651 Dom.

133 694 226 783 Regis
239 716 299 782 per
313 701 504 781 preceptum
520 715 616 759 suum
632 700 667 757 et
681 700 797 758 cetera

192 801 234 865 Et
248 800 412 865 Rcbertus
427 799 520 864 uenit
535 808 571 863 et
585 798 664 863 dicit
679 798 766 885 quod
780 797 882 862 habet
895 794 1078 861 manerium
1093 794 1134 860 de
1149 794 1233 859 dono

131 904 219 970 Dom.
239 904 340 991 Regis
359 926 417 991 per
436 912 560 969 cartam
583 925 676 968 suam
696 902 782 968 sicut
803 901 887 967 illud
901 901 988 988 quod
1003 901 1068 965 fuit
1082 900 1234 966 eschaeta

130 1032 185 1075 sua
197 1009 238 1075 de
253 1018 342 1075 terra
355 1032 419 1096 que
434 1010 499 1074 fuit
514 1007 672 1087 Feleasii,¹
686 1016 721 1073 et
736 1007 814 1073 inde
828 1014 926 1072 uocat
940 1006 1035 1071 Dom.
1051 1005 1176 1093 Regem
1191 1002 1233 1070 sd

130 1122 314 1193 warantum,
334 1122 369 1179 et
388 1114 510 1200 profert
530 1122 653 1179 cartam
673 1112 767 1178 Dom.
791 1111 893 1198 Regis
912 1133 976 1197 que
991 1120 1134 1176 testatur
1147 1108 1233 1195 quod

130 1218 216 1284 dedit
236 1219 267 1283 ei
289 1220 471 1285 manerium
493 1219 576 1285 illud
596 1228 631 1284 et
651 1226 800 1305 preterca
819 1224 923 1281 totam
944 1224 1149 1301 terramque
1170 1215 1234 1279 fuit

131 1324 268 1388 Huberti
283 1323 325 1388 de
341 1324 451 1410 Burgo
462 1333 498 1390 et
509 1346 608 1411 quam
620 1323 730 1389 tenuit
740 1322 781 1387 de
793 1320 976 1408 Reginaldo
986 1321 1028 1386 de
1041 1321 1072 1387 S.
1086 1320 1234 1386 Valerico

128 1428 161 1492 in
175 1428 332 1493 Henlawc
348 1428 532 1493 habendam
547 1436 583 1492 et
597 1426 773 1492 tenendam
789 1425 853 1490 sibi
867 1432 903 1489 et
917 1424 1092 1489 heredibus
1105 1424 1174 1490 suis
1192 1424 1233 1490 de

129 1532 217 1598 Dom.
248 1534 341 1619 Rege
371 1540 406 1597 et
435 1532 609 1598 heredibus
638 1532 705 1597 suis
734 1529 900 1595 reddendo
928 1529 1005 1594 inde
1031 1552 1233 1615 perannum

129 1658 226 1702 unum
249 1636 472 1724 esperusrium
494 1636 673 1702 mutorium
695 1635 749 1700 uel
772 1642 914 1722 quatuor
933 1634 1060 1712 solidos,
1082 1644 1118 1700 et
1147 1634 1234 1700 unde

128 1740 204 1805 dicit
225 1741 314 1827 quod
334 1740 421 1806 idem
440 1740 605 1805 Felcasius
625 1739 690 1803 fuit
710 1738 950 1804 forisiudicstus
969 1761 1028 1826 per
1046 1739 1133 1825 quod
1148 1748 1235 1804 terra

127 1844 181 1910 illa
202 1846 266 1911 fuit
291 1846 443 1911 eschaeta
465 1846 559 1910 Dom.
585 1844 685 1931 Regis
709 1852 743 1907 et
767 1843 862 1908 Dom.
888 1844 960 1908 Rex
985 1843 1076 1909 illam
1103 1844 1135 1909 ei
1157 1843 1235 1909 dare

128 1952 233 2035 potuit
247 1959 289 2015 ut
304 1952 490 2016 eschaetam
506 1972 598 2015 susm
613 1958 649 2014 et
663 1948 753 2014 illam
769 1948 802 2014 ei
815 1948 916 2013 dedit.

189 2055 232 2120 Et
247 2055 423 2120 Hubertus
437 2053 517 2120 dicit
533 2053 620 2141 quod
635 2054 700 2119 fuit
713 2052 790 2119 inde
806 2053 936 2118 saisitus
950 2052 1037 2119 sicut
1051 2052 1234 2139 predictum

127 2168 174 2223 est
188 2168 223 2224 et
236 2159 326 2245 petit
342 2158 494 2223 saisinam
509 2180 603 2223 suem
618 2156 749 2243 qualem
765 2164 845 2221 tunc
860 2156 977 2221 habuit
991 2165 1051 2221 etc

189 2264 309 2330 Postea
339 2263 427 2351 apud
457 2263 679 2350 Kenigtcnsm
709 2284 817 2327 coram
852 2262 947 2326 Dom.
984 2260 1235 2347 Archiepiscopc

128 2365 357 2431 Oeutuariensi
379 2375 413 2431 et
433 2388 539 2431 coram
556 2364 713 2452 episcopis
728 2373 763 2429 et
777 2364 952 2431 comitibus
966 2371 1001 2429 et
1015 2364 1088 2429 aliis
1101 2386 1233 2452 magna-

127 2471 212 2538 tibus
235 2470 319 2537 dicit
344 2471 438 2537 Dom.
465 2470 537 2535 Rex
560 2469 647 2558 quod
670 2491 735 2534 non
758 2468 834 2534 uult
857 2467 888 2533 ei
912 2467 1135 2533 warentizare¹
1156 2467 1235 2555 quia

127 2574 252 2660 quando
279 2574 392 2661 posuit
417 2574 557 2640 eundem
583 2573 772 2638 Hubertum
798 2572 834 2637 in
863 2572 1026 2658 prisonem
1055 2593 1148 2637 susm
1177 2593 1235 2658 per

126 2677 295 2743 consilium
322 2699 420 2742 suum
445 2677 532 2765 quod
558 2685 637 2741 tunc
663 2674 796 2741 habuit⁸
820 2675 906 2760 ipse‘
930 2683 1009 2740 tunc
1035 2675 1177 2741 reddidit
1200 2681 1235 2739 et

127 2783 282 2848 concessit
298 2782 332 2847 ei
347 2789 383 2846 et
397 2780 571 2846 heredibus
586 2780 654 2846 suis
668 2803 780 2845 omnes
796 2788 898 2845 terres
918 2802 999 2866 quse
1019 2788 1098 2845 tunc
1119 2777 1235 2843 habuit

127 2887 165 2952 de
184 2887 372 2953 hereditate
392 2886 522 2973 propria
541 2895 576 2951 et
598 2893 748 2972 preterea
769 2908 882 2950 omnes
901 2894 1004 2950 terras
1023 2909 1103 2972 quas
1118 2883 1237 2951 habuit

126 2991 165 3058 de
187 2993 352 3081 legalibus
374 2992 561 3078 perquisitis
580 2991 648 3056 suis
670 2991 815 3077 exceptis
838 2991 934 3056 terris
957 3014 1038 3077 quas
1060 2993 1169 3056 tenuit
1193 2995 1235 3059 de

127 3097 217 3162 Dom.
233 3097 329 3183 Rege
344 3095 378 3158 in
394 3095 509 3182 capite,
526 3103 561 3160 et
575 3093 662 3160 unde
678 3094 771 3159 Dom.
787 3095 858 3159 Rex
874 3093 955 3159 dicit
969 3093 1056 3180 quod
1070 3095 1236 3181 predictus

128 3201 289 3266 Robertus
319 3199 444 3285 recepit
472 3208 592 3265 terram
622 3198 712 3264 illem
741 3207 776 3265 et
805 3221 917 3264 omnes
946 3200 1026 3265 alias
1062 3208 1165 3265 terras
1200 3201 1236 3266 in

128 3304 273 3370 custodis
295 3301 395 3368 simul
417 3325 492 3367 cum
510 3302 661 3367 omnibus
675 3302 748 3367 aliis
763 3303 859 3368 terris
874 3302 1019 3367 eiusdem
1035 3302 1180 3367 Huberti
1194 3304 1236 3369 ad

127 3407 389 3496 respondendum
411 3407 452 3472 de
474 3408 616 3474 exitibus
637 3407 759 3474 clericis
782 3407 907 3473 Italicis
927 3429 985 3494 pro
1005 3406 1154 3492 dampnis
1169 3407 1236 3472 suis

129 3513 173 3578 eis
193 3511 319 3590 illatis,⁶
339 3512 389 3576 ita
408 3511 494 3597 quod
513 3511 608 3578 Dom.
630 3511 702 3577 Rex
722 3510 950 3577 terramillam
964 3533 1028 3575 non
1044 3510 1162 3575 habuit
1176 3533 1236 3576 nec

129 3619 161 3682 in
182 3617 348 3683 dominico
370 3615 484 3680 necin
506 3615 642 3681 seruicio
661 3622 836 3702 postquam
857 3613 945 3680 idem
970 3615 1140 3680 Hubertus
1159 3615 1236 3680 inde

130 3720 309 3787 disseisitus
332 3719 405 3798 fuit,
428 3729 462 3785 et
484 3729 633 3806 preterea
653 3719 763 3785 nullus
785 3726 921 3784 uocatus
941 3716 983 3781 ad
998 3727 1179 3784 warantum
1195 3719 1236 3785 de

130 3825 236 3912 eliqua
253 3833 345 3890 terra
359 3831 512 3890 teneatur
525 3825 717 3910 respondere
732 3823 773 3888 de
789 3830 954 3909 warantya
972 3821 1042 3886 sine
1060 3826 1236 3890 summoni-

131 3928 217 3994 cicne
232 3952 293 4017 per
304 3931 405 3994 breue
420 3928 512 3994 Dom.
526 3929 626 4016 Regis
640 3929 694 3994 uel
709 3953 768 4016 per
782 3937 972 4015 preceptum
987 3927 1237 3996 iusticiariomm

131 4055 267 4113 suorum,
284 4043 321 4099 et
336 4032 430 4099 Dom.
446 4033 515 4100 Rex
531 4057 596 4100 non
616 4043 725 4122 potest
747 4033 944 4100 summoneri
966 4056 1026 4099 nec
1047 4043 1237 4121 preceptum

163 4205 172 4237 ¹
188 4204 296 4254 Peukes
308 4204 338 4254 cl
345 4203 463 4255 Breaule
712 4203 756 4254 the
768 4203 839 4266 king.

162 4269 294 4320 ²Hewil1
306 4273 354 4319 not
366 4267 594 4320 wsmsntRcbcrt.
743 4269 797 4320 ’Β
818 4267 872 4320 had
893 4268 957 4318 been
979 4268 1033 4319 laid
1055 4273 1083 4319 tc
1110 4269 1234 4322 Hubert’s

163 4333 227 4398 'By
247 4335 295 4384 the
316 4334 422 4385 eounsel
438 4335 467 4384 ol
482 4333 526 4385 the
546 4334 660 4386 advisers
711 4335 806 4397 charge
824 4333 883 4384 that
899 4333 935 4384 he
955 4333 1008 4384 hed
1029 4334 1171 4398 instigsted
1191 4337 1238 4387 the

134 4399 323 4450 rhcmhehss
333 4401 388 4462 just
399 4399 542 4452 dismissed
711 4401 836 4450 outbrealr
846 4401 876 4450 ol
886 4401 949 4450 lass
960 4400 1064 4462 against
1082 4401 1127 4450 the
1138 4401 1250 4452 Italian-

163 4467 174 4498 ⁴
190 4465 295 4516 Hubert
306 4465 477 4516 sumendcred
488 4465 530 4516 his
541 4465 617 4517 lande
632 4471 660 4518 to
710 4465 803 4529 clergy.
829 4465 893 4516 Mat.
902 4465 961 4516 Per.
970 4466 1021 4516 vol.
1030 4467 1054 4524 3,
1061 4480 1087 4528 p.
1097 4467 1236 4518 alt-ssi.
