3167 5075
399 368 465 432 390
705 384 855 445 remur,
877 384 940 433 an.
966 371 1059 445 1220,
1083 384 1147 433 aa.
1172 372 1200 432 4.

402 552 471 617 sine
491 553 636 638 predicto
648 553 795 619 ‘Ricardo
817 554 976 641 participe
998 577 1057 619 suo
1076 554 1141 619 nisi
1159 554 1249 619 ouria
1267 564 1327 620 eto.
1368 556 1405 621 Et
1421 555 1474 621 ideo

403 665 647 722 summoneatur
660 658 747 743 quod
761 659 806 723 sit
821 659 881 745 ¹toli
895 659 948 723 die
964 666 1024 724 eto.
1036 658 1078 723 ad
1093 658 1350 745 respondendum
1363 660 1474 747 predicto

404 759 545 825 Radulfo
558 760 655 826 simul
671 784 745 826 oum
760 763 784 827 J
785 763 912 827 ohanne
927 762 1073 849 predicto
1088 762 1128 828 de
1149 772 1236 828 terra
1259 764 1316 829 iila
1335 764 1410 829 unde
1425 764 1475 849 ipse

403 863 565 950 particeps
580 874 631 930 est
649 866 690 931 de
711 866 895 931 hereditate
910 888 973 954 que
989 867 1053 931 fuit
1068 867 1207 953 predicti
1228 868 1354 955 Rogeri,
1367 876 1396 933 et
1413 867 1475 931 unde

395 967 491 1038 idem
513 968 680 1035 Johannos
701 993 766 1035 non
788 973 864 1037 uult
885 972 1079 1058 respondere
1101 972 1170 1037 sine
1193 980 1252 1037 eta
1298 973 1405 1037 Postea
1422 971 1476 1057 quia

396 1071 570 1136 ¹Johannes
593 1081 741 1138 mortuus
762 1082 814 1138 θεὴ
837 1082 871 1139 θὴ
892 1074 986 1139 heres
1009 1096 1087 1139 suus
1108 1082 1159 1139 θεὴ
1181 1074 1266 1139 infra
1286 1082 1407 1151 etatem,
1424 1095 1476 1137 oon-

404 1174 581 1241 sideratum
597 1176 749 1262 estquod
763 1177 926 1242 Radulfus
940 1184 995 1243 eat
1009 1177 1086 1243 inde
1101 1178 1171 1242 sine
1187 1177 1249 1254 die,
1264 1184 1324 1242 ete

471 1279 652 1345 ¹Robertus
666 1280 706 1345 de
722 1280 938 1346 Roohefordia
951 1282 1073 1368 optulit
1088 1304 1122 1347 se
1142 1289 1202 1347 eta
1219 1304 1332 1347 uersus
1345 1280 1476 1347 Andrean

310 1400 355 1429 ⁰¹¹²
405 1384 511 1449 filium
525 1384 657 1451 Ricardi
670 1385 712 1450 de
727 1383 760 1450 la
773 1386 857 1450 Bere
873 1394 908 1450 et
927 1385 1068 1451 Aiioiam
1085 1408 1220 1451 uxorem
1243 1386 1314 1450 eius
1332 1386 1371 1451 do
1388 1385 1478 1471 placito

406 1490 492 1577 quod
516 1490 647 1576 capiant
672 1490 862 1576 homagium
888 1498 923 1555 et
948 1490 1141 1556 racionabile
1167 1490 1327 1555 releuium
1352 1511 1433 1553 sunm
1449 1486 1477 1551 de

406 1596 507 1660 libero
521 1603 709 1663 tenemento
724 1617 783 1660 suo
802 1594 891 1681 quod
908 1602 1001 1659 tenet
1021 1595 1114 1661 etde
1136 1595 1183 1661 eis
1205 1604 1316 1661 tenere
1337 1596 1439 1661 clamat
1454 1594 1478 1657 in

405 1697 605 1764 Oselewrthe
629 1706 690 1763 ete
736 1699 781 1764 Et
807 1698 870 1785 ipsi
893 1721 959 1763 non
984 1708 1147 1764 uenerunt
1173 1708 1232 1765 eto.
1264 1708 1298 1765 et
1328 1700 1478 1765 habuerint

406 1803 493 1868 diem
507 1825 566 1890 per
579 1802 810 1868 essoniatorem
825 1825 921 1868 suum
936 1801 1038 1869 talem
1053 1812 1112 1869 eto.
1152 1804 1195 1869 Et
1207 1803 1281 1868 ideo
1291 1803 1478 1869 attachientur

406 1908 493 1993 quod
514 1908 580 1973 sint
602 1917 661 1973 ete
686 1908 747 1973 tali
762 1908 815 1973 die
834 1916 904 1985 eto,
923 1917 958 1973 et
978 1909 1157 1974 uiceoomes
1176 1908 1351 1995 diligenter
1368 1905 1478 1991 inquiat

406 2013 464 2098 qui
488 2014 621 2079 fuerunt
646 2014 729 2079 tales
754 2022 813 2079 etc.
838 2013 896 2099 qui
922 2014 1001 2079 falso
1024 2013 1269 2079 essoniauerunt
1290 2012 1439 2078 Andrean
1456 2023 1478 2071 et

406 2116 546 2181 Alieiam
560 2125 595 2182 et
609 2118 681 2182 illos
695 2117 804 2203 capiat
819 2126 854 2182 et
868 2118 959 2183 saluo
974 2117 1137 2183 custodiat
1152 2140 1320 2203 quousque
1334 2126 1390 2182 eta
1406 2114 1411 2201 Ι

470 2220 625 2307 'Rosysia
653 2244 716 2306 que
742 2220 806 2287 fuit
836 2243 919 2285 uxor
943 2221 1064 2307 Rogeri
1086 2221 1127 2285 de
1157 2220 1265 2286 Solers
1286 2221 1371 2307 petit
1393 2238 1478 2283 uersus

404 2322 606 2388 Willelmum
621 2323 662 2388 de
678 2324 785 2388 Solem
800 2323 934 2389 terciam
948 2332 1075 2410 partem
1096 2322 1193 2389 unius
1215 2346 1318 2389 earua
1339 2332 1415 2388 terre
1427 2340 1480 2385 cun

404 2435 487 2514 pert.
508 2439 543 2492 et
563 2426 703 2492 duarum
725 2427 871 2512 parcium
887 2428 1025 2492 duorum
1049 2427 1308 2494 molendinorum
1331 2436 1365 2493 et
1377 2424 1479 2491 torcian

404 2539 531 2616 partem
554 2553 582 2596 v.
604 2529 685 2616 uirg.
708 2538 793 2594 terre
814 2530 851 2594 in
873 2530 1049 2618 uillenagio
1071 2553 1146 2596 oum
1166 2541 1248 2617 pert.
1270 2530 1307 2597 in
1328 2528 1479 2613 Porteslope

404 2641 445 2699 ut
458 2633 569 2699 dotem
583 2655 676 2698 suam
691 2641 752 2698 eto.
767 2655 807 2698 ex
823 2632 907 2698 dono
922 2634 1060 2720 predicti
1075 2636 1196 2722 Rogeri
1211 2645 1272 2701 eta

470 2737 516 2801 Et
530 2736 715 2802 Willelmus
728 2738 823 2803 uenit
838 2745 872 2802 et
887 2736 967 2802 dicit
988 2737 1074 2824 quod
1094 2738 1261 2824 predictus
1281 2739 1419 2827 Rogatus
1435 2735 1481 2798 fuit

405 2839 506 2905 frater
519 2863 598 2905 suus
611 2841 850 2928 primogenitus
865 2847 900 2905 et
916 2840 998 2905 obiit
1011 2841 1078 2906 iam
1099 2841 1204 2906 tribus
1223 2843 1321 2908 annis
1335 2838 1481 2910 transactis

406 2943 455 3008 ita
479 2944 566 3030 quod
586 2945 656 3031 ipse
678 2967 807 3030 semper
827 2951 942 3030 postea
963 2944 1027 3009 fuit
1049 2945 1083 3008 in
1106 2944 1225 3010 seisina
1246 2945 1337 3011 illius
1359 2955 1438 3018 terre,
1457 2956 1481 3004 et

405 3071 573 3135 nunquam
602 3050 732 3116 audiuit
762 3048 849 3137 quod
883 3051 983 3114 frater
1014 3073 1093 3116 suus
1128 3050 1247 3116 habuit
1282 3071 1411 3116 uxorem
1440 3067 1482 3110 nec

405 3153 558 3240 Roysiam
582 3177 642 3220 neo
665 3155 773 3234 aliam,
798 3177 858 3219 neo
884 3153 955 3238 ipsa
980 3155 1101 3240 Boysia
1120 3177 1278 3242 umquam
1300 3156 1372 3221 uisa
1391 3153 1405 3217 f
1422 3148 1482 3213 'tin

405 3257 553 3343 partibus
574 3259 647 3336 illis,
669 3267 704 3325 et
726 3259 799 3324 ideo
822 3260 908 3346 petit
929 3267 970 3323 ut
991 3258 1094 3344 ipsam
1116 3257 1237 3323 uideat.
1285 3259 1330 3322 Et
1351 3255 1417 3323 ideo
1428 3274 1482 3318 con·

405 3362 582 3427 sideratum
597 3372 648 3428 θεὴ
660 3364 746 3450 quod
761 3364 875 3429 ueniat
888 3364 925 3428 in
939 3361 1069 3450 propria
1082 3385 1218 3448 persona
1232 3363 1293 3427 tali
1309 3363 1371 3438 dis,
1385 3370 1434 3426 eta

470 3466 647 3532 'Robertus
677 3468 813 3555 Gresley
842 3467 1059 3534 summonitus
1088 3467 1153 3531 fuit
1182 3465 1224 3530 ad
1252 3462 1481 3553 respondendnm

356 3596 362 3609 ·
405 3593 505 3656 quare
533 3571 667 3637 intrusit
695 3594 730 3637 se
759 3573 795 3638 in
824 3572 1005 3638 manerium
1035 3571 1076 3637 de
1110 3571 1289 3656 Billetorpe
1328 3569 1409 3657 quod
1439 3563 1482 3629 ait

406 3674 563 3739 Willelmi
578 3675 618 3739 de
633 3676 763 3761 Tregoz‚
777 3676 871 3740 cuius
884 3675 1023 3740 manerii
1042 3673 1191 3740 custodia
1209 3673 1251 3738 ad
1271 3673 1368 3739 Dom.
1386 3673 1483 3756 Regem

405 3777 557 3863 pertinet,
572 3800 609 3842 eo
624 3777 711 3863 quod
724 3777 813 3843 idem
832 3778 1017 3843 Willelmus
1035 3776 1216 3842 manerium
1237 3775 1322 3842 illud
1343 3773 1440 3840 tenuit
1456 3769 1483 3832 de

397 3881 525 3947 honore
553 3881 719 3947 Peuerelle
749 3883 807 3969 qui
836 3890 887 3948 est
915 3883 951 3948 in
980 3904 1080 3947 manu
1108 3881 1203 3946 Dom.
1233 3881 1337 3968 Regis
1365 3889 1419 3944 eta
1454 3873 1485 3938 Et

405 3985 569 4050 Robertus
583 3985 676 4050 uenit
690 3992 725 4050 et
739 3985 820 4050 dicit
835 3986 921 4072 quod
936 4008 1001 4050 non
1016 3984 1115 4050 debet
1135 3983 1176 4048 ad
1191 3984 1251 4047 hoo
1265 3983 1368 4048 breue
1382 3997 1485 4063 respon·

405 4087 482 4152 dere
496 4089 573 4174 quia
592 4089 772 4153 manerium
795 4089 878 4155 illud
892 4113 957 4155 non
977 4098 1027 4155 θεὴ
1048 4090 1090 4154 de
1112 4089 1232 4154 honore
1252 4087 1387 4153 Peuerel
1408 4085 1484 4150 immo

405 4189 446 4254 de
468 4190 600 4256 baronia
623 4191 781 4257 Gileberti
802 4193 842 4258 de
865 4193 984 4271 (inunt,
1000 4201 1035 4259 θὴ
1056 4191 1182 4257 desiout
1203 4192 1305 4258 breue
1327 4191 1404 4257 dicit
1421 4181 1485 4273 quoi

438 4334 775 4393 ‘mmmemm
1012 4336 1333 4396 ³AmffiRmm

437 4399 770 4460 ²nmmmnmm
