3167 5075
281 361 286 371 ’
390 398 541 459 murum,
563 399 628 448 uo.
653 384 746 459 1220,
770 397 832 447 ns„
857 385 884 446 4.
1126 384 1189 451 387

103 574 301 659 inpresencie
315 572 467 659 Episcopi
481 572 536 637 uel
555 573 722 638 senescalli
739 574 824 638 sicut
843 574 921 660 ipse
935 576 1025 661 prius
1047 573 1135 653 dicit,
1156 582 1189 640 et

103 678 177 764 quod
197 678 258 764 ipsi
278 678 464 743 debuerunt
485 678 546 743 hoo
568 678 764 765 cognouisse,
786 677 857 763 ipse
880 678 1000 744 iniuste
1021 678 1080 744 hoc
1102 678 1189 758 dicit,

102 782 168 867 quio
179 782 240 869 ipsi
252 782 368 847 dicunt
382 782 415 846 in
431 781 563 847 recordo
577 803 635 846 suo
650 781 737 868 quod
755 782 893 867 probate
912 783 975 847 fuit
994 782 1116 848 defalta
1133 806 1191 870 per

102 886 194 972 legem
222 896 305 953 terre
334 895 370 951 et
398 886 549 973 usagium
578 886 760 951 comitatus,
817 886 862 951 Et
891 894 929 950 ut
966 886 1025 951 hoc
1061 887 1189 972 plenius

101 992 311 1075 exprimerent,
333 991 449 1055 dicunt
469 990 555 1077 quod
577 989 630 1054 die
652 1012 717 1075 quo
739 990 892 1055 Motheus
915 991 1007 1055 uenit
1029 990 1071 1055 ed
1093 986 1190 1056 comiss

100 1101 195 1159 ntum
208 1103 243 1159 ct
257 1103 393 1181 questus
408 1094 472 1159 suit
486 1095 528 1159 de
543 1092 666 1159 defalta
685 1092 774 1157 curie
791 1092 953 1179 Episcopi,
969 1092 1129 1157 Radulsus
1148 1093 1189 1157 (19
1256 1098 1259 1103 ’

102 1198 219 1263 Lidisrd
233 1200 429 1265 senescallus
444 1199 596 1285 Episcopi
608 1206 643 1263 et
658 1198 758 1286 Hugo
770 1197 811 1263 de
827 1199 859 1262 lu
873 1196 1035 1282 Bergham
1050 1196 1190 1263 bellinus

100 1323 168 1365 suus
186 1310 352 1388 presentes
377 1304 511 1366 fuerunt
532 1301 568 1365 in
589 1300 747 1365 comitatu
770 1308 806 1365 et
828 1308 1020 1386 receperunt
1041 1299 1128 1365 diem
1151 1309 1190 1365 ut

101 1427 192 1469 coram
215 1406 262 1470 eis
286 1405 425 1491 probata
446 1413 531 1469 esset
549 1405 685 1481 defolte,
708 1413 742 1469 et
763 1404 824 1469 teli
849 1404 945 1469 modo
967 1405 1103 1491 probate
1127 1403 1191 1469 fuit

99 1510 207 1575 defalta
225 1510 406 1576 secundum
428 1510 579 1596 usagium
603 1510 801 1575 comitatus¹.
846 1510 897 1574 De
919 1510 980 1574 hoc
1001 1508 1087 1595 quod
1110 1509 1191 1575 dicit

99 1614 172 1698 quod
199 1614 413 1679 summonicio
442 1613 577 1679 deberet
599 1614 671 1679 fieri
699 1635 758 1700 per
785 1613 924 1678 balliuos
954 1614 1104 1699 Episcopi
1133 1628 1192 1699 per

97 1718 269 1783 libertatem
289 1740 384 1783 suam
405 1718 490 1782 sicut
513 1716 698 1803 predictum
719 1725 779 1795 est,
793 1716 908 1783 dicunt
927 1717 1014 1802 quod
1035 1718 1192 1784 bellinus'

98 1821 236 1908 Episcopi
251 1822 293 1887 de
308 1820 366 1885 illo
380 1820 550 1885 hundredo
569 1820 764 1886 fidelitatem
786 1820 928 1886 faciunt¹
942 1822 1035 1885 Dom.
1051 1821 1135 1908 Regi
1155 1829 1190 1888 et

97 1946 146 2009 per
158 1924 314 1991 eundem²
327 1924 370 1990 ed
384 1933 575 2010 preceptum
590 1924 791 1991 uioecomitis
802 1926 889 1990 secto
900 1925 963 1990 fuit
978 1924 1189 1991 summonioio

99 2050 163 2093 cum
176 2028 250 2094 eliis
264 2037 301 2093 ct
319 2036 442 2093 testata
460 2050 520 2115 per
541 2028 694 2107 eosdem',
714 2029 793 2116 qnia
814 2028 893 2115 ipsi²
914 2037 992 2094 sunt
1014 2029 1056 2094 sd
1078 2052 1189 2116 quem·

96 2131 168 2196 libet
193 2133 399 2209 comitatum,
428 2140 463 2197 et
491 2132 539 2198 ibi
567 2133 730 2219 recipiunt
759 2140 914 2221 precepta
943 2134 1038 2198 Dom.
1068 2132 1190 2221 Regis’.

96 2234 202 2323 Capcio
221 2238 329 2303 eciam
353 2245 439 2302 terre
459 2245 582 2303 testata
600 2239 665 2304 fnit
685 2262 744 2325 per
762 2239 820 2325 iiij.
841 2239 964 2304 milites
978 2239 1018 2304 de
1034 2238 1190 2304 comitutu

95 2340 205 2405 scilicet
218 2342 306 2406 tales
321 2348 381 2405 etc
426 2340 478 2405 De
492 2340 612 2406 iudicio
631 2341 661 2406 ei
681 2343 766 2407 fecto
787 2351 821 2408 et
841 2342 881 2407 de
904 2343 976 2429 lege
996 2342 1192 2408 remittenda

93 2444 288 2509 etfscienda
309 2442 486 2529 sicutipse
508 2444 597 2521 dicit,
626 2442 809 2509 defendunt
832 2446 919 2532 quod
942 2447 1008 2511 tale
1033 2446 1190 2511 iudicium

94 2568 249 2634 nunquam
273 2549 424 2614 fecerunt
446 2548 532 2612 sicut
553 2548 640 2613 idem
662 2549 685 2613 J
687 2549 831 2614 ohannes
852 2549 942 2630 dicit,
960 2573 1073 2616 reuera
1094 2549 1192 2616 comi-

92 2660 172 2718 tatus
199 2653 424 2719 considerauit
454 2653 541 2739 qnod
570 2653 725 2718 Mothous
759 2654 844 2719 bene
881 2655 990 2739 potuit
1026 2655 1192 2720 remittere

93 2757 187 2823 eidem
215 2759 367 2825 Johanni
396 2758 503 2845 legem
533 2765 568 2824 et
597 2781 662 2822 non
690 2757 852 2823 eliomodo
884 2757 1191 2823 considerauerunt⁴.

92 2859 136 2925 Dc
148 2863 221 2928 uisu
236 2862 348 2949 petito
362 2862 477 2927 dicunt
491 2861 577 2926 sicut
590 2861 681 2948 prius
694 2861 783 2948 quod
797 2883 863 2926 non
883 2869 1054 2947 expectato
1073 2861 1192 2927 iudicio

92 2971 193 3029 utrum
218 2967 335 3031 uisum
364 2965 484 3030 habere
513 2964 648 3029 deberet
671 2987 731 3030 nec
754 2987 806 3042 ne,
831 2965 970 3030 intrauit
998 2965 1033 3029 in
1061 2966 1191 3052 plenum

92 3069 328 3153 responsionem
353 3067 439 3132 sicut
465 3067 649 3153 predictum
671 3067 743 3132 est⁸.
796 3067 848 3137 De
874 3067 934 3132 hoc
963 3068 1050 3155 quod
1077 3069 1193 3135 debuit

91 3169 200 3236 dixisse
229 3169 323 3258 quod
352 3193 418 3235 non
447 3170 557 3235 tenuit
587 3178 707 3236 terrem
736 3172 828 3237 illem
857 3172 943 3238 sicut
976 3196 1050 3238 eom
1084 3173 1192 3260 peciit,

90 3273 195 3340 dicunt
220 3275 316 3363 quod
341 3275 496 3340 Matheus
522 3275 623 3361 peciit
645 3277 733 3362 quod
758 3277 867 3342 tenuit
895 3277 931 3342 in
960 3277 1129 3355 dominico,
1157 3277 1193 3344 in
1313 3327 1319 3338 .

90 3377 250 3459 dominico,
283 3387 321 3445 et
351 3379 438 3466 quod
466 3379 502 3444 in
532 3380 677 3458 seruicio‚
706 3381 741 3445 in
771 3381 914 3447 seruicio.
960 3384 1011 3448 De
1041 3389 1129 3447 terro
1151 3381 1192 3446 de

90 3481 192 3550 Penne
205 3508 274 3571 que
290 3483 409 3550 debuit
424 3505 493 3548 esse
508 3482 549 3548 de
563 3484 774 3568 pertinenciis
788 3485 1009 3570 predictarum
1024 3493 1192 3564 tenerum,

88 3584 193 3653 dicunt
216 3587 311 3675 quod
336 3587 424 3654 idem
446 3587 601 3652 Matheus
622 3611 790 3675 nunquam
819 3588 909 3653 illam
931 3589 1040 3674 peciit,
1069 3599 1104 3655 et
1132 3591 1193 3656 hoc

88 3689 163 3756 bene
176 3700 285 3778 potet,
307 3691 386 3778 quie
404 3691 475 3778 ipse
495 3691 649 3757 Metheus
670 3693 758 3778 petit
778 3693 916 3758 eandem
939 3703 1058 3760 terrem
1081 3718 1194 3761 uersus

89 3797 257 3879 quemdam
274 3796 442 3861 hominem
459 3805 494 3861 et
509 3819 644 3862 uxorem
655 3797 726 3862 eius
740 3819 880 3862 sororem
892 3798 996 3886 ipsius
1010 3802 1033 3866 J
1034 3799 1193 3865 ohannis⁶.

89 3898 135 3963 Dc
155 3901 208 3967 die
231 3902 315 3967 dato
337 3901 528 3966 essonistori
549 3925 608 3967 suo
626 3902 668 3968 ad
686 3903 878 3968 comitatum
896 3911 970 3990 post
987 3905 1119 3983 Pnsche,
1133 3905 1194 3969 hoc

88 4005 164 4072 bene
186 4007 386 4085 defendunt,
407 4007 485 4093 quia
505 4006 570 4094 ipsi
591 4006 632 4073 de
655 4007 802 4094 quolibet
824 4008 945 4094 placito
966 4031 1093 4096 semper
1114 4009 1194 4074 dant

89 4107 169 4175 diem
186 4110 193 4198 Ι
212 4111 256 4176 (19
273 4110 436 4176 comitatu
451 4111 486 4175 in
500 4109 703 4189 comitatum,
719 4117 754 4176 et
773 4110 802 4175 si
822 4110 997 4176 comitatus
1016 4113 1115 4178 fuerit
1135 4113 1195 4178 tali
1244 4129 1287 4180 [²1⁵
1295 4128 1324 4179 ul

116 4297 507 4392 :Apswcrtofirstobjection
702 4297 833 4395 :Seethe
845 4297 915 4374 third
927 4297 1062 4376 objectiont.

118 4364 547 4492 'Ebdirrertoseoondobjectiom
702 4363 1102 4492 “miiibdldbhobiiibiibbi

1003 4531 1107 4590 25-2
