3167 5075
369 379 430 445 246
584 390 701 441 consu
723 388 908 463 suumn.
932 373 1090 449 ,lest-e,
1112 388 1180 441 nn
1199 377 1250 439 22.

374 626 376 632 ,
433 562 477 637 Et
492 560 739 631 Bartholomeus
754 560 848 631 uenit
866 568 902 626 et
920 558 1003 628 dicit
1022 558 1110 645 quod
1128 558 1295 645 piedietus
1310 558 1477 625 Waltenis

368 671 593 731 tenementum
618 662 701 731 illud
727 682 791 729 non
818 670 911 729 tenet
936 661 972 730 in
996 661 1124 747 noeagio
1147 661 1225 747 quin
1246 669 1476 731 tenementum

368 764 450 835 illud
474 764 581 833 reddit
607 786 811 851 perannum
837 762 904 849 xlij.
929 762 985 831 eol.
1009 769 1045 831 et
1069 772 1218 848 pretereo
1241 763 1376 833 inuenit
1399 762 1476 833 inde

244 912 246 918 ι
368 868 462 937 Dom.
486 866 571 953 Regi
596 888 710 933 uersus
732 864 887 937 wanliam
912 864 994 936 duos
1017 864 1166 933 homines
1189 887 1248 951 pei·
1269 888 1321 931 xv.
1346 866 1479 935 disset

233 4177 327 4239 1233.

227 4277 325 4317 suffore.

367 969 531 1041 redeundo
550 969 626 1041 inde
646 968 728 1037 duos
747 968 895 1042 homines
915 991 975 1055 per
995 992 1097 1035 unum
1118 969 1207 1038 diem
1228 978 1265 1035 et
1285 970 1375 1037 unde
1394 970 1479 1039 dicit

367 1076 454 1162 quod
479 1081 704 1145 tenementum
728 1073 811 1145 illud
833 1096 898 1139 non
923 1082 974 1139 est
997 1073 1162 1161 sonegium
1185 1082 1236 1147 set
1261 1082 1396 1145 tenetur
1419 1097 1478 1161 per

368 1200 519 1266 megnem
533 1177 732 1254 senentiam,
744 1185 780 1243 et
789 1177 825 1243 id
839 1176 925 1264 qnod
940 1178 1084 1263 pertinet
1097 1176 1140 1243 nd
1153 1177 1280 1246 dictum
1291 1179 1476 1245 walterum

368 1280 408 1349 de
431 1280 578 1367 predicte
602 1288 689 1351 terra
711 1279 753 1349 de
777 1280 983 1349 Lassendens
1006 1280 1134 1347 meione
1158 1281 1304 1350 custodie
1328 1282 1382 1351 uel
1411 1284 1479 1353 elio

369 1384 464 1457 modo
487 1382 631 1471 pertinet
654 1382 697 1448 ad
721 1382 815 1450 Dom.
839 1383 974 1469 Regem.
1027 1384 1072 1451 Et
1097 1384 1263 1470 predictus
1286 1384 1387 1473 Hugo
1410 1410 1479 1453 non

368 1494 477 1575 potest
491 1488 551 1553 hoe
571 1486 727 1563 dedicere,
742 1494 777 1551 et
796 1485 953 1557 seniensis
972 1486 1030 1555 ills
1048 1509 1115 1552 non
1134 1496 1186 1557 est
1205 1508 1309 1573 pnms
1326 1489 1416 1556 sinim
1434 1490 1478 1555 de

369 1591 499 1680 sagittis
517 1599 552 1661 et
574 1590 748 1677 sperum-iis
769 1598 804 1655 et
820 1589 1018 1659 huiusmodi
1062 1590 1142 1657 Ideo
1161 1590 1402 1662 oonsiderstum
1426 1605 1478 1661 est

369 1696 456 1782 quod
470 1694 716 1764 Bartholomeus
730 1692 806 1761 inde
821 1692 890 1759 sine
904 1692 958 1762 die
973 1702 1008 1757 et
1023 1694 1285 1763 Bartholomeus¹
1300 1695 1336 1761 in
1350 1696 1479 1766 miseri·

369 1798 483 1869 cordis

433 1901 598 1970 walterus
627 1900 667 1965 de
697 1900 730 1965 le
766 1898 857 1969 Hide
892 1901 1013 1986 optulit
1049 1924 1083 1967 se
1120 1911 1237 1987 quarto
1272 1902 1326 1972 die
1362 1926 1481 1973 uersus

369 2006 523 2078 Milonem
543 2004 681 2071 Pichsnd
700 2004 741 2071 de
761 2004 882 2090 pleoito
901 2027 1001 2090 quem
1020 2006 1056 2070 in
1075 2028 1154 2092 paee
1174 2008 1269 2075 Dom.
1284 2007 1385 2095 Regis
1398 2032 1478 2079 enm

368 2110 404 2182 ui
418 2118 452 2175 et
466 2109 564 2175 ermis
578 2108 710 2178 domum
725 2107 828 2193 ipsius
842 2106 982 2175 Wnlteri
1000 2108 1036 2173 in
1050 2108 1233 2177 Wlfsetonn
1250 2108 1481 2181 intmnemnt'

368 2222 402 2283 et
417 2214 618 2281 Willelmum
632 2212 736 2277 filium
751 2212 853 2297 ipsius
867 2211 1006 2283 Wnlteri
1020 2212 1055 2279 in
1069 2214 1165 2282 domo
1183 2214 1243 2282 ills
1260 2225 1423 2300 ceperunt
1441 2226 1481 2287 et

366 2316 460 2383 illum
489 2339 597 2383 seeum
627 2316 833 2383 abduxerunt
861 2338 883 2382 s
910 2338 1003 2402 posse
1038 2317 1133 2387 Dom.
1163 2318 1264 2405 Regis
1299 2341 1406 2404 usque
1443 2320 1480 2387 in

368 2420 521 2490 Walliem
535 2428 575 2485 ut
588 2420 771 2505 predictum
783 2420 987 2488 Willelmum
998 2430 1152 2507 cogerent
1162 2421 1204 2487 ed
1214 2422 1480 2509 redempcionem

368 2524 453 2593 sient
467 2523 554 2591 idem
570 2522 733 2593 Wolterus
748 2521 838 2590 dicit.
881 2522 925 2591 Et
941 2523 1022 2593 Milo
1036 2547 1102 2591 non
1116 2525 1210 2596 uenit
1229 2535 1264 2594 et
1284 2534 1481 2613 preosptnm

368 2627 432 2694 fuit
454 2626 637 2697 uioeoomiti
658 2627 745 2714 quod
766 2627 962 2697 attechinret
984 2651 1068 2696 euin
1114 2629 1157 2699 Et
1181 2630 1360 2698 uioeoomes
1382 2653 1481 2703 men·

368 2727 462 2800 desit
486 2728 573 2815 quod
597 2751 662 2794 non
688 2729 752 2796 fuit
777 2729 943 2796 inuentus
987 2731 1032 2798 Et
1058 2731 1131 2799 ideo
1156 2733 1185 2802 si
1210 2733 1402 2800 inuenietur
1426 2747 1482 2802 nt-

369 2833 539 2911 tuchietun
553 2833 582 2898 si
601 2855 674 2911 non,
689 2832 841 2919 exigatur
859 2831 901 2899 de
921 2833 1079 2903 comitatu
1101 2835 1136 2900 in
1158 2836 1351 2908 eomitetum
1370 2837 1483 2909 donec

368 2937 536 3023 utlagetur
549 2936 726 3004 seeundum
742 2937 848 3024 legem
862 2945 949 3004 terne
963 2947 1025 3007 eto.

432 3038 525 3102 Idem
541 3039 684 3124 appellet
699 3039 965 3112 Bartholomeum
985 3042 1111 3108 Peoehe
1130 3042 1171 3108 de
1191 3044 1314 3123 eodem.
1329 3055 1382 3116 set
1396 3047 1485 3132 quin

367 3141 533 3228 appellum
561 3141 651 3208 istud
686 3141 875 3212 descendit·
906 3167 928 3212 s
963 3145 1105 3230 quadem
1138 3146 1309 3218 disseisine
1341 3150 1486 3234 ponitur

367 3245 533 3331 appellum
562 3244 596 3309 in
625 3253 809 3330 respectum
837 3269 940 3333 nsque
969 3248 1071 3316 telem
1099 3249 1186 3319 diem
1214 3259 1276 3318 ete
1304 3274 1483 3338 quousque

367 3346 468 3416 assisa
495 3347 553 3414 ille
580 3348 733 3434 capiatur.
779 3350 824 3414 Et
852 3350 930 3436 quin
957 3351 1129 3424 iustieissii
1156 3353 1200 3424 ed
1223 3354 1357 3421 emiseni
1382 3355 1484 3422 illam

367 3451 557 3538 capiendam
598 3450 754 3536 assignati
796 3452 1036 3523 mandauerunt
1071 3455 1158 3542 quod
1193 3479 1259 3522 non
1295 3467 1485 3546 potnenmt

367 3555 500 3624 assisam
525 3554 615 3622 illem
638 3577 753 3641 cepere
778 3578 818 3620 eo
843 3557 930 3642 quod
954 3580 1067 3624 omnes
1091 3558 1262 3630 iusticierii
1286 3583 1351 3628 non
1371 3561 1485 3628 inter-

368 3661 500 3725 fuerunt
514 3680 573 3724 nee
587 3658 805 3746 recognitores
818 3671 1048 3741 conuenerunt,
1062 3663 1135 3732 ideo
1149 3665 1342 3758 mnndetum
1359 3675 1415 3732 est
1429 3667 1485 3733 eis

367 3762 454 3849 quod
468 3761 663 3831 conueniant
678 3763 766 3850 apud
781 3763 1006 3832 Herefordiem
1025 3767 1061 3833 in
1080 3768 1220 3838 crastino
1234 3769 1337 3838 clausi
1349 3769 1485 3840 Pisone

366 3867 409 3932 ed
423 3867 567 3953 capiend’
581 3867 714 3936 assisam
729 3868 819 3938 illum
839 3869 1018 3938 seeundum
1038 3870 1137 3938 breue
1156 3872 1251 3942 Dom.
1267 3872 1368 3960 Regis
1388 3878 1486 3961 quod

366 3971 446 4036 alins
466 3971 541 4039 inde
561 3983 780 4058 susceperunt,
796 3981 831 4040 et
849 3974 893 4042 ed
912 3974 1095 4044 faciendum
1115 3975 1191 4042 inde
1211 3976 1299 4063 quod
1317 3977 1361 4050 nd
1381 3979 1487 4050 insti·

367 4074 449 4140 ciem
464 4074 607 4160 pertinet
621 4076 798 4144 seeundum
814 4077 920 4164 legem
935 4085 1029 4144 terre.

398 4344 408 4428 J)
425 4345 496 4459 gprr.
508 4346 591 4406 Hupo.
923 4347 934 4378 ³
946 4347 1017 4396 Corr.
1030 4349 1150 4409 dependet
1162 4348 1203 4412 (Ψ).

398 4429 408 4440 ·
445 4425 476 4458 ie.

431 4179 618 4246 Anketillus
645 4180 794 4246 Mellore⁴
820 4182 905 4266 petit
935 4204 1049 4248 uersus
1080 4183 1271 4253 Haterium
1296 4185 1337 4255 de
1362 4186 1486 4277 Buigo

922 4412 1485 4476 ⁴1=nearnerproceeningesescmuss.
1558 4403 1559 4410 ’
