3167 5075
373 414 440 487 228
589 428 706 487 consu
721 425 827 490 mer,
848 427 913 482 sn
937 412 1097 489 1236-7,
1118 428 1182 479 an
1206 414 1255 477 21.

373 611 409 668 et
423 608 647 667 tenementum
661 601 744 666 illud
758 600 790 666 ei
798 600 919 666 'datum
933 600 998 665 fuit
1017 599 1098 665 adeo
1119 598 1220 665 libere
1239 599 1274 665 in
1294 598 1381 685 Pery
1395 598 1478 664 sicut

374 712 461 770 terra
479 704 520 769 de
541 703 726 769 Stanfordia
747 704 826 769 deta
846 703 910 767 fuit
933 714 1030 788 quam
1052 702 1144 767 dedit
1165 702 1201 767 in
1222 702 1431 779 escambium,
1445 710 1479 766 et

374 808 458 875 bene
479 808 625 874 defendit
647 808 733 894 quod
754 808 842 872 idem
864 807 1049 871 Willelmus
1070 828 1238 892 nunquam
1260 806 1325 871 fuit
1346 805 1424 870 inde
1444 806 1479 869 in

374 911 499 977 seisina
553 911 596 977 Et
625 910 711 997 quod
740 932 908 994 nunquam
937 908 1002 973 fuit
1030 908 1066 973 in
1091 908 1211 973 seisina
1238 917 1413 994 postquam
1437 907 1476 971 de

375 1023 562 1081 tenemento
576 1014 632 1079 illo
646 1014 785 1078 feosatue
800 1013 863 1077 fuit
877 1012 971 1097 ponit
985 1034 1019 1076 se
1034 1033 1131 1097 super
1145 1011 1294 1096 patriam.
1313 1008 1319 1099 Ι

259 1127 315 1177 [nn]
441 1119 485 1183 Et
506 1117 689 1183 Willelmus
710 1114 804 1180 uenit
826 1124 861 1180 et
882 1115 962 1180 dicit
986 1114 1072 1201 quod
1095 1114 1159 1179 fnit
1181 1115 1217 1179 in
1240 1114 1362 1179 seisina
1381 1123 1418 1179 et
1439 1114 1478 1178 de

375 1220 510 1285 seruicio
534 1228 568 1285 et
590 1219 631 1283 de
655 1226 743 1283 secta
765 1226 801 1282 et
825 1218 897 1282 nisu
922 1217 1023 1282 frenci
1048 1216 1150 1303 plegii
1172 1216 1324 1281 similiter
1347 1225 1382 1281 et
1404 1216 1476 1281 inde

375 1322 468 1409 ponit
487 1343 521 1385 se
541 1342 638 1405 super
656 1320 804 1406 patriam.
850 1320 894 1384 Et
915 1318 989 1383 ideo
1010 1328 1200 1404 preceptum
1223 1328 1274 1384 est
1296 1319 1477 1384 uicecomiti

376 1425 462 1513 qnod
478 1448 584 1489 coram
605 1447 643 1489 eo
658 1433 692 1489 et
707 1446 813 1489 coram
828 1423 1016 1488 custodibus
1031 1423 1223 1508 placitorum
1238 1446 1354 1489 corone
1369 1424 1477 1489 uenire

376 1530 473 1595 faciet
492 1528 546 1615 xij.
563 1527 619 1614 qui
640 1528 763 1593 nullam
786 1536 912 1613 purtem
934 1526 1102 1613 attingant
1121 1535 1156 1593 et
1175 1549 1234 1613 per
1253 1549 1365 1591 eorum
1378 1548 1477 1590 sacra-

375 1641 524 1698 mentum
539 1631 712 1717 diligenter
722 1620 866 1716 inquirat
877 1630 905 1693 si
916 1629 1079 1715 predictus
1090 1630 1113 1695 J
1114 1630 1257 1695 ohannes
1268 1630 1323 1694 uel
1334 1628 1476 1693 hominos

373 1735 426 1800 sui
440 1734 583 1820 aliquam
597 1741 717 1797 sectam
733 1732 879 1797 lecerunt
893 1732 934 1797 de
949 1739 1136 1797 tenemento
1149 1731 1252 1818 ipsius
1266 1732 1289 1797 J
1290 1732 1426 1796 chunnis
1439 1730 1476 1795 de

375 1839 459 1925 Pery
472 1846 508 1902 et
521 1836 614 1922 sequi
633 1836 738 1900 solent
757 1844 929 1921 postquam
948 1834 1036 1899 idem
1056 1836 1240 1900 Willelmns
1260 1836 1400 1901 feofatus
1418 1834 1477 1899 fuit

375 1944 416 2009 de
432 1952 519 2008 terra
533 1944 573 2007 de
589 1942 672 2027 Perp⁷
687 1940 728 2006 ad
743 1940 850 2006 uisum
866 1940 967 2006 franci
981 1940 1081 2027 plegii
1095 1941 1131 2005 in
1150 1940 1299 2026 predicta
1317 1940 1408 2006 curia
1426 1939 1475 2003 nel

375 2070 449 2126 non,
465 2047 542 2133 quie
556 2054 625 2111 tam
645 2046 732 2111 idem
752 2045 938 2110 Willelmus
958 2068 1056 2131 qnam
1076 2044 1163 2110 idem
1182 2044 1352 2110 lohannes
1371 2052 1432 2110 etc.
1446 2054 1476 2107 et

376 2151 489 2231 ueniat
515 2150 575 2215 tali
600 2150 652 2215 die
679 2158 737 2215 ete
787 2150 905 2215 Postea
930 2150 1023 2215 uenit
1045 2149 1215 2235 inquisicio
1241 2172 1306 2235 que
1330 2150 1408 2214 talis
1431 2158 1476 2214 est

376 2253 462 2339 quod
499 2275 558 2317 nec
594 2251 758 2338 predictus
793 2252 962 2316 «lohannes
993 2274 1053 2317 nec
1083 2252 1229 2317 homines
1257 2252 1310 2316 sui
1339 2252 1475 2338 aliquam

376 2365 497 2423 sectam
513 2357 659 2421 fecerunt
678 2354 720 2423 ed
739 2356 862 2422 curiam
881 2354 1020 2442 predicti
1034 2355 1191 2420 Willelmi
1211 2355 1252 2420 de
1273 2356 1474 2420 Ferrariisin
1540 2373 1541 2404 ι

377 2462 460 2548 Pery
481 2461 521 2525 de
544 2469 731 2526 tenemento
751 2460 889 2547 predicti
907 2460 1068 2527 Johannis
1087 2460 1122 2525 in
1142 2461 1233 2548 Pery,
1248 2482 1310 2526 nec
1327 2482 1474 2548 nmquam
1540 2483 1541 2516 ι

376 2565 480 2632 secuti
495 2573 572 2630 sunt
587 2565 628 2628 ad
643 2565 750 2629 uisum
767 2565 867 2629 franci
881 2564 982 2652 plegii
996 2565 1029 2629 in
1045 2564 1191 2650 predicta
1205 2565 1296 2633 curia
1309 2573 1473 2651 postquam

376 2668 541 2754 predictus
556 2667 739 2732 Willelms
754 2668 892 2732 feofatns
908 2668 971 2732 fuit
986 2667 1026 2732 de
1041 2676 1129 2732 terra
1147 2667 1189 2732 de
1209 2667 1302 2753 Pery.
1346 2667 1390 2731 Et
1408 2666 1474 2732 ideo

377 2772 614 2838 consideratum
644 2781 694 2836 est
723 2771 809 2856 quod
838 2771 1002 2857 predictus
1024 2770 1191 2835 «lohannes
1214 2779 1250 2836 et
1275 2770 1408 2836 heredes
1427 2769 1474 2834 sui

378 2875 482 2962 quieti
496 2875 562 2942 sint
577 2874 617 2938 de
632 2875 777 2960 predicta
791 2882 879 2939 secta
893 2882 928 2940 et
942 2874 1126 2940 Willelmus
1141 2874 1176 2938 in
1191 2874 1413 2941 misericordia

246 2983 338 3046 1215.
444 2978 528 3044 Cum
564 2977 731 3042 contencio
768 2985 853 3042 esset
888 2977 976 3042 inter
1004 2977 1159 3063 quosdam
1188 2987 1358 3064 magnates
1384 2999 1474 3063 super

258 3082 322 3122 Μ
277 3082 539 3188 mquoddam
568 3082 667 3147 breue
697 3081 784 3167 quod
813 3090 949 3146 uocetur
983 3081 1125 3166 Precipe,
1155 3090 1191 3146 et
1225 3082 1314 3147 unde
1350 3082 1472 3169 quidam

217 3148 357 3250 rebeum
358 3186 530 3250 -dicebant
552 3185 638 3271 quod
660 3187 723 3250 fuit
737 3185 917 3251 manifeste
939 3194 1052 3250 contre
1072 3193 1195 3250 cartam
1217 3185 1312 3251 Dom.
1327 3185 1472 3274 Regisde

215 3257 359 3399 doninimculwil·
380 3289 585 3358 libertatibus
600 3290 756 3355 concessis
771 3290 945 3355 baronibus
960 3289 1081 3376 Anglie
1101 3290 1152 3354 et'
1166 3290 1301 3355 tandem
1319 3292 1362 3356 ab
1379 3289 1473 3356 omni·

215 3351 365 3446 ⁶⁰¹3in
379 3392 441 3457 bus
457 3392 519 3456 luit
534 3392 749 3477 approbatum
764 3401 799 3456 et
812 3415 998 3458 concessum
1017 3403 1068 3457 est
1087 3393 1130 3458 ab
1144 3391 1296 3458 omnibus
1310 3393 1395 3479 quod
1412 3392 1471 3457 tale

380 3495 479 3562 breue
509 3495 606 3560 robur
634 3496 820 3581 optineat'
810 3519 846 3561 m
878 3496 1033 3582 gradibus
1062 3505 1097 3562 et
1125 3497 1270 3583 personis
1298 3499 1357 3566 ubi
1382 3519 1473 3565 amsa

379 3599 492 3665 mortis
507 3599 716 3665 antecessoris
731 3607 834 3664 certas
850 3621 1001 3684 personas
1015 3622 1079 3665 non
1095 3600 1340 3686 transgreditur.

444 3702 591 3787 ”Precipe
621 3702 680 3768 tali
705 3703 791 3789 qnod
816 3703 902 3769 inste
931 3713 966 3768 et
995 3704 1065 3769 sine
1094 3704 1252 3770 dilacione
1281 3706 1394 3771 reddet
1419 3701 1472 3767 nli

379 3815 505 3872 tantam
528 3815 647 3871 terram
670 3827 743 3870 cnm
765 3814 845 3892 pert.
867 3807 902 3872 in
924 3807 967 3871 N.
982 3806 1069 3872 unde
1092 3808 1168 3874 talis
1188 3817 1370 3874 antecessor
1388 3806 1471 3873 cuius

379 3909 472 3976 heres
486 3909 555 3994 ipse
576 3917 626 3974 est
646 3909 709 3974 fuit
724 3910 854 3975 seisitus
873 3910 908 3974 in
928 3910 1090 3978 dominico
1111 3935 1170 3977 suo
1191 3921 1231 3978 ut
1252 3913 1294 3979 de
1317 3912 1403 3978 feodo
1422 3909 1469 3974 die

379 4037 443 4100 quo
472 4013 560 4079 obiit.
618 4014 661 4077 Et
687 4014 845 4078 terminus
874 4014 990 4080 scisine
1020 4017 1229 4082 antecessoris
1258 4040 1324 4083 non
1348 4012 1470 4081 excedat

379 4117 554 4184 terminum
569 4118 667 4184 assise
687 4117 800 4184 mortis
819 4119 1036 4198 antecessoris,
1051 4113 1111 4187 nec
1130 4121 1226 4187 tollat
1244 4122 1343 4188 alicui
1359 4119 1468 4186 cunam

412 4314 636 4380 ιΒγίΙιιιοοιιγὶιι
637 4318 656 4376 t
670 4313 907 4368 bntthrsremark
988 4317 1085 4368 ’Hera
1105 4317 1274 4370 lollowsthe
1294 4319 1359 4370 form
1380 4317 1408 4368 of
1430 4312 1470 4364 the

379 4380 463 4498 apag
461 4379 564 4496 1¹postte
575 4395 609 4430 on
621 4381 665 4430 the
676 4381 734 4430 roll.
957 4382 1022 4436 vrit„
