3167 5075
361 365 424 429 610
540 387 543 399 ·
597 377 758 426 nonrorr
782 376 882 439 nrnn,
904 377 970 426 sn.
994 362 1088 438 1222,
1110 363 1225 426 ant

197 567 334 656 §stiffi
359 527 515 620 comitatu
539 571 597 639 per
619 552 719 618 breue
742 551 783 618 de
805 559 902 629 recto,
924 551 973 617 ita
993 551 1081 638 quod
1101 547 1360 616 attachinmenta
1380 549 1459 616 facta

195 627 326 750 ffiffl
359 657 491 724 fuerunt
527 655 562 721 in
599 655 758 721 comitatu
795 663 830 720 et
866 654 995 741 loquela
1030 654 1088 719 illa
1122 654 1231 741 posita
1267 653 1332 719 fnit
1360 676 1459 719 eornm

195 756 335 852 fflffl
358 760 543 827 iusticiariis
564 759 599 824 in
621 759 726 845 primo
747 760 894 825 aduentu
917 767 977 826 etc.
1000 781 1058 846 per
1078 759 1168 824 Pone
1189 768 1224 823 et
1243 759 1318 824 ideo
1336 758 1459 822 nolnnt¹

195 850 339 944 ''rie'd‘ii'id‘
357 864 548 952 respondere
570 863 634 929 nisi
656 863 746 930 curia
767 863 1026 930 considerauerit.
1071 863 1118 929 Et
1146 862 1287 950 predicti
1309 862 1461 948 Sammon

195 943 332 1040 iiiiiiiion
356 977 392 1038 et
418 969 554 1037 Matillis
576 969 660 1034 bene
682 969 865 1035 concedunt
891 970 978 1056 quod
1000 968 1291 1055 implacitanernnt
1313 989 1388 1032 enm
1408 989 1461 1054 per

194 1037 322 1132 11ιῖ111ῗεῖῗᾶ
357 1073 456 1140 breue
470 1073 511 1141 de
527 1081 622 1150 recto,
643 1079 693 1140 set
713 1073 805 1140 nulla
823 1074 968 1139 narraoio
990 1075 1076 1139 facta
1095 1074 1159 1138 fuit
1179 1073 1215 1138 in
1238 1073 1397 1138 comitatu
1415 1080 1460 1137 set

194 1131 327 1265 „nffiiiffi
357 1177 485 1263 roquos
512 1177 641 1264 integra
670 1177 742 1245 suo.
786 1179 865 1243 Post
893 1179 987 1244 neno
1016 1179 1180 1244 noberta
1205 1186 1240 1244 es
1269 1178 1353 1243 oar
1381 1177 1459 1264 quos

193 1270 282 1320 '‘pm''
355 1281 521 1368 predictus
536 1279 696 1367 Sampson
710 1302 745 1345 se
760 1280 838 1346 fecit
859 1281 1013 1347 essoniari
1029 1281 1072 1348 ad
1094 1305 1198 1347 unum
1217 1282 1411 1346 comitatum
1428 1291 1460 1347 et

355 1385 513 1454 adolium
529 1384 721 1451 comitatum
736 1384 919 1470 comparuit
933 1392 968 1451 et
983 1385 1031 1450 ibi
1044 1385 1132 1452 diem
1153 1385 1242 1470 cepit
1261 1407 1340 1450 cnm
1354 1385 1459 1450 eodem

354 1490 498 1555 Roberto
512 1489 553 1554 sd
569 1488 769 1554 concordiam
784 1488 940 1554 intereos
954 1489 1142 1555 faciendam
1180 1489 1225 1554 Et
1236 1489 1317 1575 quia
1329 1489 1459 1576 predicti

212 1677 215 1682 ,
356 1593 513 1681 Sampson
537 1600 571 1659 et
591 1593 729 1658 Matillis
750 1601 949 1680 cognoscunt
969 1593 1058 1680 quod
1079 1615 1155 1658 eum
1176 1593 1458 1680 implacitsuemnt

355 1699 391 1764 in
412 1698 579 1776 comitatu,
599 1705 634 1763 et
653 1698 732 1784 quia
751 1698 956 1784 recognitum
977 1705 1027 1764 est
1048 1698 1137 1784 quod
1158 1697 1310 1784 predicta
1331 1696 1459 1762 Matillis

356 1809 405 1868 est
420 1824 507 1866 soror
520 1799 622 1889 ipsius
637 1800 781 1880 Roberti,
797 1801 1036 1867 consideratum
1056 1809 1106 1867 est
1128 1801 1216 1887 qnod
1232 1801 1337 1867 amisa
1355 1799 1459 1866 mortis

354 1907 563 1974 antecessoris
591 1929 657 1972 non
686 1906 780 1984 iacet,
810 1913 845 1972 et
874 1907 948 1972 ideo
974 1906 1137 1974 Robertns
1157 1906 1236 1972 inde
1256 1907 1332 1972 sine
1353 1906 1406 1972 die
1427 1915 1457 1970 et

356 2011 514 2098 Sampson
529 2020 563 2077 et
579 2010 715 2078 Matillis
729 2009 921 2097 perquirant
935 2033 969 2076 se
984 2011 1013 2076 si
1026 2009 1193 2077 noluerint
1205 2019 1267 2075 etc

222 2128 314 2196 1790,
418 2115 546 2182 'Assisa
560 2115 760 2182 summonita
777 2114 841 2181 fuit
860 2124 973 2182 utrum
993 2124 1060 2182 tres
1081 2137 1154 2181 acre
1177 2122 1265 2180 terre
1289 2138 1367 2181 cum
1384 2125 1457 2202 pert

190 2237 312 2286 Not-ruod
352 2216 388 2285 in
417 2220 601 2307 Wengham
632 2219 690 2285 sit‘
719 2219 839 2286 laicum
869 2219 1001 2285 feodum
1030 2218 1169 2284 Walteri
1197 2217 1266 2284 Coc
1287 2219 1345 2284 nel
1366 2217 1458 2284 libera

190 2285 319 2326 mannans

190 2333 322 2427 mehgi
353 2324 527 2390 elemosina
540 2321 707 2409 pertinens
721 2321 763 2388 ad
779 2323 946 2388 ecclesiam
961 2321 1205 2409 deWengham
1243 2322 1292 2388 Et
1301 2323 1457 2388 walterus

190 2391 321 2513 ffiffi'?
352 2427 445 2492 uenit
461 2434 495 2491 et
509 2425 698 2513 recognouit
718 2425 806 2512 quod
825 2434 919 2512 pater
938 2425 1009 2491 eins
1031 2425 1095 2490 fnit
1116 2425 1248 2491 saisitus
1269 2427 1314 2492 de
1336 2427 1455 2493 redditu
1543 2470 1544 2517 p

190 2523 308 2653 ἓξὲξ
352 2530 440 2597 illius
454 2539 539 2598 terre
559 2553 658 2617 quam
679 2552 765 2597 nune
786 2529 873 2617 petit
894 2529 930 2595 in
951 2529 1113 2595 dominico
1132 2539 1167 2595 et
1186 2529 1277 2617 qnod
1296 2556 1454 2618 nunqnam
1542 2565 1543 2576 1

190 2616 341 2700 ΜΨ
351 2636 415 2702 fun
439 2636 568 2701 serenus
593 2636 635 2701 oe
660 2642 748 2701 tem
771 2634 836 2699 nn
882 2636 926 2699 ns
948 2634 1022 2700 neo
1043 2634 1284 2700 eunomium
1305 2636 1455 2723 estquod
1541 2661 1542 2664 κ

190 2708 290 2749 '’⁶⁴¹²'‘-
351 2740 451 2806 Μ
479 2762 544 2804 non
573 2737 659 2804 aas
689 2747 723 2806 et
745 2738 913 2825 perquirat
937 2760 972 2803 ω
997 2738 1027 2804 s
1051 2738 1201 2804 uolueris
1246 2738 1296 2805 ns
1316 2740 1368 2805 ia
1388 2760 1454 2805 oon·

351 2844 528 2911 sideratnm
544 2851 594 2911 est
609 2843 650 2909 de
663 2843 687 2909 J
688 2843 816 2910 ohanne
831 2844 896 2910 000
910 2842 969 2929 qui
982 2843 1062 2911 tulit
1076 2844 1183 2910 simile
1196 2844 1300 2910 breue
1315 2853 1376 2911 etc.

351 3130 544 3201 PLAOITA
598 3132 655 3197 ΕΤ
710 3132 866 3200 ASSISE
918 3133 1063 3201 omn
1113 3134 1168 3199 IN
1220 3134 1451 3202 comasio

437 3235 705 3303 NORFOLKIE
750 3237 910 3305 OORAM
946 3239 990 3304 H.
1027 3238 1089 3304 DE
1132 3239 1292 3306 BURGO
1337 3240 1452 3307 TUNC

436 3341 649 3409 CAPITALI
668 3341 970 3419 JUSTICIARIO,
985 3343 1029 3410 Μ.
1049 3344 1112 3409 DE
1131 3344 1451 3411 PAnTESHUnm

435 3444 492 3509 ΕΤ
543 3443 691 3511 SOOIIS
745 3444 850 3511 SUIS
900 3445 1034 3511 ANNO
1080 3445 1217 3512 REGIS
1263 3446 1451 3512 HENRICI

216 3721 309 3790 1791.
413 3724 524 3792 Assisa
552 3726 646 3791 uenit
674 3725 881 3813 recognitum
909 3725 938 3791 si
967 3726 1067 3815 Hugo
1103 3726 1240 3807 Oannrd,
1269 3726 1449 3815 Emulphns

233 3808 292 3849 ΝΜ·
348 3828 507 3909 Buchard‚
522 3829 667 3916 Rogerus
682 3838 717 3895 et
736 3828 844 3895 Adam
865 3830 907 3895 de
930 3831 1083 3919 Cantiley
1097 3831 1218 3898 iniuste
1240 3841 1303 3899 etc.
1318 3832 1447 3899 disseni-

347 3944 468 4001 uernnt
492 3935 663 4000 Mathenm
690 3934 904 4021 Capelianum
929 3934 971 4001 de
997 3934 1098 4001 libero
1123 3943 1315 4003 tenemento
1339 3961 1397 4003 suo
1418 3936 1447 4002 in

349 4038 462 4106 Castra
477 4052 537 4107 etc.
581 4039 626 4103 Et
640 4038 749 4105 nullus
764 4062 875 4106 eorum
897 4038 999 4118 uenit,
1014 4038 1087 4105 ideo
1108 4039 1258 4127 capiatur
1278 4042 1380 4107 assisa
1398 4062 1448 4127 per

348 4143 512 4209 defaltam.
534 4140 540 4231 Ι

380 4278 459 4339 ¹Sio,
472 4280 505 4340 A;
523 4282 725 4333 corrawanult.
959 4280 1128 4341 ‘conciat
1139 4280 1170 4331 Δ.

379 4344 390 4445 ἰ
406 4344 529 4462 ἓᾚωῖιὲ
539 4346 564 4463 ἑ
573 4347 630 4405 271,
641 4346 705 4397 citas
715 4344 848 4398 thisaasa
958 4347 970 4379 ⁸
987 4347 1119 4399 sesses
1134 4346 1218 4397 28111).
