3167 5075
479 427 620 489 merua,
642 428 706 477 11).
732 412 825 489 1225,
847 428 909 477 aa
933 416 962 477 9.
1233 415 1274 477 99

167 600 269 667 libero
291 589 481 665 tenemento
502 622 561 664 suo
583 600 669 687 quod
692 600 755 666 suit
777 600 916 687 predicti
931 602 1021 667 Petri
1035 602 1094 667 filii
1110 603 1275 669 Godelridi

165 705 269 791 patris
291 705 466 771 eorundem
489 705 602 771 Briani
623 714 658 770 et
680 706 831 792 Hugonis
853 706 945 771 cuius
967 707 1101 773 heredes
1121 707 1183 793 ipsi
1198 716 1275 773 sunt

166 818 227 875 ete

162 954 166 962 ·
232 915 402 999 Reynerus
423 914 512 978 filius
533 913 623 979 Petri
645 914 758 978 eodem
781 913 876 979 modo
899 923 933 979 et
954 937 1013 1002 per
1034 916 1148 981 eadem
1174 917 1276 983 uerba

165 1019 253 1104 petit
278 1040 392 1083 uersus
418 1018 559 1084 eundem
584 1018 760 1105 Hugonem
787 1019 921 1110 terciam
951 1027 1078 1105 partem
1107 1021 1186 1108 xliij.
1213 1044 1274 1087 aer.

165 1131 252 1187 terre
275 1145 350 1187 cum
373 1130 454 1208 pert
479 1122 515 1187 in
538 1121 652 1187 eadem
675 1122 757 1187 uilla
779 1130 818 1187 ut
844 1123 1071 1190 racionabilem
1091 1126 1274 1211 porcionem

165 1248 259 1291 suam
283 1226 368 1291 sicut
390 1226 481 1313 prius
504 1234 543 1291 ut
563 1224 604 1290 de
624 1233 711 1291 terra
729 1226 787 1291 illa
807 1248 870 1313 que
889 1227 1052 1312 partibilis
1072 1236 1122 1294 est
1141 1238 1175 1295 et
1189 1230 1277 1293 inter

165 1330 282 1395 fratres
303 1330 402 1395 debet
423 1330 545 1415 partiri
591 1331 709 1395 Postea
730 1330 920 1416 dicitquod
942 1354 1007 1396 non
1027 1332 1114 1419 petit
1136 1356 1207 1397 eam
1236 1341 1277 1397 ut

164 1444 288 1499 terram
313 1434 500 1521 partibilem
525 1434 589 1499 nisi
614 1458 673 1521 per
697 1434 859 1521 quoddam
885 1434 1007 1500 donum
1034 1436 1275 1523 quodquidam

164 1540 260 1605 Prior
280 1539 321 1604 de
344 1539 455 1604 Lewes
477 1539 555 1604 fecit
577 1539 674 1604 Petro
696 1539 784 1626 petri
798 1562 856 1604 suo
871 1546 906 1604 et
919 1540 1069 1626 Reynero
1084 1540 1177 1606 fratri
1192 1542 1275 1606 eins*

164 1641 243 1707 dem
258 1641 348 1707 Petri
363 1650 397 1708 et
412 1641 488 1707 inde
509 1643 631 1728 profert
651 1650 774 1708 cartam
794 1631 953 1708 Willelmi
972 1644 1135 1728 quondam
1158 1645 1276 1709 Prioris

166 1768 233 1832 que
247 1753 391 1811 testatur
403 1745 492 1831 quod
505 1746 575 1831 ipse
590 1746 682 1811 dedit
697 1756 757 1812 etc.
773 1747 929 1831 Magistro
951 1748 1100 1833 Reynero
1122 1756 1156 1812 et
1179 1748 1276 1813 Petro

166 1850 262 1915 fratri
276 1872 334 1915 auo
348 1858 383 1915 et
397 1850 474 1914 filiis
489 1850 579 1915 Petri
593 1850 622 1914 si
636 1849 677 1915 de
692 1872 809 1937 sponse
823 1850 894 1915 nati
909 1850 1031 1915 suerint
1045 1851 1081 1914 in
1095 1850 1227 1916 feodum
1242 1859 1277 1917 et

166 1954 385 2019 hereditatem
399 1976 511 2019 omnes
525 1962 658 2019 tenuras
673 1976 753 2040 quas
768 1954 877 2020 tenuit
892 1963 987 2041 pater
1001 1977 1111 2019 eorum
1128 1952 1199 2021 ete¹

235 2059 280 2123 Et
299 2058 398 2145 Hugo
418 2058 511 2123 uenit
532 2066 567 2123 et
588 2058 734 2124 defendit
751 2060 804 2124 ius
825 2081 935 2124 eorum
956 2067 991 2123 et
1011 2058 1097 2145 qnod
1111 2067 1198 2124 terra
1212 2082 1277 2124 non

166 2170 221 2229 est
246 2163 416 2249 partibilis,
439 2185 499 2227 nec
523 2185 680 2249 umquam
702 2163 826 2248 partita
849 2162 920 2227 fuit
965 2161 1016 2227 De
1040 2170 1130 2228 carta
1159 2162 1277 2228 Prioris

165 2266 251 2332 dicit
269 2265 275 2353 Ι
294 2265 380 2352 quod
400 2288 467 2331 non
486 2264 585 2331 debet
606 2266 637 2331 ei
658 2288 773 2331 nocere
793 2266 871 2353 quia
890 2265 1028 2353 predicti
1048 2266 1216 2353 Reynerus
1242 2274 1277 2332 et

166 2372 287 2436 Petrus
306 2394 473 2458 nunquam
495 2393 554 2457 per
567 2378 690 2435 certam
705 2370 796 2435 illam
811 2371 962 2435 seisinam
977 2371 1163 2436 habuerunt
1176 2372 1277 2437 immo

166 2474 364 2542 Godefridus
377 2482 472 2561 peter
493 2472 669 2540 eorundem
689 2473 831 2561 Reyneri
852 2481 886 2540 et
907 2472 996 2539 Petri
1015 2474 1119 2560 primo
1139 2474 1277 2541 feofatus

164 2579 233 2645 fnit
253 2586 288 2643 et
308 2579 389 2643 obiit
408 2577 485 2643 inde
505 2577 636 2642 seisitus
655 2585 689 2643 et
709 2585 783 2663 post
805 2600 881 2642 eum
901 2577 1070 2664 Reynerus
1090 2578 1178 2645 filius
1197 2601 1277 2644 suus

165 2683 406 2770 primogenitus
425 2680 533 2745 tenuit
553 2688 626 2746 tota
649 2680 722 2746 uita
745 2703 805 2745 sua
828 2680 898 2745 sine
921 2688 1015 2766 parte
1039 2704 1137 2769 quam
1161 2682 1279 2748 Petrus

166 2794 265 2873 pater
279 2807 389 2850 eorum
403 2785 547 2863 haberet,
563 2790 598 2850 et
620 2785 697 2870 quia
716 2785 886 2871 Reynerus
908 2785 990 2850 obiit
1010 2785 1079 2851 sine
1099 2786 1218 2851 herede
1237 2786 1278 2852 de

165 2913 203 2956 se
228 2889 384 2954 remansit
409 2888 522 2954 eadem
546 2896 634 2954 terra
656 2888 763 2954 eidem
789 2889 887 2954 Petro
917 2889 1010 2954 fratri
1040 2912 1099 2955 suo
1128 2899 1163 2955 et
1192 2892 1279 2976 patri

165 3017 282 3060 eorum
297 2994 354 3080 qui
368 2994 477 3059 tenuit
491 2999 563 3059 tota
577 2993 650 3058 uita
663 3016 723 3058 sua
737 3001 772 3059 et
786 2993 869 3058 obiit
884 2993 1015 3059 seisitus
1034 2994 1104 3059 sine
1125 3003 1227 3080 parte,
1243 3003 1278 3058 et

164 3097 246 3163 inde
275 3097 369 3184 ponit
397 3120 431 3162 ae
460 3119 558 3184 super
585 3097 734 3185 patriam.
780 3098 825 3162 Et
862 3098 1002 3163 Brianus
1038 3107 1073 3164 et
1110 3099 1278 3186 Reynerus

166 3201 292 3288 quesiti
314 3201 342 3266 si
365 3201 483 3266 Petrus
505 3209 600 3286 pater
623 3223 734 3267 eorum
757 3209 905 3288 tempore
928 3201 1071 3289 Reyneri
1095 3203 1203 3268 hatris
1226 3203 1278 3267 sui

165 3305 314 3391 aliquem
325 3303 477 3369 seisinam
488 3304 624 3369 haberet
635 3303 675 3369 de
685 3303 796 3390 aliqua
805 3313 899 3391 parte
911 3304 1057 3371 eiusdem
1068 3313 1154 3371 terre
1166 3306 1279 3371 dicunt

165 3408 257 3498 quod
277 3431 349 3474 non.
393 3408 438 3472 Et
457 3407 572 3474 dicunt
592 3407 678 3495 quod
699 3407 893 3473 Godefridus
912 3431 978 3474 non
998 3408 1080 3474 obiit
1095 3409 1225 3475 seisitus
1240 3416 1279 3474 ut

164 3514 210 3580 de
230 3511 324 3578 feodo
343 3511 443 3576 immo
462 3512 562 3578 bellis
581 3512 660 3599 quis
678 3511 770 3576 Prior
788 3511 830 3578 de
854 3513 966 3578 Lewee
989 3521 1109 3578 terram
1132 3512 1224 3577 illam
1247 3513 1279 3578 ei

163 3618 375 3686 commiserat
388 3616 563 3681 tenendam
578 3617 619 3682 ed
634 3617 841 3682 uoluntatem
856 3616 1003 3682 eiusdem
1018 3616 1145 3681 Prioriu

235 3719 431 3786 concordati
451 3727 529 3786 sunt
551 3727 586 3785 et
606 3719 706 3808 Hugo
726 3719 784 3785 dat
804 3721 881 3787 dim.
901 3743 1043 3786 marcam
1064 3742 1122 3807 pro
1145 3719 1280 3785 licencia

166 3822 384 3890 concordandi
403 3831 438 3888 et
458 3831 509 3889 est
528 3822 697 3888 concordia
716 3822 792 3888 talis
808 3821 894 3910 quod
909 3822 1048 3887 Brianus
1063 3829 1097 3887 et
1111 3822 1280 3910 Reynerus

166 3926 367 3993 remiserunt
387 3924 492 3991 eidem
508 3925 644 4013 Hugoni
659 3933 694 3990 et
709 3924 883 3990 heredibus
898 3925 966 3989 suis
980 3932 1088 3989 totum
1102 3924 1155 3990 ius
1168 3933 1229 3991 etc.
1244 3926 1279 3990 in

167 4039 242 4097 tota
256 4029 404 4117 predicta
418 4038 505 4096 terra
520 4038 579 4096 etc.
596 4039 631 4096 et
645 4053 703 4116 pro
718 4030 779 4095 hac
793 4029 981 4095 remissione
996 4037 1055 4095 etc.
1072 4029 1160 4095 idem
1180 4030 1280 4118 Hugo

167 4135 330 4201 concessit
349 4134 456 4200 eidem
476 4135 595 4200 Briano
617 4134 680 4220 κη’.
703 4157 763 4200 aer.
786 4142 872 4199 terre
892 4133 932 4199 de
948 4141 1036 4199 terra
1050 4156 1149 4220 quam
1164 4134 1281 4199 Juetta

168 4247 279 4305 mater
298 4261 411 4304 eorum
433 4246 526 4304 tenet
548 4239 583 4303 in
602 4239 713 4304 dotem
728 4245 802 4324 post
816 4237 983 4303 decessum
997 4238 1100 4325 ipsius
1113 4239 1138 4304 J
1138 4244 1230 4302 uette
1245 4245 1281 4301 et

169 4345 286 4408 eodem
300 4342 397 4409 modo
411 4342 518 4409 eidem
533 4343 682 4430 Reynero
696 4341 753 4429 iiij.
769 4365 831 4407 acr.
847 4349 881 4407 et
896 4341 972 4408 dim.
984 4342 1025 4407 de
1037 4350 1124 4407 terra
1134 4341 1279 4408 eiusdem

203 4471 214 4504 ¹
231 4471 287 4524 'l'he
297 4469 469 4524 demandante
480 4471 621 4536 seemingly
632 4467 718 4531 claim,
729 4473 776 4522 not
786 4471 821 4534 by
831 4469 1001 4535 inheritance,
1014 4470 1062 4522 bnt
1073 4484 1102 4521 oa
1112 4470 1273 4533 pnrehaaers.

1077 4622 1080 4628 -
1108 4571 1193 4640 7-2
