3167 5075
353 390 416 451 208
570 401 687 451 conati
710 402 808 464 aron,
830 403 895 453 no.
920 386 1078 466 mae-t,
1100 406 1163 455 aa
1187 394 1236 457 21.

350 574 439 639 iilam
454 572 599 659 predicto
612 573 758 639 Waltero
773 581 808 639 et
822 574 909 639 idem
925 573 1089 641 Walterus
1103 576 1167 642 fuit
1187 576 1263 641 inde
1282 576 1317 642 in
1336 577 1452 643 seisina

350 685 385 743 et
404 676 569 764 predictus
590 677 742 743 Oliuerns
760 678 869 763 ipsum
888 677 964 743 inde
984 678 1161 744 dissaisiuit
1179 689 1215 745 et
1233 679 1324 745 illam
1345 682 1450 746 tenuit

350 789 469 846 terram
489 782 524 846 in
543 803 676 845 manum
697 804 790 846 suam
811 804 869 868 per
888 791 1027 867 quatuor
1047 806 1157 861 annos,
1172 792 1207 848 et
1227 793 1342 871 postea
1362 784 1451 851 dedit

350 884 425 950 inde
451 907 551 950 unam
577 892 758 950 carucatam
783 893 868 950 terre
894 885 1039 971 predicto
1060 886 1206 951 Waltero
1232 883 1366 954 Glerieo.
1388 889 1450 953 'Et

349 987 422 1053 ideo
450 989 687 1054 consideratum
718 996 767 1053 est
797 988 884 1073 quod
912 988 1077 1053 Walterus
1105 997 1273 1075 recuperet
1302 990 1450 1055 saisinam

349 1116 442 1159 suam
464 1102 498 1160 et
521 1094 674 1160 Oliuerus
695 1094 731 1157 in
755 1092 981 1158 misericordia
1026 1094 1071 1157 Et
1092 1094 1170 1179 quia
1190 1093 1276 1159 idem
1300 1095 1451 1160 Oliuerue

349 1197 458 1263 tenuit
487 1204 698 1283 portantum
724 1203 856 1282 tempus
878 1204 998 1261 terram
1022 1196 1113 1262 illam
1137 1197 1173 1261 in
1198 1220 1333 1263 manum
1363 1221 1451 1263 suam

349 1308 524 1387 antequam
548 1298 641 1364 daret
665 1298 755 1364 illam
778 1307 961 1363 carucatam
984 1299 1129 1385 predicto
1151 1300 1296 1365 Waltero
1318 1301 1451 1377 Clerico,

349 1403 586 1468 consideratum
612 1410 662 1467 est
688 1402 774 1487 quod
796 1401 976 1466 Walterus¹
1002 1424 1068 1466 non
1090 1401 1268 1467 dissaisiuit
1292 1403 1397 1479 eum',
1418 1412 1450 1467 et

349 1506 422 1572 ideo
451 1506 631 1573 Waltenrs¹
658 1506 694 1571 in
723 1506 941 1571 misericordia
968 1529 1026 1593 pro
1054 1507 1136 1572 falso
1164 1508 1303 1572 clamore
1341 1530 1451 1573 ueram

350 1611 488 1677 eundem
511 1611 694 1677 Walterum
717 1610 879 1675 Olericum
901 1620 961 1677 etc.

414 1715 524 1780 Assisa
545 1715 637 1780 uenit
658 1714 864 1801 recognitum
884 1714 912 1779 si
934 1714 1118 1779 Willelmus
1139 1716 1227 1781 filius
1248 1715 1401 1781 Godrnan
1420 1725 1453 1780 et

348 1818 457 1904 plures
470 1817 527 1883 alii
542 1824 602 1882 etc.
617 1824 652 1881 et
666 1817 765 1882 infra⁴
778 1818 900 1883 iniuste
915 1825 975 1883 etc.
990 1817 1236 1883 disseminarunt
1250 1819 1451 1884 Willelmum

349 1922 389 1987 de
412 1921 554 1986 Hindele
576 1929 611 1985 et
630 1921 805 1986 Isobellam
825 1940 958 1987 uxorem
978 1922 1049 1986 eius
1068 1922 1110 1987 do
1129 1944 1303 1987 communa
1319 1932 1453 2010 pastura

348 2048 406 2091 sue
436 2026 470 2090 in
501 2024 698 2091 Shukedena
726 2048 789 2111 que
821 2026 964 2111 pertinet
993 2024 1035 2091 ad
1063 2025 1202 2091 liberum
1228 2034 1453 2093 tenementum

349 2151 445 2195 suum
466 2130 501 2194 in
524 2129 691 2193 Ellintona
711 2136 785 2215 post
807 2129 946 2215 primam
967 2136 1028 2194 etc.
1050 2136 1086 2193 et
1111 2130 1198 2194 unde
1223 2130 1342 2196 dicunt
1372 2132 1453 2218 quod

350 2232 600 2299 frussiauerunt³
614 2232 742 2297 circiter
760 2255 788 2300 v.
804 2255 894 2297 acras
915 2232 956 2298 de
978 2241 1112 2319 pastura
1131 2233 1190 2298 illa
1210 2233 1260 2298 ita
1280 2234 1372 2321 quod
1394 2258 1453 2301 non

349 2344 485 2424 possunt
499 2334 617 2401 habere
632 2334 813 2422 ingressum
828 2341 863 2400 et
877 2357 1042 2421 egressum
1057 2335 1099 2399 ad
1113 2342 1281 2421 pasturam
1296 2337 1400 2403 iilam.

415 2440 459 2505 Et
479 2437 661 2504 Willelmus
681 2437 722 2502 de
742 2438 886 2503 Hindele
906 2444 941 2502 et
960 2437 1102 2502 Isobella
1119 2438 1268 2515 ueniunt,
1288 2446 1325 2503 et
1346 2441 1454 2505 nullus

349 2545 486 2610 aliorum
508 2542 601 2608 uenit
622 2542 686 2607 nisi
707 2550 838 2607 tantum
854 2542 1016 2608 Robertus
1038 2543 1079 2607 de
1095 2542 1292 2609 Kersewells
1312 2545 1456 2612 balliuus

350 2650 422 2715 Ade
442 2649 483 2713 de
500 2648 618 2712 Pitona
631 2646 689 2733 qui
702 2668 787 2711 unus
803 2655 853 2711 est
868 2669 979 2711 eorum
993 2654 1028 2711 et
1042 2645 1141 2710 infra‘
1155 2655 1190 2711 et
1204 2648 1385 2733 respondet
1399 2673 1454 2736 pro
1547 2670 1549 2739 ξ

350 2776 384 2819 se
405 2761 440 2819 et
455 2751 586 2818 domino
601 2774 658 2816 suo
673 2759 708 2816 et
722 2750 795 2815 aliis
809 2750 994 2816 hominibus
1009 2751 1112 2837 ipsius
1126 2750 1209 2828 Ade,
1223 2761 1258 2816 et
1272 2751 1456 2841 dicitquod
1547 2746 1548 2823 i

350 2858 450 2922 assisa
464 2879 528 2921 non
542 2855 641 2922 debet
656 2855 743 2920 unde
757 2855 829 2920 fieri
843 2855 921 2942 quia
933 2855 1004 2940 ipse
1018 2855 1122 2920 estin
1141 2855 1261 2920 saisina
1279 2855 1321 2922 de
1343 2858 1457 2924 eadem

350 2967 484 3046 pastura
504 2957 547 3023 ad
568 2964 619 3022 tot
640 2956 794 3021 animalia
815 2967 896 3042 quot
917 2956 1037 3022 habere
1057 2955 1158 3021 debet
1176 2979 1236 3043 per
1253 2967 1382 3025 cartam
1401 2983 1458 3048 per

350 3084 448 3149 quam
463 3061 575 3125 feofati
589 3067 675 3135 sunt,
691 3067 726 3123 et
740 3068 902 3145 quatenus
915 3059 1037 3124 sufficit
1050 3060 1092 3124 ad
1111 3067 1342 3127 tenementum
1362 3085 1457 3128 suum
1547 3084 1548 3149 ξ

350 3187 424 3230 cum
436 3164 536 3230 libero
546 3163 692 3251 ingressu
705 3172 739 3228 et
754 3184 884 3250 egressu
900 3171 934 3228 et
948 3162 1025 3228 inde
1040 3162 1133 3248 ponit
1147 3185 1182 3228 se
1197 3185 1296 3249 super
1304 3165 1457 3232 iuratam.
1547 3170 1548 3231 ἴ

351 3269 394 3333 Et
416 3267 600 3334 Willelmus
621 3275 656 3331 et
678 3266 819 3332 Isabella
839 3265 996 3332 similiter.
1043 3267 1088 3331 Et
1109 3266 1187 3353 quia
1215 3275 1381 3335 testatum
1410 3281 1459 3336 aet
1547 3278 1548 3285 ’

351 3373 438 3460 quod
457 3373 556 3438 breue
576 3371 678 3454 tarde,
687 3371 781 3437 uenit
801 3379 836 3435 et
856 3370 943 3458 quod
959 3372 1051 3436 nulla
1064 3371 1151 3437 facta
1165 3370 1229 3436 fuit
1242 3374 1459 3441 summonicio
1547 3402 1548 3407 ¹

352 3487 386 3543 et
422 3477 579 3542 iuratores
615 3474 728 3541 dicunt
761 3474 848 3560 quod
877 3475 1005 3539 nullum
1034 3475 1181 3540 fecerunt
1209 3475 1329 3554 uisum,
1360 3479 1460 3545 asnaa
1547 3544 1548 3547 ,

351 3581 485 3668 ponit-ur
512 3581 547 3646 in
576 3587 759 3666 respectum
789 3601 892 3664 usque
921 3580 1102 3645 aduentum
1123 3581 1260 3646 aliorum
1282 3582 1460 3652 iusticiari·
1547 3576 1548 3645 ζ

352 3683 476 3772 orum}

227 3797 304 3848 [ma]
417 3787 527 3853 Assisa
545 3785 638 3852 uenit
658 3785 864 3873 recognitum
882 3785 910 3851 si
924 3785 1031 3851 Adam
1046 3786 1087 3852 de
1103 3787 1287 3866 Keneuilla
1303 3789 1406 3876 Elyas
1420 3790 1460 3856 de

191 3867 328 4013 Agge
353 3890 585 3969 Bladeworthe,
602 3889 760 3955 Ricardus
779 3889 867 3955 filius
887 3890 968 3977 Elye
987 3890 1108 3956 iniuste
1129 3901 1189 3956 etc.
1209 3891 1461 3960 disseisiuernnt

189 4013 329 4098 :iiiiii-‘ir
385 4047 509 4098 ¹Waiter
520 4047 604 4098 Glerk.
961 4048 1028 4098 ⁶An
1039 4049 1174 4101 omission.

189 4105 296 4192 ww
385 4113 456 4162 ¹sr.
469 4113 487 4162 r.
500 4114 555 4164 rra.
960 4114 1052 4163 'rhu
1068 4115 1127 4165 uuo
1142 4116 1171 4165 in
1190 4114 1235 4165 the
1253 4117 1359 4180 mm
1379 4133 1462 4169 mm
1547 4108 1548 4111 ’

233 4163 257 4201 ‘⁸
298 4179 304 4192 ·
384 4176 671 4228 ⁸Walte10heve1'till.
929 4179 1213 4241 scarensem
1248 4181 1304 4230 rae
1319 4181 1463 4246 unguor
1547 4222 1548 4225 η

384 4244 507 4293 ⁴Names
517 4243 546 4293 oi
554 4243 629 4292 other
639 4241 795 4293 deiomiants
803 4242 878 4294 omit·
929 4259 946 4294 a
967 4249 1039 4306 great
1060 4245 1163 4295 oouncil
1183 4250 1213 4295 at
1233 4245 1312 4306 York,
1335 4249 1369 4297 14
1391 4249 1462 4312 Sept.

353 4309 405 4359 ted.
931 4310 1003 4361 1237.
1037 4310 1111 4375 (Mat
1136 4311 1195 4360 Par.
1217 4311 1268 4361 vol.
1291 4313 1315 4372 3,
1340 4327 1370 4376 p.
1393 4314 1462 4377 413.)
1547 4322 1548 4331 ¹

384 4375 395 4406 ⁵
406 4375 540 4438 smasiare,
552 4376 579 4424 to
592 4372 671 4423 break
682 4387 732 4436 up;
749 4373 790 4425 Fr.
800 4375 878 4437 sroir-
930 4373 1057 4438 Probably
1067 4375 1176 4438 Raleigh
1187 4390 1239 4425 was
1249 4375 1313 4426 with
1325 4376 1394 4428 him.

351 4455 398 4489 Uer.
