3167 5075
276 400 321 469 7⁸
589 412 730 475 murm,
752 411 817 461 unz
843 399 936 475 1225,
958 413 1020 463 uu
1045 400 1072 463 9.

276 591 413 671 illorum,
437 599 471 657 et
492 590 579 677 quod
601 612 769 677 nunquam
791 590 833 656 de
856 612 896 657 eo
917 591 1027 657 tenuit
1047 614 1107 657 neo
1126 592 1168 658 de
1182 593 1308 679 Rogero
1322 614 1383 657 neo

276 694 451 760 seruieium
466 694 513 759 eis
526 693 604 759 fecit
619 694 713 758 offert
728 692 900 759 defendere
914 693 1000 759 siout
1014 694 1104 759 ouria
1122 694 1381 761 considerauerit

343 798 388 862 Et
417 798 563 884 Rogeme
594 795 744 882 producit
780 804 903 861 sectam
938 797 1153 863 sufficientem
1190 797 1277 883 quod
1312 798 1384 884 ipse

276 898 471 965 fidelitatem
494 898 572 965 feeit
594 898 746 965 Asceline
769 898 869 965 matri
890 922 949 965 oue
973 908 1008 965 et
1028 900 1115 987 quod
1129 900 1160 965 ei
1174 900 1311 966 seruicia
1324 922 1385 966 suo

277 1003 362 1069 fecit

342 1106 386 1171 Et
401 1105 537 1171 Motillio
551 1127 610 1192 per
623 1112 826 1171 attornotum
841 1128 937 1171 ouum
953 1107 1101 1172 defendit
1120 1114 1233 1173 eontra
1251 1129 1327 1172 eum
1348 1116 1384 1173 et

278 1220 389 1277 contro
405 1220 526 1277 sectam
541 1233 643 1289 suem,
658 1218 692 1275 et
706 1210 786 1275 dicit
799 1210 884 1298 quod
895 1219 1016 1277 tenum
1028 1219 1120 1277 tenet
1131 1212 1172 1277 de
1184 1212 1385 1299 Ergingtona

278 1316 319 1383 de
335 1316 463 1383 comite
478 1314 688 1389 Glouceotrie,
704 1322 738 1379 et
752 1314 921 1399 Uptouam
937 1322 1030 1379 tenet
1049 1314 1091 1379 de
1110 1314 1229 1380 herede
1248 1314 1384 1379 Roberti

278 1418 319 1484 de
336 1419 489 1484 Neouilla
508 1426 543 1484 et
563 1425 683 1483 tenum
703 1417 744 1482 de
759 1417 903 1483 Brutone
917 1418 957 1483 de
974 1418 1107 1484 Oliuero
1121 1419 1162 1483 de
1177 1418 1336 1483 Aeineurt
1348 1426 1384 1483 et

278 1522 355 1589 inde
370 1531 465 1588 uoeot
479 1543 534 1587 eos
548 1521 590 1585 od
604 1526 790 1585 warantum.

344 1626 389 1690 Et
402 1625 476 1691 ideo
485 1646 595 1689 omnes
604 1623 653 1687 illi
661 1623 798 1687 werenti
808 1633 1077 1690 summoueantur
1086 1624 1172 1711 quod
1182 1624 1250 1690 sint
1260 1625 1320 1690 tuli
1330 1624 1384 1690 die

279 1735 338 1795 ete
354 1728 396 1793 ad
411 1726 666 1815 cognoscendum
681 1726 709 1791 si
723 1727 869 1812 predicto
888 1728 1025 1793 Morinis
1045 1728 1122 1793 feeit
1141 1728 1188 1793 eis
1210 1728 1385 1794 seruieium

279 1856 375 1898 suum
390 1832 430 1898 de
445 1830 598 1919 predictis
613 1830 715 1909 terris,
731 1831 818 1897 unde
833 1832 980 1920 Rogerus
998 1832 1038 1897 de
1062 1833 1179 1919 Torpel
1197 1832 1278 1899 dicit
1298 1833 1385 1920 quod

279 1937 348 2024 ipse
372 1936 449 2001 feeit
473 1935 659 2023 homagium
683 1958 778 2000 suum
801 1957 860 2021 pro
883 1936 1034 2001 omnibus
1056 1937 1152 2001 terrio
1169 1936 1234 2002 illio
1248 1946 1283 2002 et
1298 1937 1385 2024 quod

279 2040 351 2126 ipsa
373 2039 510 2105 Metillis
529 2039 606 2104 fecit
626 2038 820 2103 fidelitatem
840 2036 881 2103 de
900 2037 966 2103 illio
984 2039 1136 2105 Aoeeliue
1156 2040 1254 2106 metri
1273 2064 1331 2106 sue
1349 2047 1385 2105 et

280 2143 416 2209 seruicia
430 2165 490 2207 oua
504 2150 562 2207 ete

185 2364 199 2395 ⁰
280 2351 304 2418 J
304 2350 506 2417 uetieiarium
520 2359 710 2438 querentem
725 2359 760 2415 et
772 2352 947 2437 Hugonem
959 2351 1000 2416 de
1010 2352 1043 2417 le
1054 2352 1134 2417 Sike
1144 2361 1179 2417 et
1190 2352 1385 2418 Beetrioiem

280 2477 413 2521 uxorem
429 2454 499 2521 eius
513 2454 554 2520 de
569 2454 622 2541 vij.
638 2476 698 2520 aer.
714 2462 800 2519 terre
814 2454 849 2518 in
865 2454 1032 2520 Ceustoue
1044 2453 1178 2541 ponitur
1190 2454 1226 2518 in
1244 2466 1384 2543 respect-

281 2581 338 2624 um
353 2581 455 2646 usque
471 2559 622 2646 loquatur
635 2582 710 2624 eum
725 2559 820 2624 Dom
836 2559 1024 2624 Juetieierio
1038 2559 1116 2645 quie
1127 2561 1227 2648 Hugo
1237 2571 1385 2629 mortuus

282 2673 341 2742 eet,
355 2671 390 2730 et
405 2663 460 2749 xij.
476 2663 633 2729 iuratores
647 2685 745 2750 super
759 2686 840 2749 quos
854 2664 948 2729 uenit
961 2664 1062 2729 uesise
1075 2671 1154 2728 eant
1168 2663 1238 2728 eine
1252 2664 1328 2731 die'.

148 2769 243 2836 1047.
346 2767 480 2854 ‘Egidia
501 2767 542 2832 de
566 2767 675 2834 Merel'
698 2789 758 2854 per
780 2768 981 2833 Willelmum
1007 2768 1049 2832 de
1072 2767 1253 2834 Troteeliue
1276 2769 1335 2856 qui
1351 2793 1386 2836 oe

165 2869 229 2910 ω
282 2871 360 2938 feeit
382 2879 584 2937 attomotum
607 2894 703 2936 suum
726 2893 785 2958 per
808 2877 949 2956 quatuor
961 2870 1083 2936 milites
1098 2879 1158 2937 eto.
1173 2871 1259 2956 petit
1273 2895 1386 2938 uersus

283 2975 476 3042 Geufridum
499 2975 539 3041 de
562 2974 671 3040 Merel'
696 2974 784 3061 quod
807 2974 995 3040 warentizet
1018 2974 1050 3039 ei
1078 2983 1229 3040 octauam
1258 2981 1386 3060 portem

282 3079 368 3146 feodi
377 3079 403 3165 j.
414 3078 529 3144 militis
542 3101 617 3143 eum
631 3085 711 3164 pert
727 3077 763 3142 in
777 3075 889 3141 Merel'
901 3097 999 3162 quom
1009 3083 1103 3142 tenet
1117 3086 1152 3142 et
1166 3077 1207 3141 de
1222 3099 1260 3142 eo
1274 3085 1385 3143 tenere

282 3180 367 3268 eto!

349 3287 392 3352 Et
422 3285 596 3352 Gouiridus
624 3285 718 3350 uenit
747 3292 783 3348 et
811 3284 894 3350 bene
922 3284 956 3350 ei
991 3285 1187 3363 warentizet,
1222 3295 1274 3351 set
1308 3285 1387 3371 quie

282 3391 443 3457 incertum
458 3398 508 3455 est
522 3398 634 3454 utrum
648 3388 833 3454 Willelmuo
847 3389 891 3453 sit
904 3396 1090 3454 attornatuo
1112 3387 1228 3474 Egidie
1249 3389 1303 3453 uel
1321 3411 1387 3454 non

282 3493 379 3560 datus
400 3501 450 3558 est
472 3493 519 3558 eis
540 3493 609 3558 dies
632 3500 691 3558 eto.
714 3514 772 3578 pro
795 3492 924 3557 defectu
946 3491 1048 3556 trium
1070 3492 1213 3556 militum
1235 3492 1293 3577 qui
1321 3515 1386 3558 non

282 3607 444 3666 uenerunt
465 3599 530 3664 scil.
553 3603 612 3662 eto.
635 3607 670 3662 et
692 3596 766 3663 ideo
788 3596 967 3662 uiceoomes
989 3595 1110 3661 hebeat
1131 3617 1262 3682 corpore
1275 3619 1387 3662 eorum

282 3704 343 3770 tui
357 3703 410 3770 die
425 3711 485 3770 ete.

348 3806 485 3872 ⁴Felicio
506 3807 546 3872 de
568 3806 722 3893 Pesinges
743 3826 801 3891 pro
815 3827 850 3870 se
864 3813 899 3871 et
913 3826 971 3891 pro
985 3805 1131 3871 Woltero
1145 3805 1186 3871 de
1200 3807 1337 3893 Dompit
1351 3817 1387 3872 et

190 3927 216 3957 ⁶¹²
283 3913 401 3978 Emmo
422 3933 521 3977 uxore
543 3911 612 3976 eius
638 3919 672 3976 et
702 3909 845 3978 Oristine
873 3918 908 3975 et
937 3910 1071 3974 Juliana
1098 3909 1258 3974 sororibus
1284 3909 1388 3995 ipsius

284 4014 404 4082 Felicio
433 4036 569 4103 quorum
599 4014 667 4078 loco
697 4021 756 4078 ete.
783 4012 869 4099 petit
898 4034 1011 4076 uersus
1041 4009 1261 4076 Grueluudum
1282 4010 1387 4076 filium

317 4258 326 4291 ¹
344 4257 375 4309 Β.
389 4271 424 4306 m.
437 4260 453 4306 4
464 4254 489 4307 d.
861 4255 922 4304 vent
932 4266 967 4302 an
977 4251 1083 4303 attunt.

318 4319 753 4385 ¹Aooordingt013ract0uteet.
765 4316 811 4368 the
892 4317 949 4369 ιΒ.
963 4331 997 4368 m
1013 4317 1066 4366 to.

286 4383 811 4451 leuhedreoeutlybeeuolteredoothot
893 4383 904 4416 ⁴
921 4381 1065 4434 emto.

287 4453 332 4505 the
343 4453 421 4505 death
431 4453 459 4502 oi
474 4466 491 4503 e
505 4455 581 4515 party
591 4450 675 4500 would
692 4452 738 4500 not
754 4463 810 4512 pre-
