3167 5075
319 399 436 451 contu
458 400 556 461 anau,
578 398 644 448 ao.
668 384 829 460 maa-9,
850 398 916 449 aa.
939 386 989 448 23.
1146 384 1210 453 267

111 568 184 634 dieti
205 570 365 637 Wulmari
390 571 506 636 habuit
531 570 682 635 saisinam
707 570 747 635 de
773 571 920 655 predicta
945 579 1039 651 terra,
1063 580 1098 637 et
1122 572 1211 637 idem

112 674 263 741 Martinus
292 676 398 740 mouit
426 676 630 761 questionem
660 682 695 739 et
720 674 805 740 dixit
830 675 917 761 quod
946 684 1034 741 terra
1061 677 1119 741 illa
1147 676 1212 741 fuit

111 779 260 861 partibilis
275 779 324 844 ita
338 778 424 865 quod
439 780 525 845 idam
542 779 641 865 Hugo
657 778 748 843 dedit
768 779 875 844 eidem
897 780 1038 845 Martino
1052 781 1106 865 xij.
1122 802 1212 845 aeras

109 904 159 965 pro
173 904 248 967 paee
263 906 324 947 sua
339 883 487 948 habenda
504 891 539 947 et
559 882 647 947 idem
662 882 824 947 Martinus
839 884 948 948 tenuit
962 906 997 949 se
1012 893 1211 963 contentum,

110 995 140 1047 et
166 986 294 1071 quando
323 986 410 1051 idem
440 986 541 1073 Hugo
569 987 732 1073 profectus
762 987 826 1051 fuit
852 988 887 1051 in
916 996 1037 1053 terram
1066 997 1212 1053 sanctam

108 1090 229 1175 reliquit
247 1114 383 1157 uxorem
402 1114 496 1156 suam
516 1098 551 1156 et
572 1090 768 1157 Nicholaum
788 1090 893 1155 filium
913 1114 1009 1157 suum
1030 1092 1065 1157 in
1085 1092 1211 1170 asisino,

110 1193 159 1276 qui
186 1194 260 1259 inde
294 1196 425 1260 fuerunt
453 1195 489 1259 in
518 1194 636 1259 saisina
666 1194 767 1259 donee
791 1195 881 1260 idem
907 1197 1069 1262 Martinus
1094 1197 1212 1263 habuit

109 1320 241 1365 rumores
273 1299 314 1365 de
340 1308 442 1363 morte
469 1299 570 1385 ipsius
597 1300 747 1387 Hugonis
772 1300 880 1365 fratris
905 1300 957 1365 sui
980 1310 1014 1365 et
1038 1301 1110 1366 illos
1135 1302 1211 1366 inde

109 1402 285 1469 dissaisiuit.
330 1405 375 1469 Et
389 1402 462 1469 ideo
477 1404 716 1469 consideratum
737 1405 895 1490 estquod
917 1406 950 1470 N
952 1406 1096 1471 ioholaus
1118 1428 1210 1471 reeu-

109 1508 226 1590 perauit
255 1506 410 1571 saisinam
439 1529 531 1571 suam
562 1514 596 1571 et
626 1506 788 1571 Martinus
819 1507 854 1572 in
882 1508 1106 1575 misericordia
1166 1511 1211 1575 Et

109 1611 217 1695 quesiti
227 1611 271 1676 de
283 1619 406 1697 quanto
422 1620 609 1675 tenemento
624 1610 688 1675 fuit
702 1610 771 1696 ipse
788 1611 888 1699 Hugo
902 1612 937 1677 in
952 1614 1071 1678 seisina
1082 1614 1211 1699 quando

108 1713 261 1795 profectus
286 1712 350 1777 fuit
373 1713 408 1776 in
433 1722 552 1778 terram
578 1721 723 1777 sanctam
747 1721 781 1777 et
811 1713 852 1778 de
875 1723 999 1800 quanto
1021 1722 1210 1779 tenemento

109 1814 185 1879 idem
213 1816 380 1881 Martinus
410 1816 585 1881 disseisiuit
614 1816 722 1903 ipsum
752 1817 959 1896 Nicholaum,
986 1817 1100 1883 dicunt
1124 1817 1211 1903 quod

108 1918 143 1981 de
156 1921 248 1985 xxx&
261 1919 344 1985 aeris
359 1927 444 1983 terre
459 1918 528 1983 sine
543 1919 619 1985 dote
635 1918 748 1984 matris
758 1919 861 2005 ipsius
873 1920 1024 2007 Hugonis
1038 1930 1074 1986 et
1088 1921 1129 1985 de
1145 1944 1211 1986 uuo

108 2022 276 2109 mesuagio.

50 2134 77 2196 53.
164 2127 276 2193 assisa
294 2127 390 2193 uenit
410 2127 616 2214 recognitum
638 2127 666 2191 si
690 2126 851 2192 Radulfus
874 2127 915 2192 de
938 2127 1067 2213 Pauilly
1088 2128 1211 2193 iniuste
1297 2148 1343 2179 0⁰·

108 2236 160 2294 ete.
182 2230 310 2295 leuauit
332 2230 495 2317 quoddam
517 2232 674 2295 fossatum
696 2231 731 2295 in
754 2231 861 2296 Perua
882 2232 1030 2320 Riburga
1050 2232 1092 2297 ad
1113 2255 1211 2298 noeu-

108 2340 248 2397 meutum
264 2333 360 2399 liberi
375 2333 556 2398 tenemeuti
572 2333 682 2421 Egidii
696 2333 737 2397 de
756 2334 869 2399 Monte
889 2335 1016 2401 Pinzun
1036 2336 1071 2400 in
1090 2337 1214 2422 Magna

109 2434 247 2522 Ribmga
269 2445 344 2522 poet
366 2446 426 2501 etc.
443 2445 477 2502 et
500 2436 586 2501 unde
608 2436 689 2501 dicit
711 2437 798 2523 quod
819 2438 1090 2523 impedimentum
1113 2439 1213 2505 habet

109 2538 150 2602 ita
164 2541 248 2625 quod
265 2562 331 2604 non
346 2548 456 2626 potest
470 2540 590 2604 habere
605 2562 768 2604 accessum
789 2541 831 2605 ad
848 2550 1015 2626 pasturam
1030 2566 1122 2609 suam
1137 2567 1213 2610 oum

108 2644 296 2709 animalibus
310 2645 378 2709 suis
392 2653 526 2730 propter
541 2645 696 2710 fossatum
711 2645 802 2710 illud

166 2749 208 2812 Et
231 2748 395 2814 Radulfus
417 2749 510 2814 uenit
532 2757 567 2813 et
589 2749 778 2834 dicitquod
800 2751 928 2815 nullum
954 2751 1055 2817 hebet
1075 2752 1214 2838 impedi-

108 2861 248 2916 mentum
275 2874 335 2917 nec
362 2861 595 2918 nocumentum
619 2876 678 2939 per
700 2854 856 2919 fossatum
883 2855 965 2920 illud
989 2857 1067 2943 quia
1089 2858 1214 2924 nullam

109 2975 306 3019 communem
324 2955 372 3019 ibi
392 2954 512 3020 habere
533 2955 632 3020 debet
654 2955 731 3040 quia
750 2955 820 3040 ipse
840 2957 967 3021 nullum
987 2966 1213 3025 tenementum

109 3056 200 3122 habet
221 3059 258 3122 in
281 3057 362 3122 uilla
383 3057 441 3121 illa
465 3081 525 3122 neo
551 3080 755 3122 communam
780 3059 899 3124 habere
924 3061 1030 3126 debet
1085 3063 1214 3129 Reuera

109 3158 200 3225 habet
215 3160 380 3247 quendem
397 3167 566 3225 tenentem
581 3160 615 3224 in
631 3161 712 3226 uilla
724 3161 783 3226 illa
804 3161 860 3246 qui
880 3163 1092 3229 sufficientem
1107 3188 1213 3232 seces·

109 3285 173 3328 sum
195 3266 297 3331 habet
318 3263 362 3330 ad
385 3273 552 3350 pasturam
574 3265 673 3342 illam,
688 3265 820 3343 scilieet,
835 3265 871 3329 in
891 3266 1067 3334 latitudine
1080 3271 1214 3355 xxxviij.

110 3368 230 3452 pedum,
246 3377 279 3434 et
295 3367 372 3432 inde
387 3367 481 3452 ponit
496 3389 530 3432 se
545 3390 643 3453 super
656 3367 804 3432 iuratam.

167 3475 189 3539 J
191 3484 337 3540 oratores
352 3473 467 3538 dicunt
483 3473 569 3559 quod
584 3473 748 3556 predictus
766 3473 926 3538 Radulfus
945 3474 1067 3539 iniuste
1087 3475 1214 3540 leuauit

110 3577 264 3660 quoddam
280 3578 439 3642 fossatum
460 3577 496 3642 in
518 3577 665 3664 Riburga
687 3577 728 3641 ad
750 3587 983 3643 nocumentum
1006 3579 1101 3645 liberi
1122 3589 1213 3646 tene-

111 3682 206 3745 menti
221 3682 361 3767 predicti
377 3681 487 3769 Egidii
502 3681 587 3746 sieut
604 3683 703 3746 breue
725 3681 813 3760 dicit,
827 3683 877 3747 ita
895 3683 996 3769 quod¹
1013 3683 1213 3750 leuaeionem

109 3781 190 3848 illam
219 3795 330 3850 aresta
364 3795 414 3850 est
447 3787 626 3850 communis
657 3786 712 3850 uia
741 3795 776 3850 et
806 3787 916 3852 chasia
944 3789 981 3852 in
1009 3789 1213 3876 longitudine

111 3889 200 3954 unius
226 3890 395 3975 perticata.
449 3891 492 3954 Et
517 3890 590 3955 ideo
616 3891 854 3956 consideratum
877 3901 928 3956 est
949 3893 1036 3978 quod
1057 3895 1214 3960 fossatum

111 4003 326 4076 prosternatur
348 4002 383 4060 et
405 3995 449 4060 sit
471 3995 555 4060 sicut
578 4017 647 4061 esse
670 3995 768 4061 debet
791 4004 826 4059 et
847 3996 939 4074 solet,
954 4005 988 4062 et
1004 3998 1164 4066 Radulfus
1179 4001 1214 4065 in

111 4097 344 4164 misericordia¹.

50 4205 80 4268 u.
170 4201 280 4266 Assisa
305 4202 399 4268 uenit
422 4203 628 4290 recognitum
650 4203 678 4268 si
701 4203 867 4268 Walterus
889 4205 1070 4271 Blakeman
1091 4209 1213 4274 iniuste
1226 4209 1313 4304 ξξυῗξζ

112 4311 165 4368 ete.
189 4305 365 4372 disseisiuit
387 4305 581 4371 Michaelem
603 4307 643 4371 de
664 4307 825 4372 Beeumes
844 4308 885 4372 de
906 4309 1007 4375 libero
1026 4319 1213 4377 tenemento

279 4431 288 4464 ¹
306 4432 405 4496 Supply
413 4448 468 4495 per.
665 4433 676 4463 ²
693 4432 757 4482 This
768 4433 791 4483 ie
803 4434 870 4484 Fitz.
882 4438 972 4495 Amisa,
985 4439 1041 4490 4³7.
