3167 5075
360 383 423 446 526
584 393 905 456 neumaiam.
930 382 1022 456 1225,
1045 395 1108 444 nu
1134 381 1249 444 9-10.

354 569 438 635 obiit
457 568 598 646 saisitus,
619 576 656 634 et
676 567 764 655 quod
784 567 834 633 ita
854 568 899 633 sit
920 567 1016 634 offert
1037 568 1250 635 disracionam
1271 567 1353 634 siem
1370 569 1440 632 unia

354 673 608 739 considerauerit
635 685 695 758 per
722 693 837 758 eorpus
865 693 962 737 suum
991 671 1078 758 quod
1113 671 1280 758 predictus
1307 671 1441 736 Ricardns

354 785 475 842 temam
495 776 585 841 illam
605 774 698 840 dedit
717 775 898 861 Reginaldo
920 774 1007 861 patri
1027 797 1093 854 suo,
1108 776 1163 840 uel
1186 775 1354 841 defendero
1372 775 1441 862 quod

353 881 512 948 Ricardus
525 903 591 947 non
605 881 687 946 obiit
700 881 831 946 saisitus
845 888 879 946 et
895 881 980 966 quod
995 880 1082 946 idem
1097 879 1256 946 Ricardus
1270 882 1388 946 nullum
1399 880 1440 945 ius

353 987 461 1052 habet.

420 1090 465 1154 Et
489 1089 647 1155 Ricardus
675 1085 757 1154 dicit
782 1089 869 1175 quod
894 1085 1052 1154 Ricardus
1077 1092 1260 1156 auunculus
1281 1111 1357 1156 suus
1378 1089 1444 1154 obiit

354 1193 433 1258 inde
454 1193 585 1258 saisitus
606 1203 642 1258 et
667 1192 754 1279 quod
778 1194 844 1258 tale
870 1199 920 1258 est
945 1193 997 1258 ius
1020 1215 1124 1271 suum,
1147 1203 1182 1259 et
1204 1196 1265 1260 hoc
1288 1195 1377 1259 offert
1396 1203 1443 1258 etc.

355 1297 442 1362 sicut
456 1298 555 1383 prius,
570 1305 605 1363 et
624 1297 719 1362 offert
733 1319 833 1362 uuam
848 1319 989 1362 marcam
1007 1319 1065 1383 pro
1085 1298 1236 1364 habenda
1254 1297 1444 1386 inquisicione

355 1401 385 1464 si
400 1401 558 1465 Ricardus
572 1400 654 1465 obiit
668 1399 800 1465 saisitus
814 1400 868 1464 uel
882 1421 948 1464 non
962 1407 1022 1465 ata
1068 1401 1112 1465 Et
1126 1400 1200 1466 ideo
1211 1403 1270 1466 fiat
1284 1402 1385 1466 iurata
1396 1411 1444 1465 etc

354 1503 478 1569 Veniat
502 1503 563 1568 tali
586 1503 639 1568 die
665 1505 707 1568 ad
735 1503 1029 1589 recognoscendum
1057 1505 1086 1568 si
1114 1504 1281 1590 predictus
1309 1505 1445 1571 Ricardus

353 1609 536 1674 auunculus
558 1608 660 1693 ipsius
682 1607 813 1673 Ricardi
835 1607 900 1672 fuit
922 1608 1053 1673 saisitus
1075 1617 1112 1672 ut
1139 1608 1181 1674 de
1203 1610 1298 1675 feodo
1316 1610 1356 1675 da
1375 1619 1445 1674 terra

354 1714 412 1779 illa
426 1737 500 1780 cum
515 1722 597 1800 pert.
612 1735 698 1778 anno
717 1721 753 1777 et
771 1713 826 1779 die
846 1736 910 1800 quo
933 1711 1015 1778 obiit
1036 1713 1091 1778 uel
1112 1737 1186 1792 non,
1201 1715 1289 1780 unde
1309 1715 1445 1802 placitum

355 1827 415 1884 etc.

422 1921 603 1986 ¹Walterus
614 1916 707 1984 Huse
718 1919 918 1984 attacbiatus
930 1919 1050 1985 fuitad
1064 1920 1324 2008 respondendum
1336 1921 1447 1987 Andrcc

355 2025 484 2090 Blundo
498 2047 598 2112 quara
613 2024 778 2090 occasione
792 2023 961 2090 cuiusdam
976 2025 1075 2090 assisa
1089 2047 1174 2091 noue
1189 2025 1355 2092 disseisinc
1368 2037 1447 2113 capte

354 2151 460 2195 coram
483 2127 671 2193 iusticiariis
695 2128 812 2192 ultimo
838 2128 1069 2193 itinerantibus
1090 2128 1124 2192 in
1147 2129 1306 2195 comitatu
1328 2127 1449 2215 Salopie,

354 2255 413 2318 per
434 2255 531 2320 quam
551 2233 684 2297 assisam
703 2231 910 2318 recuperauit
929 2231 1008 2318 xliij.
1029 2232 1083 2298 soi
1099 2231 1246 2297 redditus
1266 2255 1447 2320 perannum

355 2345 486 2401 tantum
500 2335 536 2400 in
551 2327 720 2423 Coulegha
734 2357 848 2400 uersus
863 2335 1039 2422 Hugonenr
1055 2337 1095 2403 dc
1113 2337 1271 2402 Ncouilla
1290 2347 1326 2403 et
1343 2337 1449 2404 Johan-

355 2462 431 2504 ncm
454 2439 496 2506 de
522 2440 622 2516 Mora,
644 2439 747 2525 exigit
770 2438 811 2503 de
834 2438 1019 2504 hominibus
1041 2440 1082 2504 de
1104 2441 1274 2528 Coulegha
1295 2451 1450 2508 consuctu-

355 2545 447 2610 dines
471 2553 506 2611 et
532 2545 598 2610 alia
622 2543 759 2609 seruicia
788 2566 886 2630 quam
915 2544 985 2631 ipse
1013 2547 1220 2632 recuperauit
1248 2546 1448 2633 pereundam

354 2651 487 2715 assisam
502 2659 561 2715 etc

421 2755 466 2819 Et
490 2755 656 2819 Walterus
680 2754 774 2818 uenit
798 2764 833 2818 ct
855 2751 936 2817 dicit
960 2753 1047 2839 quod
1069 2752 1169 2817 nichil
1191 2755 1363 2840 occupauit
1387 2754 1448 2840 plus

355 2881 453 2945 quam
479 2857 693 2943 recuperauit,
718 2856 797 2943 quia
825 2857 1031 2943 recuperauit
1058 2856 1137 2944 xliij.
1164 2859 1219 2924 sol.
1249 2858 1391 2923 redditus
1413 2856 1446 2920 de

355 2960 541 3025 bominibus
562 2958 716 3045 predictis
738 2958 797 3045 qui
819 2958 859 3023 de
882 2980 921 3023 co
943 2966 1123 3025 tenuerunt
1145 2968 1337 3025 tenemento
1348 2982 1407 3037 sua
1419 2966 1447 3023 et

355 3074 502 3151 preterea
530 3064 735 3151 recuperauit
764 3063 839 3129 dim.
871 3062 953 3150 uirg.
980 3071 1066 3129 terre
1096 3072 1131 3129 et
1160 3086 1260 3131 uuam
1290 3074 1445 3131 mmcaum

354 3168 510 3247 redditus,
524 3177 559 3234 et
572 3167 650 3233 inde
663 3167 757 3253 ponit
771 3188 806 3231 se
821 3188 918 3253 super
931 3166 1099 3231 rccordum
1114 3176 1175 3232 etc

422 3274 466 3337 Et
494 3273 585 3337 curia
612 3271 673 3335 hoc
701 3270 789 3335 idem
818 3270 1012 3335 recordatur.
1069 3269 1113 3334 Et
1140 3278 1292 3355 preterea
1318 3268 1446 3334 Annas

286 3452 290 3461 Ι
356 3379 519 3466 cognoscit
536 3375 623 3463 quod
641 3396 808 3460 nunquam
828 3373 971 3460 aliquam
991 3371 1143 3437 saisinam
1166 3372 1243 3439 inde
1265 3372 1378 3437 habuit
1394 3370 1446 3435 nisi

357 3504 395 3547 co
409 3492 555 3566 tempore
570 3501 635 3565 quo
653 3477 820 3542 Walterus
834 3475 910 3541 indc
926 3474 1108 3541 dissaisitus
1122 3474 1186 3540 suit
1199 3484 1235 3541 et
1249 3476 1285 3540 in
1299 3474 1447 3541 disseisiua

356 3584 502 3651 eiusdem
537 3581 684 3659 walteri,
720 3591 756 3645 et
791 3580 879 3666 quod
915 3580 1081 3645 Walterus
1120 3580 1328 3666 recuperauit
1363 3578 1446 3643 talem

355 3688 507 3753 saisinam
529 3687 660 3773 qualem
681 3685 768 3750 idem
791 3684 938 3749 Andreas
959 3684 1035 3749 inde
1060 3683 1184 3749 habuit.
1230 3684 1276 3748 Et
1296 3683 1367 3748 ideo
1386 3703 1446 3747 cou-

356 3794 532 3858 sideratum
554 3790 712 3876 estquod
734 3789 899 3854 Walterus
922 3796 976 3853 cat
997 3787 1073 3853 inde
1098 3788 1239 3874 quietus,
1261 3796 1296 3853 et
1319 3786 1445 3851 Annae

355 3900 391 3964 in
405 3896 623 3963 misericordia
636 3904 696 3959 etc

224 4012 317 4075 1680,
420 4001 608 4087 'Philippus
633 4000 674 4065 de
699 3999 848 4064 Arderna
872 3997 1007 4063 clericus
1028 3996 1228 4062 attachiatus
1250 3996 1316 4061 suit
1334 3994 1373 4060 ad
1391 4012 1443 4056 rao

240 4110 302 4151 Μ·
355 4105 563 4193 pondendum
582 4102 726 4169 Johanni
745 4102 812 4167 filio
832 4102 968 4167 Robcrti
987 4122 1087 4187 quare
1109 4100 1212 4165 trahit
1226 4122 1302 4164 eum
1316 4099 1349 4163 in
1362 4093 1443 4183 placi-

314 4202 317 4207 ’
356 4220 428 4276 tum
443 4210 478 4275 in
496 4209 586 4273 curia
604 4206 827 4273 cristianitatis
846 4206 887 4271 de
907 4205 989 4271 laico
1009 4204 1102 4270 feodo
1122 4204 1225 4291 ipsius
1245 4199 1396 4269 Johannis
1414 4196 1440 4260 in

269 4384 272 4391 ,
356 4314 489 4379 Rabiria
523 4319 636 4377 contra
670 4308 922 4397 prohibicionem
961 4318 1030 4387 etc,
1059 4308 1146 4374 uude
1179 4308 1267 4375 idem
1296 4306 1439 4373 Johannes

454 4420 795 4481 1A.m.21;13.m.1sd.
985 4418 1320 4479 ²A.m21d;n.m,1a
