3167 5075
319 411 382 474 696
449 422 604 472 surrorrr
628 422 718 479 rrrur
741 422 784 470 or
807 420 1008 470 Parnasum
1027 420 1103 468 nun
1124 421 1292 482 sncnrvn,

317 616 391 658 acre
412 601 499 660 terre
525 611 600 660 cum
628 602 710 680 pert.
740 593 775 658 in
799 593 1035 659 Dunniuetona
1056 611 1170 658 uersus
1195 594 1365 680 'Rogemm
1386 594 1430 660 de

318 698 463 763 Berners

156 803 278 875 sonuum
384 803 428 866 Et
452 803 598 888 Rogerus
624 801 716 865 uenit
740 809 775 866 61
798 801 930 866 uocauit
955 800 1032 868 inde
1053 802 1096 866 ad
1116 811 1299 868 warantum
1325 803 1430 870 filiam

156 874 211 913 aadlt
219 875 283 912 breue

153 925 285 1006 3333&
318 905 456 992 predicti
474 905 617 982 Roberti‚
639 914 689 968 set
712 905 852 970 nesciuit
875 929 948 970 eam
969 907 1143 972 nominare
1188 908 1233 974 Et
1255 907 1332 972 ideo
1353 930 1430 974 oon·

156 1010 494 1100 gffihfflsideratum
522 1018 572 1072 est
597 1009 683 1096 quod
706 1010 818 1096 Agnes
846 1011 1053 1096 recuperauit
1080 1011 1234 1076 saisinam
1263 1035 1368 1089 suam,
1393 1021 1431 1077 et

155 1105 288 1147 tammum
316 1113 386 1199 ipse
401 1112 436 1177 in
452 1111 668 1177 misericordia
683 1121 742 1178 etc.
997 1115 1003 1127 '

185 1227 278 1289 1938.
382 1215 514 1280 'Petrus
538 1215 568 1280 le
593 1216 734 1301 Moynne
760 1216 902 1300 [tenens]
926 1217 1048 1303 optulit
1072 1239 1114 1290 se
1128 1217 1208 1304 iiije.
1232 1218 1288 1283 die
1313 1241 1431 1284 uersus

153 1324 276 1420 ggffil
317 1320 451 1385 Petrum
466 1320 507 1384 (16
523 1319 714 1384 Nerefordia
728 1319 768 1384 de
784 1321 904 1406 placito
918 1343 991 1386 xxx.
1007 1345 1068 1387 aer.
1088 1330 1174 1386 terre
1194 1345 1271 1386 cum
1288 1334 1372 1409 pert
1392 1325 1428 1388 in

151 1419 295 1504 ffiffl*
317 1424 459 1488 Bertona
473 1423 560 1487 unde
574 1422 733 1509 placitum
747 1423 812 1487 luit
826 1423 861 1488 in
870 1424 1027 1489 comitatu
1038 1425 1125 1489 inter
1135 1426 1278 1490 eundem
1289 1427 1427 1491 Petrum

153 1511 305 1644 ffiffil
317 1538 351 1593 et
370 1531 512 1604 Petrum,
528 1535 562 1592 et
577 1526 664 1590 unde
680 1526 767 1590 idem
783 1526 900 1590 Petrus
915 1527 945 1592 le
965 1527 1084 1614 Moyne
1099 1530 1232 1594 uocauit
1245 1531 1290 1595 ad
1304 1554 1428 1595 waram

153 1653 269 1691 otorano
317 1640 389 1697 tum
409 1631 586 1696 Radulfum
606 1630 646 1694 de
669 1629 702 1693 la
722 1629 832 1708 Suore,
847 1630 913 1716 qui-
925 1632 1015 1709 obiit,
1030 1641 1065 1697 61
1084 1632 1170 1698 filius
1190 1634 1263 1699 eius
1276 1645 1329 1700 est
1342 1636 1430 1701 infra

153 1709 216 1746 quarn
225 1703 296 1737 166661

153 1746 281 1831 ssssgfflffl‘
316 1745 447 1812 etatem,
474 1736 522 1800 ita
543 1734 629 1820 quod
654 1733 840 1818 [Radulfus]
863 1735 973 1820 posuit
990 1759 1028 1810 *se
1048 1735 1085 1801 in
1107 1759 1259 1824 magnam
1281 1739 1426 1804 assisam

152 1839 290 1924 gl'l‘sslffi
317 1841 360 1906 Et
375 1840 549 1905 comitatus
563 1837 750 1903 recordatur
770 1839 857 1924 quod
876 1837 963 1904 idem
984 1840 1101 1906 Petrus
1124 1841 1178 1925 [de
1200 1843 1426 1927 Neresordia’]

152 1933 302 2036 {lldll'sslod
315 1967 380 2009 non
394 1943 589 2030 perquisiuit
603 1943 702 2008 breue
717 1942 760 2008 ad
779 1943 967 2029 eligendum
986 1944 1042 2030 xij.
1085 1947 1166 2010 Ideo
1182 1947 1427 2014 consideratum

152 2029 293 2121 llltl'pllt.
315 2057 365 2114 est
380 2048 467 2135 quod
482 2048 599 2112 Petrus
615 2047 658 2131 [le
673 2047 805 2132 Moyne]
822 2046 892 2111 sine
911 2045 973 2125 die,
987 2057 1023 2112 61
1038 2048 1154 2113 Petrus
1169 2048 1210 2113 (16
1229 2050 1430 2115 Nerefordia

151 2119 294 2205 lhmm'
313 2153 347 2220 in
364 2151 580 2216 misericordia
595 2161 653 2216 616.

183 2261 274 2326 1939.
379 2256 545 2322 ‘Matillisl
562 2280 625 2343 que
641 2256 704 2320 fuit
720 2278 802 2320 uxor
816 2255 942 2321 Mathei
953 2256 994 2322 (16
1009 2256 1194 2321 Thurstona
1206 2256 1294 2342 petit
1309 2280 1429 2323 uersus

315 2365 493 2429 Robertum
508 2363 613 2427 filium
629 2363 700 2426 Ade
715 2363 927 2427 medietatem
947 2362 1048 2428 trium
1067 2385 1128 2428 aer.
1148 2371 1235 2428 terre
1249 2385 1326 2428 cum
1340 2373 1429 2448 pert

313 2469 349 2534 in
364 2469 476 2534 eadem
492 2468 572 2532 uilla
587 2475 646 2532 etc.
663 2475 701 2530 61
715 2467 827 2530 dotem
841 2487 942 2531 suam.

151 2590 271 2631 simum
380 2574 424 2638 Et
439 2573 601 2638 Robertus
615 2572 709 2636 uenit
728 2580 763 2636 et
783 2570 863 2636 dicit
883 2570 970 2657 quod
991 2579 1078 2636 terra
1096 2570 1154 2635 illa
1174 2570 1255 2636 data
1274 2572 1340 2636 fuit
1357 2572 1432 2637 sihi

150 2638 301 2771 summum„
314 2687 348 2743 et
370 2678 467 2741 matri
487 2700 544 2742 sue
567 2676 602 2741 in
624 2676 787 2741 communi
809 2698 868 2761 per
888 2685 1020 2753 cartam,
1034 2699 1132 2762 quam
1154 2678 1278 2762 profert
1299 2684 1335 2742 61
1355 2700 1429 2764 que

151 2695 248 2723 commun

150 2742 177 2779 pa
204 2743 227 2770 66
241 2742 251 2770 s

150 2743 283 2874 :fgg‘glgll
313 2781 373 2845 hoc
395 2788 542 2855 testatur,
559 2788 593 2844 61
613 2779 738 2843 desicut
758 2780 849 2843 nulla
870 2779 996 2844 mencio
1017 2779 1056 2844 fit
1078 2779 1113 2843 in
1134 2779 1228 2844 breui
1250 2780 1293 2845 (16
1314 2791 1427 2847 matra

194 2900 199 2911 '
312 2908 380 2962 sua,
395 2885 479 2970 petit
495 2885 651 2950 iudicium
666 2884 694 2949 si
709 2885 828 2950 debeat
842 2884 874 2950 ei
886 2885 1078 2971 respondere
1093 2886 1162 2950 sine
1176 2895 1282 2951 matre
1296 2908 1365 2951 sira

379 2990 422 3053 Et
448 2990 584 3054 Matillis
605 3012 669 3053 non
691 2988 801 3075 potuit
822 2989 883 3054 hoc
903 2989 1060 3068 dedicere,
1081 2989 1155 3054 ideo
1179 2990 1426 3056 consideratum

312 3100 363 3158 est
389 3092 475 3179 quod
499 3114 565 3157 non
588 3091 781 3178 respondeat
806 3092 876 3157 sine
906 3100 1101 3158 matresua
1145 3092 1226 3157 Ideo
1255 3092 1426 3159 Robertus

312 3197 388 3261 inde
404 3196 472 3261 sine
488 3196 549 3273 die,
564 3204 599 3260 et
614 3196 750 3261 Matillis
764 3196 799 3260 in
814 3196 1033 3261 misericordia
1046 3204 1106 3261 616

376 3301 510 3366 ‘durata
524 3299 623 3383 xxiiij.
640 3299 681 3363 ad
696 3298 955 3363 conuincendum
974 3298 1029 3383 xij.
1049 3298 1144 3363 uenit
1162 3298 1373 3385 recognitum
1392 3300 1424 3365 si

311 3404 475 3468 Walterus
501 3402 609 3466 Dacus
633 3409 667 3466 61
689 3401 836 3486 Rogerus
857 3400 899 3465 (16
921 3400 1070 3465 Michaut
1092 3409 1127 3465 et
1148 3400 1291 3465 Thomas
1313 3401 1426 3467 Faber

310 3508 430 3571 iniuste
456 3516 515 3570 etc.
538 3504 784 3569 disseisiuerunt
806 3502 1028 3569 Alexandrum
1051 3504 1116 3567 Bat
1137 3503 1178 3567 de
1201 3503 1304 3568 libem
1326 3513 1424 3570 tene·

310 3617 421 3674 mento
446 3630 504 3673 suo
525 3607 561 3671 16
585 3606 802 3673 Framesdena
824 3614 987 3691 pestate,
1011 3605 1099 3669 unde
1120 3604 1208 3670 idem
1229 3606 1425 3673 Alexander

309 3719 443 3799 questus
458 3712 521 3777 fuit
535 3710 621 3798 quod
632 3710 787 3776 iuratores
798 3711 886 3775 illius
896 3710 994 3776 assisa
1006 3720 1100 3796 capte
1111 3732 1217 3776 coram
1229 3709 1425 3777 iusticiariis

308 3816 397 3902 apud
412 3815 612 3902 Gipewicum
626 3816 743 3880 falsum
758 3816 905 3880 fecerunt
924 3823 1170 3880 sacramentum.
1213 3815 1283 3895 Qui
1301 3815 1423 3881 (116661

307 3943 406 4007 super
419 3927 655 3985 sacramentum
670 3942 766 3985 suum
782 3918 869 4006 quod
888 3920 1054 3986 Walterus
1074 3920 1106 3984 le
1125 3919 1258 4005 Waleys
1278 3920 1423 3986 tradidit

340 4074 350 4105 1
367 4074 607 4137 sinuessam.
918 4075 930 4107 ⁴
946 4074 976 4124 n.
987 4089 1024 4123 m.
1037 4076 1076 4126 ar.

340 4138 497 4193 ²A.m.3⁷f
520 4140 836 4191 Thewordsinbrackets
917 4139 986 4190 lOn
1006 4140 1024 4191 f.
1045 4142 1102 4197 388,
1119 4138 1235 4188 Bracton
1253 4136 1305 4188 has
1320 4152 1338 4189 a
1352 4152 1419 4189 essa

307 4218 351 4254 are
362 4204 444 4254 added
456 4206 490 4267 by
500 4204 545 4255 the
556 4210 704 4257 annotator.
884 4204 952 4254 hom
969 4204 1023 4254 this
1038 4219 1098 4267 cyre
1113 4202 1198 4253 which
1209 4218 1295 4253 seems
1307 4209 1336 4253 to
1351 4218 1417 4253 666-

339 4270 350 4303 ³
367 4270 422 4319 The
433 4270 601 4320 demandant.
635 4272 688 4320 But
699 4270 835 4333 according
884 4285 945 4319 cern
957 4269 1010 4319 this
1021 4268 1136 4333 plaintifl
1142 4287 1149 4331 ς
1167 4268 1214 4318 161
1225 4270 1247 4319 u
1259 4284 1309 4319 can
1322 4274 1372 4319 661
1382 4269 1419 4319 be

308 4340 335 4383 to
357 4334 402 4384 tho
424 4336 553 4398 marginal
574 4338 638 4386 6616
659 4336 682 4386 it
708 4351 761 4386 was
788 4336 834 4385 the
885 4334 939 4384 this
950 4350 1018 4384 ense.

307 4403 399 4448 tenant
422 4399 479 4449 who
501 4400 554 4449 had
576 4404 622 4451 not
645 4400 768 4452 obtained
789 4400 834 4451 the
916 4399 928 4429 ⁶
943 4400 995 4449 For
1005 4399 1098 4450 earlier
1107 4398 1278 4463 proceedings
1292 4414 1335 4450 aaa
1346 4398 1418 4451 Casa

307 4466 371 4515 orit.
885 4466 957 4515 1910.
