3167 5075
260 396 394 444 nrmnr
417 396 491 443 aun
513 396 651 456 aaaron,
675 394 741 445 nn.
765 382 858 455 1221,
880 394 942 443 Aa.
968 384 994 443 5.
1116 383 1179 445 419

103 570 182 633 frater
201 566 369 634 liatillidis
394 564 517 632 uxoris¹
541 567 582 631 de
609 566 695 631 Eure
718 574 753 630 et
782 567 915 632 Lorctte
941 568 1055 633 sororis
1079 570 1180 655 ipsius

102 672 246 737 Matillidis
270 680 418 757 tempore
443 670 534 756 pacis
557 679 592 734 et
620 678 699 734 ante
728 692 879 756 guerram
906 679 1029 736 motam
1055 679 1114 736 etc.
1146 680 1193 737 et

101 773 128 837 in
147 773 214 860 ligia
237 782 401 859 potestate
425 796 486 838 sua
504 772 597 837 dedit
624 772 786 837 Giliberto
808 772 849 837 de
872 774 1056 839 Branctona
1078 796 1180 839 unum

100 878 192 964 iugum
205 892 288 943 terre
304 880 380 943 cu'm
394 886 475 964 pert.
491 877 527 941 in
543 876 782 963 Ohidingeham
798 886 834 942 et
848 878 956 963 ipsum
972 877 1181 943 Gauin'dum'

100 980 282 1045 inscisinam
308 980 386 1045 inde
411 980 530 1066 posuit,
555 1002 616 1044 nec
637 1004 689 1057 ne,
710 980 798 1045 unde
822 980 986 1066 predictus
1011 981 1181 1057 Robertus,

100 1083 188 1170 Hugo,
200 1076 337 1149 Matillis
352 1092 387 1150 et
402 1083 529 1161 Loreta,
545 1105 660 1147 uersus
679 1106 759 1169 quos
779 1084 867 1149 idern
889 1085 1068 1151 Gilibertus
1082 1085 1182 1172 peciit

100 1188 168 1271 quod
190 1196 306 1253 terram
327 1189 418 1253 illam
441 1188 473 1252 ei
494 1188 751 1266 warenti‘zarent,
772 1188 887 1253 dicunt
910 1189 996 1274 quod
1017 1190 1182 1275 predictus

99 1292 238 1358 Galfridus
262 1316 329 1357 non
348 1292 440 1357 dedit
458 1292 564 1357 eidem
580 1292 740 1357 Giliberto
760 1301 881 1358 terram
902 1293 993 1358 illam
1014 1316 1074 1359 nec
1095 1278 1189 1358 idem

100 1397 255 1463 Gilibertus
268 1398 346 1462 inde
360 1398 514 1462 seisinam
525 1397 652 1473 habuit,
667 1397 730 1461 nisi
741 1405 888 1483 tempore
901 1396 1044 1483 predicte
1057 1418 1182 1485 guerre,

98 1500 199 1566 scilicet
212 1502 328 1587 quinto
343 1501 397 1565 die
413 1510 490 1565 ante
504 1501 633 1565 obitum
647 1502 751 1587 ipsius
767 1501 924 1579 (leufridi,
940 1510 1000 1567 etc.

149 1606 169 1670 J
171 1616 309 1671 oratores
324 1607 439 1671 dicunt
453 1606 540 1692 quod
554 1605 720 1691 predictus
736 1605 913 1671 (laufridus
927 1628 1094 1692 nunquam
1105 1614 1182 1670 ante

98 1730 224 1791 guerram
238 1708 333 1773 dedit
347 1716 467 1772 terram
483 1709 573 1773 illam
589 1707 695 1773 eidem
712 1710 881 1788 Giliberto,
897 1732 957 1775 nec
971 1710 1047 1774 inde
1057 1732 1132 1775 eum
1147 1709 1182 1773 in

97 1812 226 1877 aninam
239 1813 352 1899 posuit
366 1812 402 1877 in
416 1812 495 1899 ligia
512 1820 677 1899 potestate
699 1836 768 1891 sua,
782 1814 883 1879 immo
903 1820 1047 1899 tempore
1067 1824 1191 1899 guerre

97 1915 169 1979 etin
186 1916 377 1981 infirmitate
398 1938 464 2001 qua
483 1915 565 1979 obiit
582 1916 671 2001 apud
693 1915 894 1980 londoniam
917 1926 956 1981 ut
978 1916 1183 1993 audiuerant,

95 2016 134 2081 ita
145 2019 224 2104 quod
238 2018 353 2085 codem
367 2018 421 2083 die
436 2040 501 2104 quo
515 2018 585 2105 ipse
601 2017 781 2083 Gilibertus
797 2020 877 2085 tulit
891 2028 1013 2085 cartam
1029 2020 1063 2084 in
1075 2028 1183 2105 partes
1232 2052 1236 2062 ¹

96 2120 155 2185 illas
168 2124 207 2188 ad
220 2123 346 2188 curiam
361 2122 485 2187 domini
499 2122 551 2186 sui
564 2121 658 2186 uenit
672 2144 782 2186 rumor
792 2122 879 2208 quod
893 2123 980 2187 idem
990 2122 1189 2187 Gilibertus⁸'

95 2233 224 2291 mortuns
252 2227 325 2291 fuit.
387 2227 431 2290 Et
459 2226 534 2290 ideo
562 2226 802 2291 consideratum
831 2234 882 2291 est
911 2228 997 2313 quod
1025 2227 1089 2313 ipsi
1117 2250 1183 2291 non

94 2330 288 2395 warentizent
310 2338 434 2395 cartam
459 2330 616 2407 Gaufir'di,
639 2338 675 2395 et
696 2330 783 2416 quod
805 2331 932 2395 nullum
954 2331 1006 2396 ius
1028 2330 1126 2395 habet
1148 2330 1182 2394 in

94 2438 197 2498 terram
210 2434 313 2511 illam,
329 2442 363 2497 et
377 2433 451 2498 ideo
464 2433 629 2498 Robertus
644 2443 679 2498 et
694 2435 751 2498 alii
764 2433 909 2500 habeant
924 2434 1074 2500 saisinam
1090 2458 1182 2499 suam

94 2545 121 2600 ct
134 2539 167 2604 G.
181 2539 214 2604 in
229 2539 450 2604 misericordia
465 2547 526 2604 etc

145 2643 269 2710 ‘Amisa
293 2645 387 2709 uenit
408 2644 613 2730 recognitura
634 2643 707 2730 quis
728 2644 905 2709 aduocatus
927 2653 1072 2730 tempore
1095 2645 1183 2732 pacis
1261 2674 1287 2703 eu

92 2750 279 2830 presentauit
294 2749 446 2813 ultimam
460 2770 629 2834 personam
649 2770 713 2833 que
733 2757 862 2813 mortua
885 2755 935 2813 est
954 2747 997 2813 ad
1017 2748 1183 2814 ecclesiam

90 2851 123 2915 de
135 2852 326 2931 Walemere,
342 2877 405 2939 que
420 2860 517 2917 uacat
531 2861 602 2930 etc,
617 2853 711 2917 cuius
730 2852 979 2917 aduocacionem
1002 2853 1185 2918 Willelmus

91 2953 124 3018 de
139 2957 340 3034 Auberuilla,
360 2955 418 3044 qui
436 2957 521 3021 infra
541 2965 664 3021 etatem
684 2964 744 3034 est,
758 2957 878 3022 clamat
892 2979 1006 3022 uersus
1020 2956 1184 3021 Abbatem

90 3057 123 3121 de
143 3061 348 3149 Langedona
394 3059 461 3139 Qui
485 3060 579 3124 uenit
602 3069 637 3125 et
661 3058 742 3124 dicit
768 3059 855 3146 quod
880 3060 980 3124 assisa
1002 3081 1066 3124 non
1088 3045 1190 3124 debet

90 3157 154 3225 inde
168 3163 238 3229 fieri
254 3163 335 3251 quia
348 3164 447 3228 breue
462 3163 543 3229 dicit
557 3163 600 3227 ad
614 3163 783 3228 ecclesiam
803 3186 866 3249 que
885 3171 981 3228 uacat
998 3171 1033 3228 et
1053 3163 1187 3228 ecclesia
1232 3205 1235 3214 ·

90 3285 144 3328 non
164 3277 261 3333 uacat
284 3269 385 3333 immo
406 3268 476 3354 ipse
498 3277 549 3334 est
570 3268 646 3332 inde
668 3290 811 3355 persona
858 3267 901 3332 Et
919 3269 1040 3354 profert
1061 3276 1183 3333 certam

90 3365 234 3436 Willelmi
249 3372 294 3437 de
313 3373 508 3437 Auberuilla
524 3373 580 3437 aui
599 3372 744 3437 ciusdem
764 3373 922 3437 Willelmi
945 3373 980 3436 in
1000 3395 1065 3458 qua
1083 3372 1184 3436 conti-

90 3482 175 3538 netur
187 3476 278 3562 quod
292 3477 362 3562 ipse
377 3476 469 3541 dedit
484 3485 543 3541 etc.
559 3477 620 3541 deo
635 3485 670 3540 et
685 3477 817 3541 ecclesie
834 3476 865 3540 S.
882 3475 1005 3540 Thome
1027 3474 1186 3540 Martiris⁶

88 3575 186 3658 plures
207 3589 316 3645 terras
333 3587 368 3643 et
390 3580 499 3665 plures
520 3580 670 3645 ecclesias
691 3591 726 3644 ot
747 3580 835 3644 inter
856 3579 935 3643 alias
957 3578 1123 3644 ecclesiam
1145 3577 1186 3641 de

88 3679 270 3750 Walemere.
316 3685 443 3749 Profert
469 3685 571 3749 eciam
595 3693 718 3750 cartam
749 3683 900 3772 Hugonis
925 3684 965 3748 de
995 3681 1186 3747 Auberuilla

87 3783 138 3849 filii
164 3787 215 3852 sui
245 3787 353 3874 patris
381 3787 483 3873 ipsius
512 3787 678 3865 willelmi,
708 3810 771 3874 que
802 3788 971 3852 confirmat·
1000 3786 1046 3851 eis
1076 3807 1187 3851 omncs

87 3886 272 3957 donaciones
288 3899 348 3958 etc
393 3891 519 3956 Profert
534 3892 636 3956 eciam
656 3893 766 3977 plures
785 3899 890 3958 cartas
905 3899 964 3956 etc.
981 3897 1049 3954 tam
1064 3889 1185 3954 archie-

85 3991 198 4080 piscopi
213 4018 318 4081 quam
334 3995 468 4059 aliorum
486 4004 545 4060 etc.
587 4005 591 4012 '

113 4212 236 4278 ¹Supply
247 4215 428 4278 Emonia&
444 4215 561 4276 Huponir
578 4215 608 4262 dr
692 4211 797 4261 ⁴A.m.
810 4211 864 4270 8d;
882 4212 911 4261 B.
926 4225 960 4262 m.
976 4211 1023 4262 td.

86 4277 160 4336 cliuo,
170 4281 202 4330 B.
692 4277 703 4308 ⁵
719 4277 807 4341 Abbey
824 4278 852 4326 of
865 4277 993 4338 Langdon
1009 4275 1143 4327 dedicated
1159 4279 1187 4326 to

113 4345 123 4373 ²
138 4345 179 4395 Sic
189 4347 220 4408 A,
233 4345 276 4405 B;
296 4359 360 4394 corr.
373 4345 533 4396 Gilebertura
661 4343 688 4393 S.
706 4342 821 4393 Thomas
837 4343 866 4391 of
881 4342 1056 4404 Canterbnry;
1074 4357 1115 4391 see
1131 4341 1187 4391 this

112 4409 207 4460 'Corn
221 4412 377 4473 (lanfridum.
661 4407 801 4457 charterin
813 4407 926 4457 Monost.
938 4407 988 4456 vol.
1001 4407 1023 4468 6,
1038 4423 1063 4469 p.
1076 4409 1132 4458 898.

995 4505 1100 4571 27-2
