3167 5075
433 415 572 477 ussum,
593 413 658 464 nn.
682 401 775 476 1226,
798 414 862 466 nn
886 404 934 466 10.
1177 400 1238 467 571

147 589 295 655 Ricardus
309 598 344 656 et
359 587 496 655 heredes
509 588 561 654 sui
576 588 802 654 terramillam
823 589 967 656 habeant
989 599 1026 656 et
1048 597 1183 655 teneant
1203 589 1245 655 de

146 717 180 760 eo
202 703 234 759 et
260 692 434 759 heredibus
457 693 621 759 suiacum
651 694 861 779 pertinenciis
884 702 944 760 etc.
989 694 1117 759 Profert
1142 694 1245 760 eciam

145 807 259 864 eartem
282 797 427 862 eiusdem
450 797 550 884 Regis
572 797 708 862 Henrici
730 819 792 884 qne
816 805 960 862 testatur
980 797 1066 883 quod
1087 797 1245 862 concessit

145 909 198 966 etc
218 901 402 988 Engelardo
423 900 465 966 de
483 901 614 965 Humum
632 900 753 964 donum
778 900 864 986 quod
879 900 957 965 fecit
980 900 1011 965 ei
1029 899 1182 965 Ricardo¹
1204 900 1246 965 de

143 1005 282 1069 Humaz¹
302 1013 362 1070 etc.
392 1003 487 1069 Dom.
517 1004 609 1091 Rege
638 1003 772 1069 uidente
803 1013 838 1069 et
859 1004 1065 1082 concedente,
1089 1004 1246 1069 uidelicet

143 1103 408 1195 Risingbergham
431 1129 506 1172 cum
528 1107 679 1173 omnibus
700 1117 781 1194 pert
804 1109 872 1173 suis
894 1131 958 1194 que
979 1107 1086 1174 eidem
1108 1108 1245 1174 Ricardo

141 1211 205 1276 iure
220 1211 415 1276 hereditario
428 1210 615 1297 pertinebit,
630 1233 729 1297 quare
745 1211 819 1276 uult
834 1220 869 1276 et
882 1211 1022 1298 precipit
1036 1210 1123 1296 quod
1138 1211 1246 1276 dictus

142 1313 338 1403 Engelerdus
367 1322 401 1380 et
431 1311 566 1380 heredes
602 1315 653 1379 sui
689 1314 950 1401 prenominatam
987 1315 1246 1402 Risenbergham

141 1419 279 1484 habeant
308 1427 342 1484 et
371 1426 507 1484 teneant
536 1418 577 1484 de
607 1419 701 1485 Dom.
732 1417 823 1507 Rege
853 1430 889 1486 et
917 1421 1091 1486 heredibus
1119 1420 1187 1485 suis
1210 1421 1245 1486 in

140 1523 286 1588 omnibus
301 1523 407 1599 rebus,
421 1520 457 1586 in
472 1523 567 1588 bosco
582 1531 651 1600 etc,
667 1532 702 1588 et
716 1521 751 1588 in
767 1523 919 1589 omnibus
932 1525 1005 1590 aliis
1023 1524 1101 1589 locis
1120 1533 1155 1589 et
1174 1525 1248 1590 aliis

139 1627 231 1692 rebus
255 1627 298 1692 ad
323 1627 459 1693 eandem
483 1635 542 1692 ete
568 1627 818 1713 pertinentibus,
842 1628 928 1694 bene
956 1639 992 1694 et
1020 1628 1056 1694 in
1084 1651 1165 1715 pano
1186 1638 1247 1697 ete.

138 1753 208 1795 cum
238 1731 390 1796 omnibus
420 1729 629 1796 libertatibus
657 1740 692 1796 et
721 1732 832 1798 liberis
861 1733 1152 1798 consuetudinibus
1181 1733 1249 1798 suis

138 1845 194 1900 etc
239 1835 339 1901 Unde
356 1833 444 1900 idem
465 1835 649 1900 willelmus
668 1836 748 1901 dicit
764 1836 850 1922 quod
864 1837 1030 1923 predictus
1045 1837 1248 1924 Engelardns

138 1940 199 2004 suit
221 1961 306 2005 auus
327 1961 412 2016 suus,
435 1939 532 2004 etde
555 1961 593 2004 eo
615 1938 782 2005 descendit
805 1948 893 2005 terra
911 1940 970 2005 illa
992 1941 1157 2006 Willelmo
1180 1940 1247 2006 filio

138 2065 202 2122 suo,
226 2045 325 2110 etde
353 2044 517 2110 Willelmo
542 2043 619 2109 huic
641 2043 808 2109 Willelmo
830 2053 870 2109 ut
893 2045 961 2109 filio
984 2053 1020 2109 et
1046 2044 1159 2110 heredi
1180 2067 1247 2123 suo,

137 2156 170 2212 et
198 2147 274 2213 ideo
296 2147 428 2212 uidetur
449 2147 480 2212 ei
503 2146 589 2233 quod
614 2147 685 2212 sine
706 2147 801 2214 Dom.
824 2148 917 2235 Rege
936 2169 1003 2212 non
1024 2147 1143 2214 debeat
1171 2148 1248 2213 inde

137 2250 341 2338 respondere,
369 2260 404 2315 et
433 2249 461 2314 si
491 2249 581 2315 curia
609 2249 862 2316 considerauerit
891 2251 979 2337 quod
1007 2249 1136 2329 debeat,
1161 2251 1249 2316 dicet

137 2355 226 2420 eliud
246 2373 308 2420 etc.

200 2459 245 2523 Et
262 2457 380 2523 Comes
395 2457 474 2522 dicit
489 2457 576 2544 quod
591 2465 679 2522 certe
699 2457 755 2522 ille
773 2479 839 2522 non
858 2457 981 2523 debent
1003 2459 1035 2523 ei
1054 2480 1168 2523 nocem
1189 2481 1249 2523 nec

135 2563 303 2629 Willelmo
328 2563 448 2640 ualere,
477 2562 556 2648 quie
585 2563 692 2649 prima
720 2573 812 2627 certa
839 2563 927 2628 facta
956 2564 1020 2628 suit
1043 2564 1182 2629 Ricardo
1206 2565 1248 2629 de

134 2666 274 2731 Humat’
297 2674 331 2731 et
358 2665 531 2731 heredibus
555 2666 631 2743 suis,
658 2674 692 2731 et
715 2668 882 2753 predictus
906 2666 1090 2733 Willelmus
1111 2692 1176 2733 non
1198 2676 1249 2734 est

134 2770 227 2835 heres
250 2768 392 2844 Ricardi,
416 2776 451 2833 et
474 2768 549 2833 ideo
571 2769 629 2833 illa
652 2778 741 2833 certa
764 2792 830 2833 non
853 2768 957 2834 debet
973 2770 1005 2835 ei
1026 2792 1150 2847 nocere,
1171 2770 1249 2856 quia

133 2894 230 2937 nemo
256 2880 367 2958 potest
391 2870 466 2936 inde
490 2871 681 2935 warentiam
704 2879 827 2958 petere,
852 2872 916 2936 nisi
942 2872 1077 2938 heredes
1103 2872 1248 2937 eiusdem

134 2978 277 3043 Ricardi„
323 2978 374 3042 De
389 2976 532 3041 secunda
545 2985 635 3042 carta
649 2976 729 3042 dicit
744 2978 832 3063 quod
846 2977 933 3042 idem
948 2977 1134 3042 Willelmus
1148 2976 1249 3043 nichil

134 3082 281 3147 ostendit
306 3080 347 3146 de
371 3081 455 3145 dono
481 3080 568 3165 quod
591 3080 750 3145 Ricardus
772 3080 813 3146 de
836 3081 972 3146 Humat’
994 3081 1110 3147 debuit
1136 3082 1248 3146 fecisse

134 3186 284 3271 predicto
299 3184 489 3272 Engelardo‚
505 3194 539 3249 et
554 3184 628 3249 ideo
641 3184 775 3250 uidetur
789 3185 821 3249 ei
835 3185 921 3270 quod
935 3194 1026 3251 oerta
1039 3186 1132 3251 Dom
1148 3185 1250 3272 Regis

134 3290 173 3355 de
197 3288 447 3355 confirmacione
474 3310 539 3351 non
565 3288 664 3353 debet
690 3288 720 3353 ei
746 3310 868 3354 nocere.
914 3290 961 3353 Et
989 3298 1145 3375 preterea,
1172 3289 1249 3354 licet

133 3393 221 3459 idem
249 3392 437 3457 Willelmus
462 3400 574 3457 teneat
600 3391 641 3456 de
665 3392 759 3457 Dom.
786 3391 887 3478 Rege,
916 3392 1044 3456 nullum
1074 3392 1249 3457 seruicium

133 3498 328 3563 nominatur
341 3496 376 3560 in
391 3496 488 3560 cartis
503 3496 597 3560 Dom.
618 3495 726 3581 Regis,
742 3503 793 3559 set
813 3503 900 3560 term
919 3494 977 3559 ille
994 3504 1045 3561 eet
1060 3496 1101 3559 de
1116 3495 1251 3561 baronia

135 3602 287 3678 Comitis,
306 3610 341 3665 et
361 3600 477 3665 Comes
499 3600 568 3685 ipse
590 3621 718 3685 semper
739 3600 817 3665 feeit
838 3599 1012 3664 seruicium
1035 3621 1131 3664 suum
1152 3600 1248 3666 Dom.

134 3705 228 3792 Regi.
285 3704 330 3767 Et
359 3702 433 3767 ideo
463 3700 555 3767 Doni
586 3702 658 3766 Rex
694 3724 760 3767 non
788 3710 923 3768 tenetur
950 3712 1071 3768 terram
1099 3703 1189 3768 illam
1219 3704 1251 3769 ei

136 3808 359 3875 warentizere.

201 3914 248 3978 Et
280 3911 466 3977 Willelmus
491 3910 682 3997 dicitquod
708 3912 802 3976 Dom.
829 3911 900 3975 Rex
927 3920 977 3976 est
1005 3910 1041 3975 in
1064 3910 1184 3977 seisina
1208 3913 1250 3977 de

135 4019 277 4085 seruicio
298 4040 365 4095 suo,
385 4016 451 4081 scil.
470 4016 511 4081 de
533 4014 626 4080 feodo
648 4015 745 4080 unius
767 4014 891 4093 militis,
905 4022 940 4079 et
962 4023 1178 4079 antecessores
1199 4016 1253 4081 sui

136 4142 268 4209 semper
283 4121 430 4185 fecerunt
445 4118 618 4183 seruioium
632 4118 715 4183 illud
730 4119 824 4184 Dom
841 4118 926 4205 Regi
940 4118 1083 4183 Henrico
1103 4126 1138 4182 et
1157 4118 1251 4183 Dom.

136 4228 290 4315 Regibus
310 4224 447 4289 Ricardo
467 4233 502 4289 et
523 4223 675 4301 Johanni,
697 4224 747 4289 ita
768 4223 854 4309 quod
876 4224 970 4289 Dom.
995 4224 1065 4289 Rex
1084 4224 1254 4289 Johannes

171 4373 178 4405 ¹
196 4372 273 4423 Corr.
288 4372 412 4421 Ricardur
423 4386 432 4429 ‚·
449 4372 514 4427 Ric'.
527 4372 557 4420 B.
725 4369 774 4420 hes
782 4371 855 4433 patri
866 4368 964 4419 erased.

169 4440 180 4469 ²
198 4436 305 4502 Supply
319 4444 393 4499 poter
407 4452 474 4491 sure.
487 4437 517 4485 Β.
552 4435 607 4485 'rue
619 4438 672 4486 tert
