3167 5075
474 387 616 450 srnrnr,
638 387 702 437 an.
729 374 823 449 1225,
844 389 907 439 aa.
930 376 960 439 9.
1225 380 1265 441 81

153 562 279 629 dimisit
294 584 355 649 per
369 562 544 649 plenium,
554 569 589 627 et
604 561 683 649 quia
696 560 797 627 nichil
810 584 870 649 per
883 561 1121 629 districcionem
1132 563 1223 629 illam
1234 566 1267 631 ei
1295 623 1297 626 .

152 768 263 833 tenuit
278 790 317 833 eo
331 766 420 855 quod
433 767 545 833 nullus
559 790 613 833 eos
627 768 727 855 peciit
746 790 807 855 per
824 768 992 856 pleuinam
1011 791 1072 835 nec
1091 770 1266 837 seruicium

150 870 184 935 ei
204 870 310 936 facere
330 870 448 949 uoluit,
468 878 503 937 et
522 871 596 957 iiij.¹
615 871 704 958 cepit
727 880 801 938 octo
823 872 925 938 boues
948 880 983 938 et
1006 872 1116 938 tenuit
1138 896 1160 940 a
1182 875 1267 940 festo

151 974 185 1041 S.
202 975 340 1041 Martini
354 999 458 1063 usque
473 976 516 1043 ad
529 976 654 1042 Pascha
666 976 716 1042 ita
730 976 819 1064 quod
832 999 862 1043 v.
876 976 977 1043 boues
991 1000 1033 1042 ex
1047 977 1112 1043 illis
1131 977 1265 1044 interim
1366 963 1370 980 ⁵

150 1079 276 1145 mortui
290 1081 424 1146 fluerunt
438 1080 480 1146 de
494 1080 634 1146 morina¹
648 1080 684 1146 in
698 1080 847 1147 custodia
860 1102 921 1146 sua
934 1102 991 1167 pro
1011 1080 1141 1147 defectu
1161 1080 1265 1169 ipsius

148 1181 175 1247 J
175 1181 314 1247 ohannis
329 1205 367 1249 eo
383 1182 469 1270 quod
483 1183 595 1249 nullus
608 1206 663 1249 eos
678 1191 790 1270 petere
805 1183 913 1249 uoluit
926 1206 985 1271 per
998 1184 1173 1272 pleuinam.
1219 1186 1264 1251 Et

148 1282 235 1349 dicit
249 1283 336 1371 quod
350 1282 458 1351 adhuc
473 1284 504 1349 ei
518 1293 624 1351 aretro
640 1293 691 1351 est
705 1286 880 1351 seruicium
894 1308 992 1353 suum
1006 1295 1042 1352 et
1056 1286 1143 1375 quod
1156 1287 1206 1352 ita
1219 1286 1264 1353 sit

148 1397 186 1455 et
209 1389 298 1477 quod
319 1390 399 1455 alibi
420 1413 486 1457 non
499 1390 588 1477 cepit
602 1391 714 1457 aueria
727 1391 785 1457 illa
799 1391 950 1477 producit
963 1398 1087 1458 sectam
1101 1391 1263 1458 sufficien-

149 1500 302 1581 temque
317 1493 378 1559 hoc
393 1502 545 1563 testatur.
563 1492 569 1583 Ι

218 1598 264 1663 Et
278 1598 419 1665 Thomas
433 1599 579 1667 defendit
592 1598 680 1688 quod
693 1622 760 1665 non
774 1599 862 1685 oepit
877 1621 932 1665 eos
945 1599 981 1664 in
996 1606 1084 1666 terra
1096 1598 1139 1665 de
1149 1600 1263 1688 Useby

149 1701 254 1767 immo
276 1701 313 1767 in
331 1710 419 1769 terra
440 1726 539 1791 quam
559 1710 652 1769 tonet
671 1702 713 1769 de
732 1702 828 1769 Dona
847 1702 949 1789 Rege,
967 1708 1019 1767 set
1041 1724 1157 1769 reuera
1177 1702 1263 1771 bene

148 1804 301 1870 concedit
316 1812 351 1871 et
365 1805 530 1893 cognoscit
545 1804 632 1893 quod
646 1804 798 1871 dominus
812 1826 891 1870 suus
905 1812 999 1871 tenet
1012 1803 1054 1869 de
1068 1804 1262 1883 Alexandro,

150 1916 205 1973 set
227 1931 286 1995 pro
310 1908 366 1975 illo
389 1908 526 1975 seruicio
545 1932 611 1975 non
631 1908 718 1995 cepit
737 1907 923 1975 Alexander
942 1908 1053 1974 aueria
1071 1930 1139 1975 sua
1182 1909 1263 1975 Dies

151 2011 251 2079 datus
265 2022 317 2079 est
331 2013 379 2079 eis
393 2021 452 2079 etc
469 2014 510 2079 de
526 2013 688 2080 audiendo
703 2011 823 2079 iudicio
837 2035 897 2079 suo
911 2020 973 2079 etc.

218 2116 258 2183 'J
258 2118 398 2183 ordanus
411 2118 452 2183 de
466 2118 586 2205 Auney
600 2126 635 2183 et
649 2116 706 2183 alii
721 2125 786 2183 tres
798 2116 920 2181 milites
930 2115 1021 2181 missi
1030 2116 1074 2182 ad
1084 2116 1262 2184 Radulfirm

150 2220 194 2286 de
209 2220 300 2287 Aure
315 2222 373 2309 qui
387 2245 422 2288 se
438 2222 614 2289 essonisuit
628 2222 669 2287 de
684 2222 771 2287 malo
792 2221 871 2287 lecti
892 2243 1006 2287 uersus
1027 2221 1198 2286 Warinum
1220 2221 1262 2288 de

151 2322 392 2389 Dencheurthe
421 2323 463 2390 de
491 2324 613 2411 placito
642 2331 727 2389 terre
756 2323 949 2401 nominato⁴,
975 2330 1011 2389 et
1035 2322 1150 2390 dicunt
1174 2321 1262 2410 quod

150 2424 328 2511 languidus
353 2434 404 2492 est
428 2435 463 2491 et
489 2426 576 2513 quod
602 2433 780 2513 posuerunt
806 2426 837 2491 ei
862 2427 951 2494 diem
976 2427 1077 2493 tercia
1106 2427 1158 2493 die
1187 2437 1263 2515 post

151 2529 275 2595 festum
289 2528 406 2596 Yllsrii
419 2530 509 2618 apud
523 2530 651 2596 Turrim
672 2530 847 2598 Londonie.
891 2530 986 2598 Idem
1005 2530 1102 2598 datus
1121 2541 1172 2599 est
1191 2532 1262 2600 dies

151 2633 288 2700 Warino
301 2633 344 2712 in
352 2633 461 2702 banco.

218 2737 392 2804 ‘Ricardus
400 2738 487 2804 filius
496 2737 587 2804 Petri
597 2737 771 2804 ammiauit
781 2737 915 2804 assisam
926 2739 1040 2804 mortis
1051 2740 1262 2806 antecessoris

150 2864 261 2908 coram
282 2841 468 2909 iusticiariis
489 2842 606 2908 ultimo
628 2842 860 2910 itinerantibus
881 2865 995 2909 uersus
1016 2843 1198 2911 Robertum
1219 2844 1261 2910 de

152 2946 294 3013 Camere
312 2945 353 3012 de
373 2969 440 3012 uua
458 2945 540 3034 uirg.
562 2953 647 3011 terre
667 2967 740 3011 curn
763 2954 844 3032 pert.
865 2945 901 3011 in
920 2945 1103 3012 Hakedena
1126 2955 1188 3013 etc.
1212 2947 1262 3015 ita

150 3048 239 3136 quod
259 3047 347 3114 idem
367 3048 530 3114 Robertus
549 3069 656 3113 coram
676 3045 800 3112 eisdem
819 3046 1006 3112 iusticiariis
1028 3047 1161 3113 uocauit
1184 3047 1262 3114 inde

148 3153 195 3220 ad
205 3161 388 3218 warantum
398 3153 602 3218 willelmum
616 3151 780 3240 quondam
791 3151 988 3238 Episcopum
1000 3151 1264 3218 Couintrensem⁶

149 3256 210 3346 qui
233 3257 451 3322 summonitus
474 3256 538 3322 fuit
560 3262 611 3322 set
634 3265 748 3343 postea
770 3263 902 3342 propter
922 3256 1142 3342 egritudinem
1159 3257 1262 3343 ipsius

151 3361 307 3448 Episcopi
320 3384 359 3426 eo
373 3359 461 3447 quod
471 3382 641 3446 percussus
651 3359 799 3446 paralesy
809 3359 899 3445 loqui
909 3380 974 3424 non
985 3359 1095 3446 potuit
1105 3360 1262 3425 remansit

149 3465 254 3534 assisa
267 3466 325 3531 illa
338 3465 409 3531 sine
423 3464 477 3531 die
491 3487 550 3552 per
563 3471 755 3551 preceptum
768 3464 863 3530 Dorn
876 3463 984 3551 Regis
1030 3464 1074 3529 Et
1085 3464 1164 3550 quia
1173 3463 1262 3534 idem

151 3571 334 3657 Episcopus
356 3577 505 3635 mortuus
528 3577 579 3634 est
602 3577 637 3634 et
660 3568 745 3634 alius
768 3567 931 3646 successit,
954 3567 1189 3633 resummonita
1211 3576 1263 3633 est

149 3673 283 3760 loquela
311 3672 370 3739 illa
397 3673 433 3738 in
461 3671 575 3738 eodem
604 3677 695 3736 stetu
724 3693 790 3757 quo
820 3679 900 3736 tunc
928 3670 1085 3739 remansit
1116 3670 1264 3758 predicta

149 3775 327 3852 occasione.

220 3879 266 3944 Et
275 3878 439 3945 Robertus
448 3879 542 3945 uenit
554 3887 589 3944 et
599 3887 697 3944 uocat
707 3878 783 3945 inde
795 3878 1029 3944 adwarantum
1039 3878 1263 3945 Alexandrum

151 3983 352 4072 Episcopum
365 3981 639 4049 Couintrensem'.
668 3982 802 4047 Habeat
813 4003 889 4047 eum
901 3980 961 4046 tali
971 3980 1025 4046 die
1036 4003 1096 4068 per
1105 3982 1265 4049 auxilium

150 4087 244 4156 curie
260 4094 296 4152 et
310 4107 422 4152 ornnes
436 4086 653 4174 recognitores
668 4083 741 4152 etc.⁸

186 4225 198 4323 ζ
214 4225 288 4275 Gorr.
300 4231 399 4303 paam,
410 4225 442 4276 B.
767 4223 779 4322 ἰ
796 4223 877 4301 B-rn.
889 4225 915 4275 7.
1051 4287 1058 4301 ,

185 4290 358 4408 tun
767 4287 1265 4417 insatietatis.

186 4421 197 4453 ⁴
216 4421 289 4472 corr.
301 4423 409 4473 ueniant
420 4423 467 4472 not
477 4423 614 4485 nominato,
627 4420 660 4470 B.
767 4417 778 4449 ⁸
796 4419 899 4469 SooBr.
911 4419 930 4470 l.
943 4419 992 4468 392
1003 4419 1028 4470 b.

244 4533 278 4584 r.
302 4535 352 4586 111.
435 4518 459 4546 ¹*
1159 4521 1177 4582 6
