3167 5075
270 448 274 455 .
352 395 413 461 196
565 409 682 459 consu
705 408 803 472 snos,
825 407 890 458 sn.
914 390 1072 470 1236-7,
1094 408 1156 457 aa.
1181 394 1231 457 21.

352 578 439 665 quod
453 578 524 665 ipsa
540 578 625 664 petit
639 577 749 643 dotem
764 599 857 642 suam
871 576 956 641 sicut
970 577 1028 641 illa
1044 599 1108 663 que
1128 577 1192 642 fuit
1211 576 1358 663 predicto
1373 578 1459 643 wil-

353 681 449 747 lelmo
462 681 664 768 desponsata,
678 689 712 746 et
727 679 814 767 quod
827 679 877 744 ita
890 678 955 744 fuit
968 678 1162 764 desponsata
1176 680 1276 746 habet
1289 680 1461 767 probacio·

354 806 428 850 nem
442 784 656 850 sufficientem
671 783 699 847 si
714 805 795 870 opus
809 783 915 848 fuerit.

419 890 463 954 Et
492 888 599 954 Adam
628 887 709 954 dicit
738 886 825 974 quod
850 886 951 952 nichil
975 887 1037 951 scit
1062 887 1149 974 quod
1174 887 1320 973 predicta
1344 888 1462 975 Agnes

353 1014 508 1078 umquem
530 998 615 1057 esset
636 990 830 1075 desponsata
848 990 1014 1054 Willelmo
1035 990 1128 1055 fratri
1148 1013 1216 1069 suo,
1235 999 1270 1055 et
1290 991 1351 1055 hoc
1372 992 1462 1055 bone

354 1102 446 1179 patet
460 1094 546 1180 quod
557 1115 735 1178 numquam
747 1092 812 1157 suit
822 1091 1015 1179 desponsata
1026 1093 1103 1179 quia
1113 1116 1178 1158 non
1189 1094 1295 1157 multo
1309 1102 1462 1177 tempore

355 1205 516 1263 transacto
537 1196 638 1283 peciit
661 1196 790 1283 ipsein
815 1197 923 1262 uirum
948 1196 1111 1283 quendam
1133 1197 1328 1262 Nicholaum
1352 1196 1462 1260 filium

354 1302 452 1367 Alani
466 1302 506 1367 de
521 1300 723 1388 Wigenhale‚
738 1308 788 1365 set
803 1301 906 1365 nescit
921 1301 1061 1387 qualiter
1075 1302 1151 1366 iude
1164 1302 1304 1366 recessit.

419 1406 464 1470 Et
484 1405 561 1490 quia
582 1403 726 1468 nescitur
747 1412 859 1467 utrum
881 1404 1046 1488 predictus
1067 1403 1174 1468 Adam
1194 1403 1281 1468 filius
1301 1402 1466 1467 willelmi

356 1509 438 1573 uelit
459 1506 583 1594 aliquid
601 1507 680 1571 iuris
698 1506 836 1571 clamare
851 1506 886 1570 in
902 1515 988 1572 terra
1002 1507 1059 1572 illa
1073 1507 1127 1572 uel
1142 1530 1215 1583 non,
1230 1505 1303 1572 ideo
1316 1529 1464 1571 summo-

356 1621 472 1677 neatur
486 1610 572 1696 quod
587 1610 630 1675 sit
645 1609 705 1674 tali
723 1609 775 1675 die
796 1609 839 1673 ad
858 1610 1114 1698 cognoscendum
1136 1609 1217 1695 quid
1237 1610 1317 1675 iuris
1338 1611 1464 1675 clamat

356 1720 390 1783 in
406 1728 492 1783 terra
506 1718 569 1783 illa

421 1824 613 1911 Preceptum
642 1822 707 1887 fuit
735 1820 918 1886 uicecomiti
950 1821 1036 1906 quod
1070 1820 1247 1906 diligenter
1281 1820 1466 1905 inquireret

279 1940 304 1967 ⁰·
355 1936 514 2016 quantum
537 1936 621 1992 terre
643 1928 754 2012 Agnes
775 1923 816 1988 de
838 1923 991 1989 Wahulla
1011 1924 1121 1989 tenuit
1141 1923 1183 1989 de
1205 1924 1298 1989 Dom
1314 1924 1408 2010 Rege
1428 1924 1465 1988 in

357 2032 462 2117 eapite
477 2031 511 2095 in
526 2029 648 2095 balliua
662 2052 721 2093 sua
735 2038 769 2093 et
784 2050 843 2115 per
856 2027 943 2114 quod
957 2029 1130 2093 sordicium
1144 2038 1180 2094 et
1194 2036 1355 2115 quantum
1374 2038 1467 2093 terra

357 2136 413 2201 illa
441 2136 551 2200 ualeat
579 2156 638 2219 per
666 2155 788 2197 annum
818 2140 853 2197 et
881 2132 954 2217 quis
982 2133 1026 2197 sit
1057 2132 1266 2219 propinquior
1298 2132 1394 2198 heres
1430 2145 1467 2197 ct

357 2238 601 2324 inquisicionem
630 2234 786 2300 mitteret.
832 2235 876 2299 Et
905 2235 995 2300 misit
1020 2235 1266 2321 inquisicionem
1292 2259 1356 2322 que
1387 2238 1467 2302 talis

357 2350 407 2405 est
429 2339 514 2426 quod
536 2342 647 2425 Agnes
668 2337 709 2403 de
730 2337 884 2402 Wahulla
903 2338 1012 2403 tenuit
1031 2338 1072 2403 de
1090 2338 1183 2403 Dom
1199 2339 1290 2425 Rege
1304 2339 1341 2403 in
1355 2340 1466 2427 capite

357 2444 391 2509 in
413 2442 567 2509 Wahulla
592 2442 648 2528 iiij
671 2449 838 2505 carucatas
860 2448 946 2506 terre
971 2464 1046 2507 cum
1071 2450 1152 2529 pert
1180 2465 1243 2529 que
1268 2443 1385 2509 ualent
1407 2467 1469 2531 pcr
1558 2506 1559 2519 ,

357 2569 479 2614 annum
494 2548 559 2634 xlij.
576 2547 681 2624 libras,
695 2546 730 2609 in
750 2545 932 2632 Brocbergo
951 2544 997 2631 iij.
1012 2554 1177 2612 carucatas
1191 2556 1276 2613 terre
1291 2570 1368 2613 eum
1383 2560 1466 2635 pert

358 2675 421 2739 que
443 2653 556 2719 ualent
576 2674 635 2737 per
656 2673 777 2716 annum
799 2650 854 2736 xij.
878 2650 985 2727 libras,
1006 2659 1041 2715 et
1062 2649 1098 2715 in
1123 2651 1340 2740 langefordia
1363 2677 1467 2741 quam

358 2757 520 2821 Robertus
537 2754 719 2842 Anguilluu
739 2753 849 2819 tenuit
868 2753 904 2819 in
923 2753 1034 2820 dotem
1053 2754 1086 2841 ij.
1102 2765 1267 2822 mruoatas
1286 2766 1375 2824 terra
1390 2783 1468 2826 cum

359 2870 439 2948 pert.
451 2884 513 2947 que
529 2860 640 2926 ualent
649 2881 706 2946 per
717 2882 839 2924 annum
851 2859 895 2925 xl.
907 2859 1014 2926 libras.
1051 2859 1233 2926 Seruicium
1244 2861 1467 2947 predictomm

359 2963 574 3030 maneriorum
588 2962 738 3028 nesciunt
751 2983 909 3048 separare,
924 2961 1002 3048 quia
1016 2968 1088 3026 tota
1100 2961 1235 3028 baronia
1254 2963 1295 3028 de
1310 2964 1470 3033 Wahulla

359 3070 486 3157 integra
500 3066 671 3154 respondet
682 3067 776 3132 Dom.
788 3067 874 3153 Regi
884 3088 942 3153 pro
953 3089 1024 3131 xxx
1037 3066 1204 3162 mihQrs
1243 3069 1288 3132 Et
1298 3069 1322 3134 ‚J
1322 3068 1470 3136 ohannes

359 3173 399 3238 de
415 3172 630 3259 Basingeham
646 3169 731 3235 filius
745 3169 891 3255 predicte
911 3155 1123 3256 Agnetis'est
1143 3170 1354 3258 propinquior
1374 3174 1470 3240 heres

360 3299 436 3342 erus

425 3381 468 3444 Et
483 3378 666 3443 Willelmus
679 3375 766 3441 filius
780 3375 906 3441 Warini
923 3386 1148 3442 summonetur
1165 3378 1206 3442 ad
1227 3379 1469 3446 ostendendum

359 3483 438 3570 quid
452 3481 531 3548 iuris
545 3481 663 3546 clamat
677 3478 712 3543 in
728 3486 815 3542 terra
828 3499 892 3563 que
903 3479 967 3543 suit
982 3478 1128 3564 predicte
1142 3482 1290 3569 Agnetis

425 3588 468 3652 Et
497 3585 680 3652 Willelmus
709 3584 803 3649 uenit
831 3593 867 3649 et
894 3584 975 3650 dicit
1009 3585 1097 3672 quod
1133 3585 1250 3653 habuit
1285 3590 1469 3675 predictam

359 3693 522 3779 Agnetem
537 3689 772 3772 desponsatam,
787 3693 822 3750 et
836 3686 877 3752 de
892 3709 932 3752 ea
944 3687 1063 3754 habuit
1083 3689 1199 3755 liberos
1219 3701 1287 3757 tres
1299 3692 1344 3758 ad
1358 3695 1470 3760 minus

360 3806 394 3860 et
409 3796 527 3861 clamat
542 3802 652 3858 tenere
667 3813 739 3856 eam
754 3790 797 3854 ad
812 3791 917 3856 uitam
931 3815 1024 3857 suam
1039 3815 1099 3879 per
1112 3794 1220 3881 legem
1234 3797 1367 3883 Anglie.

426 3898 470 3962 Et
494 3917 591 3982 super
616 3894 676 3960 hoc
699 3893 793 3959 uenit
814 3893 983 3960 Johannes
1005 3895 1047 3961 de
1073 3897 1305 3983 Basingeham¹
1328 3909 1365 3965 et
1388 3902 1471 3966 dicit

360 4000 446 4088 quod
467 3999 528 4063 hoe
549 4019 614 4061 non
634 3995 734 4060 debet
756 3995 787 4060 ei
810 4017 924 4060 nocere
945 3996 1024 4081 quia
1044 3997 1114 4083 ipse
1136 4008 1187 4063 est
1208 4000 1295 4066 filius
1317 4011 1352 4067 et
1375 4003 1472 4070 heres

360 4102 503 4189 predicte
528 4098 668 4187 Agnetis
693 4106 728 4163 st
753 4097 893 4184 predicti
918 4099 1012 4184 pueri
1037 4101 1159 4166 mortui
1180 4111 1267 4180 sunt,
1288 4113 1324 4168 et
1345 4105 1375 4170 si
1397 4107 1471 4173 uiui

360 4213 468 4271 essent
482 4225 546 4268 non
561 4210 693 4288 possent
706 4223 775 4266 esse
791 4202 927 4267 waranti
944 4202 1030 4268 eius²
1043 4225 1104 4269 nec
1122 4203 1174 4269 ius
1193 4213 1304 4291 petere
1325 4207 1361 4272 in
1382 4217 1472 4276 terra

359 4359 400 4474 b:
411 4357 471 4474 tion
489 4357 517 4407 ot
532 4357 617 4420 Agnes
635 4355 668 4419 by
685 4354 731 4406 her
749 4356 809 4407 first
823 4355 885 4406 hus·
935 4357 1068 4473 ¹:mighem
1088 4357 1165 4408 could
1186 4364 1234 4409 not
1255 4368 1372 4412 vanam
1400 4364 1471 4415 their

393 4439 410 4472 n
946 4437 962 4473 a
1022 4459 1028 4472 .
