3167 5075
351 384 471 435 conen
493 384 591 444 enon,
613 384 677 435 nn.
703 371 862 447 1ἳ35-6,
884 386 946 438 ιιι
970 374 1021 437 20.
1174 374 1237 447 177

142 554 312 622 Robertum
335 556 472 623 Berdolf
496 565 731 623 antecessorem
761 558 864 645 ipsius
894 559 1011 639 Isolde,
1041 568 1076 627 et
1106 570 1236 633 tentum

140 661 284 744 processit
307 661 435 749 loquela
453 660 488 727 in
508 662 598 727 curie
616 661 709 728 Dom.
725 662 826 749 Regis
845 662 932 750 quod
946 664 1102 731 exhibitis
1116 665 1236 732 instru-

140 765 249 829 mentis
285 764 389 852 ipsius
423 766 575 831 Priorisse
611 766 704 831 uenit
737 766 826 832 idem
855 767 1018 833 Robertus
1047 769 1173 835 remisit
1202 779 1237 837 et

139 867 277 951 quietum
301 869 457 934 clamauit
481 868 587 934 eidem
613 869 766 935 Priorisse
792 878 900 935 totum
926 872 977 937 ius
1003 871 1091 958 quod
1118 874 1236 940 hebuit

137 968 323 1057 inpredicte
337 972 558 1038 ednoceoione.
636 982 640 990 “

194 1075 237 1140 Et
248 1076 416 1156 deulius,
427 1077 635 1163 Regineldns‚
646 1085 681 1144 et
692 1077 801 1144 Isolds
815 1079 954 1145 ueniunt
970 1088 1005 1145 et
1019 1080 1134 1148 dicunt
1147 1082 1235 1169 quod

136 1176 198 1262 ipse
226 1179 388 1245 Robertus
418 1180 553 1247 Bendolf
581 1182 783 1268 presentnuit
817 1183 860 1249 nd
895 1183 1032 1250 eandem
1067 1185 1235 1251 eeclesiam

135 1282 310 1367 predictum
347 1284 544 1350 Tsnbertum
581 1293 616 1351 et
651 1285 694 1351 ed
730 1288 1006 1373 presentationem
1042 1312 1135 1356 suem
1172 1290 1236 1356 fuis

135 1385 286 1453 admissus
305 1396 340 1453 et
359 1396 505 1475 tempore
525 1390 622 1477 pecie,
637 1398 671 1456 et
690 1390 766 1457 inde
786 1400 913 1478 ponunt
932 1416 967 1459 se
986 1416 1084 1481 super
1101 1394 1234 1463 assisam

133 1496 165 1553 et
178 1488 331 1557 Priorissa
345 1491 502 1559 similiter.
547 1537 550 1545 ·

192 1596 359 1662 Jurntores
380 1596 494 1663 dicunt
514 1598 601 1685 quod
620 1597 743 1665 domini
763 1598 804 1664 de
821 1584 893 1664 Ho¹
908 1599 963 1665 uel
982 1600 1076 1666 Dom.
1091 1600 1163 1667 Rex
1181 1610 1233 1667 set

133 1698 276 1765 nesciunt
306 1698 369 1766 utr’
398 1702 588 1767 antecessor’
617 1702 720 1789 ipsius
748 1702 873 1768 Isolde'
894 1712 1165 1789 presentenernnt
1189 1706 1233 1773 cd

133 1802 293 1869 eeclesiam
318 1803 453 1869 eandem
477 1804 639 1892 quendem
663 1806 844 1871 Robertum
867 1806 908 1872 de
931 1807 1087 1875 Hordonn
1108 1809 1167 1896 qui
1189 1810 1233 1877 ad

132 1908 402 1991 presentecionem
424 1930 516 1973 suem
538 1909 609 1973 siue
630 1932 741 1974 eorum
764 1910 829 1975 fuit
849 1910 1009 1977 admissus
1029 1920 1064 1977 et
1085 1920 1231 1999 tempore

131 2010 220 2095 pacis,
235 2019 271 2076 et
286 2019 413 2076 mortuo
428 2011 497 2097 ipso
511 2012 654 2077 Roberto
674 2014 841 2080 contencio
860 2015 925 2080 fuit
943 2014 1030 2080 inter
1047 2016 1231 2103 predictum

131 2113 305 2181 Robertum
321 2115 456 2181 Bardolf
466 2122 500 2180 et
515 2116 694 2202 predictam
709 2115 917 2183 Abbatissam
938 2118 986 2184 ita
1003 2120 1089 2207 quod
1104 2121 1232 2208 loquele

131 2217 264 2286 deducte
301 2221 365 2286 fuit
401 2244 508 2287 coram
543 2221 728 2288 iusticieriis
758 2224 851 2288 Doni
882 2222 1057 2289 Lodowici⁸
1085 2232 1230 2311 tempore

130 2344 246 2408 guerre,
261 2333 298 2389 et
312 2324 346 2389 in
362 2333 492 2391 tentum
506 2326 660 2413 prooessit
675 2326 762 2413 quod
772 2326 860 2393 idem
870 2328 1033 2395 Robertus
1043 2330 1230 2416 recognonit

129 2424 373 2493 nduocacionem
398 2428 488 2493 illem
513 2452 582 2494 esse
611 2430 663 2495 ius
691 2430 793 2516 ipsius
822 2431 996 2497 Abbatisse
1025 2440 1060 2496 et
1089 2432 1160 2519 ipse
1188 2433 1230 2499 ad

129 2528 319 2614 peticionem
341 2530 443 2619 ipsius
465 2532 599 2598 Roberti
620 2534 822 2620 presentauit
843 2534 1024 2622 predictum
1050 2535 1228 2602 Robertum

129 2631 166 2698 de
179 2635 337 2702 Herdona
349 2635 391 2702 sd
406 2637 541 2702 eandem
556 2637 732 2703 ecclesiam.
777 2638 821 2703 Et
836 2639 988 2725 quiahoc
1006 2640 1070 2704 fuit
1084 2648 1230 2727 tempore

129 2739 260 2822 guerre⁴‚
285 2739 524 2805 consideratum
548 2749 598 2805 est
624 2739 711 2826 quod
734 2740 910 2807 Abbatissa
934 2740 1034 2808 nichil
1059 2744 1147 2830 capit
1171 2766 1232 2830 per

129 2841 253 2908 assisam
268 2843 369 2909 istem
384 2851 418 2908 et
433 2843 476 2908 sit
490 2843 525 2908 in
540 2843 757 2910 misericordia
773 2867 832 2931 pro
851 2845 973 2910 iniusto
987 2845 1229 2932 impedimento.

129 2943 168 3008 Et
189 2947 266 3032 quia
287 2969 355 3011 non
376 2955 453 3012 sunt
474 2947 556 3012 certi
576 2954 689 3012 utrum
711 2947 834 3012 domini
854 2948 895 3013 de
910 2948 964 3014 Ηο
979 2950 1033 3014 uel
1046 2949 1141 3016 Dom.
1156 2948 1228 3016 Rex

127 3053 326 3132 presentsuit
354 3051 396 3117 nd
425 3051 562 3117 eandem
593 3050 761 3117 eeclesiam
796 3075 857 3118 nec
892 3075 958 3140 qua
992 3053 1119 3119 racione
1154 3053 1228 3120 ideo

129 3151 321 3238 loquendum
336 3177 411 3220 cum
424 3154 517 3220 Dom.
533 3155 632 3242 Rege.
676 3155 793 3221 Postea
814 3178 1000 3224 eoncessum
1022 3164 1072 3221 est
1090 3179 1112 3221 e
1132 3155 1228 3221 Dom,

128 3254 211 3344 Rege
225 3257 315 3344 quod
335 3257 386 3324 ius
404 3257 655 3344 presentscionis
674 3267 841 3324 remanent
859 3258 1014 3346 predictis
1033 3258 1173 3325 denlfo
1192 3267 1228 3325 et

128 3355 226 3427 Isolde
253 3371 293 3428 ut
320 3361 441 3427 custod'
466 3369 501 3426 et
527 3361 699 3428 heredibus
725 3362 928 3428 dominorum
952 3363 994 3428 de
1019 3363 1074 3428 Ηο
1099 3385 1227 3449 exque

128 3461 242 3532 hebent
257 3467 441 3532 manerium
455 3489 530 3532 oum
544 3475 625 3553 pert.
640 3466 682 3533 sd
700 3467 795 3554 qn0s⁵
808 3468 981 3534 cduoescio
999 3468 1057 3534 ille
1075 3469 1226 3555 pertinet.

128 3563 167 3630 Et
179 3566 251 3644 ideo
266 3571 412 3636 habeant
426 3571 525 3638 breue
539 3571 582 3637 cd
596 3571 781 3658 episcopum
796 3571 865 3638 loci

35 3667 96 3731 3104-
186 3675 343 3742 Michera
357 3675 529 3743 Comitissa
548 3675 713 3741 Penbrok‘
726 3698 785 3763 per
804 3684 1006 3742 ettomatum
1025 3698 1120 3742 suum
1140 3677 1225 3763 petit

127 3795 232 3843 uersus
254 3777 433 3844 Fulconem
455 3778 560 3845 filium
579 3779 704 3845 Wan'ni
724 3786 832 3844 totum
851 3780 1032 3845 manerium
1051 3779 1093 3845 de
1106 3779 1226 3845 Wsne-

128 3878 211 3966 tinge
225 3905 302 3948 cum
318 3891 398 3970 pert
414 3883 499 3970 quod
514 3883 634 3949 clamat
649 3891 759 3948 tenere
780 3883 821 3949 de
841 3884 934 3949 Dorn
950 3885 1041 3972 Rege
1060 3884 1102 3950 nd
1122 3884 1226 3951 uitem

156 4084 246 4138 1Ηοο.
731 4087 804 4137 ⁴131.
815 4087 933 4138 tuot.

155 4149 236 4202 'iffi
252 4151 304 4202 hes
324 4167 340 4202 n
357 4153 565 4216 stopsiterH0‚
581 4153 649 4204 efter
731 4153 919 4217 ‘corrosos

127 4217 423 4282 «inmundissimos.
732 4217 844 4268 ⁸Sintes·
865 4219 894 4267 ot
914 4217 960 4268 the
985 4217 1063 4280 king,
1085 4217 1177 4268 widow
1197 4219 1226 4268 ot

155 4280 166 4313 ²
182 4282 234 4332 Son
249 4283 277 4332 oi
293 4283 339 4332 the
354 4283 423 4346 King
434 4283 462 4333 of
472 4283 588 4344 Frenee3
606 4283 646 4332 in·
698 4281 816 4333 Willism
827 4282 1007 4333 Mershsllthe
1013 4297 1136 4346 younger,
1147 4283 1225 4334 nitet

126 4343 385 4463 {egedlfinglrprffiin
401 4347 479 4409 121&
497 4348 648 4401 afterwards
699 4347 783 4400 words
793 4348 852 4400 wife
863 4348 891 4399 ot
901 4347 993 4400 Simon
1004 4349 1035 4399 de
1046 4348 1183 4400 Montiort.

174 4427 190 4474 g
237 4427 281 4462 ms
359 4452 366 4467 .

205 4529 240 4578 ιι
264 4529 315 4580 111.
1097 4515 1138 4577 12
