3167 5075
349 381 586 467 messanicus,
607 400 673 453 nn.
697 385 791 464 1217,
813 399 876 452 aa
901 389 995 453 1-2.
1160 384 1226 454 315

124 572 254 660 lolresop'
265 566 301 639 et
311 574 445 641 terciam
459 580 587 661 partem
598 573 622 660 j.
634 573 794 661 mesuagii
808 582 843 639 et
857 574 991 640 terciam
1005 582 1134 662 partem
1144 576 1225 663 xiiij.

122 677 204 743 solid.
218 677 366 743 redditus
379 700 454 744 cum
475 686 556 765 pert.
572 679 608 744 in
628 678 741 744 eadem
762 678 844 743 uilla
862 686 901 744 ut
920 679 1031 744 dotem
1050 669 1143 744 suam
1165 687 1226 746 etc.

122 782 162 845 Et
183 781 244 869 ipsi
271 783 387 847 nolunt
410 781 603 869 respondere
633 782 702 848 sine
732 790 877 847 waranto
905 804 964 847 suo
992 783 1034 849 de
1062 782 1138 849 dote
1160 805 1229 861 sua,

121 884 235 949 seilicet
266 884 391 950 Thema
418 884 486 949 filio
515 892 550 950 et
581 885 699 951 herede
728 884 868 971 predicti
896 886 1017 973 Rogeri
1042 886 1099 973 qui
1120 894 1171 952 est
1192 888 1228 953 in

121 987 261 1053 custodia
283 987 420 1054 Walteri
445 990 485 1054 de
508 988 710 1077 Winelegha.
755 990 800 1055 Et
822 990 895 1055 ideo
917 990 1155 1056 consideratum
1177 999 1228 1056 est

121 1091 200 1176 quod
214 1092 380 1157 Walterus
394 1092 561 1178 predictus
575 1100 821 1157 summoneatur
840 1093 927 1179 quod
947 1092 991 1159 sit
1010 1094 1071 1159 tali
1090 1094 1144 1159 die
1166 1101 1227 1160 etc.

121 1203 152 1259 et
163 1195 208 1261 ibi
223 1195 346 1261 habeat
360 1194 436 1261 etc.¹
481 1195 525 1259 Et
539 1194 647 1260 Alicia
660 1196 754 1281 ponit
769 1195 838 1261 loco
853 1218 913 1261 suo
927 1206 987 1263 etc

55 1298 89 1361 15.
178 1298 334 1363 Matheus
362 1298 403 1364 de
431 1298 570 1385 Wallop'
598 1297 816 1364 summonitus
844 1299 910 1365 fuit
938 1300 981 1365 ad
1016 1322 1086 1367 esse
1120 1324 1226 1367 coram
1270 1339 1272 1342 ·

119 1401 299 1467 iusticiariis
326 1409 512 1467 ostensurus
537 1401 624 1489 quod
647 1401 707 1474 ius
722 1402 823 1468 habet
848 1411 883 1468 et
906 1404 1025 1469 habere
1050 1406 1170 1471 clamat
1191 1406 1227 1471 in

119 1506 260 1571 custodia
282 1506 416 1571 carceris
437 1506 605 1571 Wintonie
627 1528 702 1571 cum
724 1508 935 1593 pertinenciis
963 1509 1031 1574 suis
1056 1517 1116 1575 eto
1139 1510 1226 1576 uude

120 1608 298 1674 Willelmus
321 1610 361 1675 de
387 1610 440 1673 Ηο
464 1609 608 1675 ostendit
633 1610 720 1697 quod
746 1611 841 1678 Dom.
865 1613 937 1677 Rex
959 1612 1117 1678 Ricardus
1136 1613 1228 1680 dedit

119 1713 147 1777 ei
169 1735 226 1799 pro
249 1712 401 1801 homagio
426 1720 461 1779 et
481 1714 618 1779 seruicio
637 1737 696 1779 suo
716 1715 896 1782 custodiam
911 1718 1045 1783 carceris
1059 1718 1228 1784 Wiutonie

120 1840 186 1883 cum
215 1826 306 1883 terra
335 1818 375 1883 de
404 1818 583 1884 Wodeeota
597 1842 686 1885 eum
718 1821 927 1907 pertinenciis
963 1823 1148 1909 pertinente
1184 1824 1228 1891 ad

119 1922 253 1988 eundem
284 1912 453 2000 carcerem,
475 1922 562 1989 unde
592 1924 660 2010 ipse
690 1925 754 1990 fuit
780 1924 910 1991 seisitus
935 1934 975 1991 ut
999 1926 1041 1991 de
1064 1927 1135 1993 iure
1165 1935 1224 1993 etc.
1360 1921 1362 1924 ’

120 2034 261 2113 tempore
282 2026 377 2093 Dom.
394 2026 495 2113 Regis
513 2027 545 2093 J.
560 2028 717 2114 capiendo
736 2027 814 2093 iude
834 2030 966 2115 expleta
984 2030 1026 2095 ad
1045 2031 1226 2097 ualenciam

120 2140 173 2197 etc

178 2235 222 2300 Et
249 2234 405 2301 Mothous
430 2234 524 2299 uenit
553 2242 587 2300 et
616 2236 763 2303 defendit
785 2236 838 2302 ius
865 2259 961 2302 suum
991 2246 1050 2304 etc
1077 2246 1112 2304 et
1139 2238 1254 2325 petit·

119 2338 220 2404 uisum
236 2339 279 2403 de
294 2346 382 2405 terra
395 2338 436 2403 de
452 2338 635 2405 Wodeeota
682 2340 822 2406 Habeat
867 2341 948 2407 Dies
962 2349 1021 2408 ete.

55 2448 87 2512 lt.
176 2442 347 2508 «lohannes
369 2442 515 2507 Wecelin
539 2444 660 2528 optulit
680 2467 714 2509 se
734 2443 807 2530 ffijo
821 2443 875 2509 die
896 2467 1008 2512 uersus
1023 2446 1226 2513 Willelmum

119 2545 262 2611 Wacelin
281 2545 323 2610 de
343 2546 463 2631 placito
484 2545 572 2631 quod
588 2547 776 2612 warentizet
791 2547 823 2612 ei
837 2548 918 2614 dues
933 2572 1034 2615 carue.
1050 2557 1135 2616 terre
1150 2573 1225 2617 cum

118 2650 245 2734 pertin
261 2649 535 2736 Wiueliugeham‚
550 2673 630 2737 quas
645 2659 737 2716 tenet
753 2651 843 2716 etde
863 2674 901 2717 eo
920 2661 1032 2719 tenere
1052 2654 1172 2720 clamat
1191 2664 1225 2720 et

119 2753 200 2820 unde
214 2763 341 2820 cartam
356 2777 448 2820 suam
464 2754 564 2820 habet
579 2763 618 2820 ut
632 2754 712 2820 dielt
727 2763 786 2820 etc.

178 2860 224 2924 Et
238 2859 426 2925 Willelmus
446 2883 511 2925 non
532 2859 627 2924 uenit
649 2868 718 2937 etc,
734 2867 769 2925 et
784 2859 901 2926 habuit
920 2860 1008 2926 diem
1028 2885 1087 2948 per
1106 2862 1224 2929 esseni-

119 2969 238 3026 atorem
269 2984 374 3028 suurn
419 2963 464 3028 Et
488 2961 563 3026 ideo
585 2961 825 3027 consideratum
847 2963 1007 3049 estquod
1027 2965 1227 3030 attachietur

119 3065 200 3149 quod
226 3065 271 3130 sit
295 3064 354 3130 tali
373 3064 427 3130 die
451 3073 521 3142 etc,
536 3074 570 3130 et
589 3065 768 3131 uicecomes
789 3067 965 3153 diligenter
985 3069 1106 3154 inquiri
1128 3069 1226 3135 faeiat

119 3167 187 3252 quie
210 3168 256 3232 sit
277 3168 378 3254 Bowy
398 3168 439 3233 de
465 3169 659 3234 Suanetona
682 3170 740 3256 qui
765 3170 905 3236 eundem
925 3172 1126 3238 Willelmum
1146 3174 1225 3238 falso

119 3273 294 3338 essoniauit
315 3273 358 3338 ad
381 3273 563 3360 predictum
588 3273 773 3353 terminum,
790 3282 826 3340 et
845 3275 939 3340 illum
959 3277 1066 3362 capiat
1085 3284 1121 3342 et
1134 3278 1225 3343 saluo

119 3377 278 3443 custodiat
294 3377 395 3442 donec
409 3377 499 3442 aliud
514 3385 573 3442 etc

63 3497 86 3563 ’χ
179 3480 340 3545 Ricardus
354 3478 395 3544 de
411 3479 503 3544 Mara
512 3480 728 3546 summonitus
739 3481 804 3548 fuit
817 3482 860 3547 ad
874 3485 1109 3550 ostendendum
1124 3508 1224 3572 quare

118 3582 183 3669 ipse
198 3607 266 3648 non
283 3583 448 3669 permittit
467 3583 610 3649 Priorem
629 3584 670 3649 de
694 3585 844 3650 Mertona
865 3596 1051 3672 presentare
1074 3589 1223 3655 idoneam

118 3707 286 3769 personam
309 3685 352 3750 ad
377 3685 544 3751 ecclesiam
569 3686 609 3751 de
633 3687 816 3753 Twinstede
840 3710 903 3775 que
928 3698 1025 3756 uacat
1047 3699 1106 3757 etc
1131 3692 1224 3758 cuius

118 3787 364 3853 aduocacionem
394 3786 481 3852 idem
511 3788 602 3854 Prior
629 3789 709 3854 dicit
738 3789 780 3854 ad
809 3813 843 3856 se
872 3792 1034 3877 pertinere
1063 3802 1123 3859 etc.
1180 3796 1223 3861 Et

118 3889 275 3955 Rieaidus
300 3890 381 3955 dicit
405 3891 491 3977 quod
515 3891 586 3978 ipse
610 3893 695 3958 iuste
721 3893 859 3980 impedit
883 3895 960 3981 quia
987 3897 1153 3965 Johannes
1182 3900 1223 3967 de

118 3991 208 4058 Mara
237 3992 420 4058 auunculus
447 4016 525 4058 suus
553 3996 755 4081 presentauit
784 3997 936 4062 ultimam
963 4021 1132 4085 personam
1162 4011 1223 4070 ete

117 4097 239 4163 scilicet
265 4098 423 4162 Thomam
447 4097 488 4162 de
513 4099 666 4165 Sunbiria
691 4101 851 4179 clericum,
876 4111 911 4168 et
933 4111 1043 4189 preter
1065 4105 1223 4173 Thomam

115 4199 319 4284 presentauit
354 4201 423 4287 ipse
461 4203 634 4288 quemdam
670 4203 871 4270 Rannulfum
908 4207 965 4293 qui
995 4208 1113 4275 ultimo
1141 4210 1224 4276 obiit

117 4327 261 4390 persona
313 4306 358 4371 Et
387 4306 477 4373 Prior
506 4307 585 4374 dicit
614 4309 701 4395 quod
729 4309 798 4397 ipse
834 4313 1037 4396 presentauit
1073 4314 1222 4381 ultimam

584 4433 653 4487 ¹1³1.
666 4435 683 4488 s.
698 4437 754 4490 298.
