3167 5075
317 396 435 445 cosin
458 393 557 455 asoa
579 394 641 445 an.
667 380 847 457 1239—40,
870 395 932 445 na
957 383 1007 446 24.
1150 382 1214 452 297

120 592 172 636 nec
190 570 341 635 Matheus
360 569 401 635 de
417 569 577 657 Gamages
592 590 747 654 umquam
762 568 828 633 fuit
842 567 877 633 in
891 568 1010 634 seisina
1023 592 1083 635 nec
1097 569 1215 657 aliquis

120 675 194 739 alius
213 674 269 760 qui
290 682 419 739 teneret
441 673 621 738 manerium
644 673 685 737 de
709 672 890 751 Sotisdona‚
908 681 959 738 set
980 682 1073 739 tenet
1095 683 1214 740 terram

120 779 200 843 illam
213 778 252 843 de
267 778 402 843 baronia
415 778 438 843 J
440 777 576 843 ohannis
591 776 650 842 filii
665 778 772 855 Alani,
788 787 823 843 et
842 778 871 842 si
893 800 974 863 opus
993 778 1100 856 merit,
1115 787 1215 865 ponet

119 906 149 947 se
171 883 241 948 inde
266 905 364 968 super
393 882 543 968 patriam,
568 890 603 947 et
628 882 708 947 dicit
740 881 826 968 quod
857 881 957 947 habet
988 883 1064 948 inde
1091 892 1215 949 cartam

120 987 264 1053 Willelmi
279 988 339 1051 filii
360 986 458 1051 Alani
473 986 530 1051 aui
549 986 687 1071 predicti
707 986 868 1052 Johannis
887 995 922 1052 et
937 988 1215 1055 confirmacionem

120 1089 210 1176 Regis
238 1087 375 1153 Henrici
402 1099 437 1153 et
462 1088 534 1154 illas
560 1088 695 1154 habebit
722 1089 750 1155 si
774 1112 855 1175 opus
881 1090 979 1155 fuerit
1002 1090 1043 1155 ad
1069 1090 1157 1155 diem
1180 1099 1216 1155 et

121 1192 293 1272 terminum,
319 1200 354 1257 et
378 1191 465 1278 quod
489 1192 654 1278 predictus
676 1193 803 1257 Alanus
825 1214 885 1258 nec
908 1192 1026 1279 aliquis
1051 1193 1135 1259 alius
1158 1195 1215 1281 qui

119 1304 237 1362 teneret
254 1296 437 1361 manerium
461 1295 501 1361 de
517 1294 690 1361 Sotisdona
703 1318 762 1384 per
776 1305 992 1379 antecessores
1005 1299 1100 1364 Dom.
1114 1299 1216 1385 Regis

120 1424 265 1487 nmquam
294 1400 399 1466 seisiti
420 1401 553 1465 fuenmt
582 1410 632 1465 set
653 1401 723 1487 ipse
745 1410 780 1467 et
802 1410 1019 1467 antecessores
1047 1403 1100 1468 sui
1132 1404 1215 1469 illud

119 1528 237 1591 semper
254 1514 433 1571 tenuerunt
453 1505 538 1570 sicut
553 1505 593 1570 de
608 1505 805 1571 feofamento
818 1515 1057 1572 antecessorum
1076 1507 1215 1593 predicti

118 1611 266 1676 Johannis
283 1610 377 1697 ponit
392 1634 426 1675 se
449 1632 548 1697 super
560 1611 709 1697 patriam.
753 1613 805 1676 De
827 1612 914 1677 mola
932 1634 1011 1676 uero
1027 1611 1109 1677 dicit
1127 1612 1214 1698 qnod

118 1718 230 1782 nullam
252 1717 372 1782 molam
395 1716 471 1781 inde
498 1716 687 1803 asportauit,
710 1724 761 1782 set
783 1716 867 1782 bene
891 1716 1054 1802 cognoscit
1075 1724 1111 1781 et
1133 1716 1215 1781 dicit

118 1820 197 1905 quod
211 1820 347 1906 quedam
363 1820 449 1886 mola
464 1819 550 1884 facte
565 1819 628 1884 fuit
643 1828 876 1905 superterram
895 1842 987 1884 suam
1002 1819 1164 1905 propriam
1179 1828 1214 1884 et

118 1922 199 1987 illam
222 1922 411 2010 asportauit.
471 1922 516 1987 Et
545 1922 632 2008 quod
661 1922 785 1987 nullam
815 1922 935 1987 molam
963 1922 1143 2009 asportauit
1172 1923 1212 1987 de

118 2027 290 2093 molendino
306 2026 477 2093 Sotisdone
493 2026 614 2091 iniuste
629 2026 714 2091 sicut
734 2026 834 2091 breue
854 2025 943 2103 dicit,
959 2025 1052 2113 ponit
1066 2048 1101 2091 se
1115 2049 1214 2113 super

116 2130 252 2216 patriam
297 2130 377 2196 Dies
391 2130 488 2195 datus
503 2137 552 2195 est
567 2138 626 2195 etc

55 2228 86 2297 n.
173 2234 282 2301 Assios
299 2234 394 2299 uenit
415 2232 621 2321 recognitura
640 2232 668 2297 si
687 2233 873 2298 Willelmus
896 2233 936 2298 de
958 2232 1211 2321 Kassingetorpe
1263 2251 1339 2293 nont

116 2340 228 2405 iniuste
256 2348 291 2405 et
321 2339 391 2404 sine
427 2328 548 2403 iudicio
578 2346 638 2403 etc
669 2337 848 2403 disseisinit
876 2337 1078 2404 Willelmum
1107 2340 1212 2405 filium
1224 2358 1343 2449 ἱππ

116 2442 242 2507 Roberti
264 2441 306 2507 de
330 2442 426 2526 Dyne
449 2440 491 2505 de
516 2440 617 2505 libero
641 2448 831 2506 tenemento
850 2464 909 2507 suo
928 2441 963 2505 in
979 2440 1314 2509 colestemheroma

115 2547 372 2633 postterminnm
387 2554 447 2612 eto

173 2653 215 2718 Et
230 2652 414 2717 Willelmus
432 2651 526 2716 uenit
545 2659 580 2716 et
599 2651 679 2716 dicit
699 2650 786 2737 quod
806 2650 906 2716 assisa
926 2673 992 2716 non
1016 2651 1116 2718 debet
1135 2651 1211 2718 inde

114 2755 185 2833 heri,
200 2757 276 2843 quio
293 2755 432 2821 eandem
453 2763 572 2819 terram
592 2753 685 2820 dedit
702 2754 772 2840 ipse
794 2753 951 2820 Gaufrido
971 2755 1037 2820 filio
1061 2756 1212 2823 Edwardi

113 2861 166 2944 qni
179 2861 240 2926 fuit
254 2859 434 2937 bastardus,
455 2867 489 2924 et
509 2859 587 2945 quia
601 2859 688 2924 idem
711 2858 887 2924 Gaufridus
906 2861 975 2925 sine
995 2861 1114 2926 herede
1128 2862 1210 2927 obiit

114 2963 182 3030 inde
202 2965 339 3041 saisitus,
356 2985 414 3050 pro
434 2963 564 3028 defectu
584 2963 711 3028 heredis
731 2964 819 3050 cepit
838 2963 907 3050 ipse
927 2974 1047 3030 terram
1067 2966 1157 3031 illam
1175 2967 1211 3032 in

113 3089 239 3134 manum
253 3091 345 3134 snam
361 3076 396 3132 et
411 3067 487 3132 inde
502 3067 596 3153 ponit
611 3091 645 3133 se
660 3090 757 3154 super
771 3067 921 3134 iuratam.

172 3173 216 3237 Et
232 3173 416 3238 Willelmus
435 3172 522 3238 filius
544 3173 680 3238 Roberti
700 3173 781 3239 dicit
804 3175 889 3260 qnod
909 3175 1030 3240 iniuste
1050 3175 1111 3242 hoc
1130 3175 1211 3242 dicit

113 3276 184 3360 quia
197 3278 264 3363 ipse
278 3277 372 3343 dedit
387 3276 524 3342 eandem
540 3285 659 3342 terram
670 3277 816 3363 predicto
828 3278 983 3343 Gausrido
994 3288 1028 3343 et
1039 3279 1210 3365 assignatis

112 3380 173 3444 auis
187 3389 380 3466 percuntem
395 3403 487 3445 suam
502 3403 600 3467 quarn
614 3381 736 3467 profert
751 3388 785 3445 et
806 3404 869 3466 que
884 3380 945 3446 hoc
959 3390 1108 3461 testatur,
1122 3382 1209 3448 unde

112 3484 285 3572 dicitquod
304 3509 365 3573 per
384 3494 451 3550 tres
465 3485 663 3572 septimanas
678 3493 754 3550 ante
770 3493 908 3550 mortem
924 3508 1016 3550 suam
1030 3485 1210 3572 assignauit

112 3596 143 3653 ct
160 3590 248 3656 dedit
263 3581 352 3657 idem
371 3590 547 3656 Gaufridus
566 3589 703 3655 eandem
723 3597 843 3654 terram
862 3588 969 3655 eidem
987 3590 1160 3667 Willelmo,
1174 3598 1210 3655 et

112 3693 142 3756 in
155 3694 269 3760 saisina
282 3694 356 3773 fuit,
372 3703 407 3760 et
420 3694 496 3759 inde
511 3693 605 3780 ponit
619 3716 653 3758 se
668 3715 766 3780 super
779 3693 928 3758 iuratam
966 3693 1011 3758 Et
1026 3692 1210 3760 Willelmus

111 3797 147 3862 de
162 3799 413 3887 Kassingetorpe
428 3797 587 3864 similiter.

170 3899 337 3968 Jnratores
351 3901 466 3966 dicunt
481 3900 567 3988 quod
587 3898 752 3987 predictus
772 3899 947 3965 Gaufridus
968 3921 1027 3985 per
1046 3907 1118 3964 octo
1139 3900 1210 3966 dies

110 4013 182 4070 ante
197 4015 335 4072 mortem
348 4029 441 4072 suam
455 4007 510 4071 uel
526 4029 563 4070 eo
578 4005 718 4091 amplius
732 4004 824 4070 dedit
836 4014 870 4070 et
882 4004 1061 4092 assignauit
1072 4005 1209 4071 eandem

111 4121 225 4176 terram
248 4112 393 4199 predicto
418 4110 582 4176 Willelmo
606 4109 673 4175 filio
696 4108 832 4174 Roberti
858 4117 892 4174 et
915 4117 1037 4174 cartam
1061 4131 1153 4175 suam
1177 4109 1209 4176 ei

139 4299 205 4364 ¹135
227 4300 270 4352 the
292 4301 398 4365 copyist
435 4299 490 4350 Tho
511 4299 630 4350 collector
680 4312 710 4348 as
731 4313 747 4348 a
769 4298 843 4360 place
864 4298 905 4347 tor
923 4311 995 4348 soma
1010 4296 1207 4354 miscellaneous

110 4365 155 4416 has
166 4365 272 4416 ntr‘lized
281 4365 326 4416 the
334 4365 412 4416 blank
420 4365 574 4429 parchment
582 4365 629 4414 lost
680 4378 753 4414 cases
763 4363 817 4413 and
828 4366 911 4414 notes.

111 4431 627 4483 stthssndoithscasosfromh.R.24
