3167 5075
321 394 646 463 comesenim.
672 386 830 462 12:374,
852 401 914 452 an.
939 389 988 451 22.
1140 390 1202 451 241

112 578 198 642 etatis
210 586 246 643 et
260 577 297 641 in
312 576 431 643 seisina
445 576 485 642 de
500 576 596 642 tertis
611 576 686 653 suis,
702 584 736 641 et
751 577 838 663 quod
852 576 901 641 ita
915 577 959 641 sit
978 586 1014 642 et
1033 578 1119 664 quod
1135 576 1205 663 ipse

112 688 155 745 cst
164 681 196 746 in
206 681 326 747 saisina
336 682 377 746 de
390 681 526 747 seruicio
536 680 754 767 predictorum
767 681 809 745 xl.
821 680 877 746 sol.
889 681 984 746 offert
994 680 1205 746 disiacionare

111 806 162 869 per
193 806 309 871 corpus
344 784 513 850 cuiusdam
542 783 637 849 liberi
666 783 806 849 hominis
833 782 886 848 sui
914 783 1071 849 Willelmi
1099 784 1207 871 Pigun

110 910 238 953 nomme.

164 990 243 1055 Dies
257 990 355 1055 datus
369 998 420 1055 est
436 989 552 1077 Egidio
566 998 601 1055 et
617 989 760 1055 Hemico
781 990 822 1055 de
841 990 962 1076 placito
981 990 1095 1056 mortis
1116 999 1207 1056 ante-

109 1094 228 1159 cessoris
251 1095 312 1159 tali
331 1094 384 1160 dic
404 1103 439 1159 et
459 1103 648 1181 preceptum
671 1104 721 1161 est
743 1095 928 1161 uioecomiti
949 1096 1036 1182 quod
1057 1096 1099 1161 ad
1120 1096 1207 1161 diem

109 1196 190 1260 ilium
211 1197 327 1262 ueniie
350 1197 446 1262 saciat
468 1196 564 1262 tales¹
586 1206 645 1263 etc
661 1196 778 1261 liberos
800 1204 835 1261 et
857 1198 977 1284 legales
999 1197 1145 1262 homines
1166 1197 1207 1262 de

108 1297 225 1363 uisneto
248 1298 289 1363 de
310 1297 484 1364 Shuahiria
503 1320 562 1384 per
575 1320 656 1384 quos
671 1306 731 1363 etc.
748 1297 790 1363 ad
805 1298 1097 1383 recognoscendum
1112 1320 1208 1385 super

107 1409 338 1467 sacramentum
367 1424 463 1466 suum
491 1402 519 1466 si
553 1401 718 1487 predictus
754 1400 891 1487 Egidius
927 1400 980 1467 die
1017 1424 1081 1488 quo
1116 1402 1208 1467 dedit

107 1505 244 1590 predicto
259 1505 402 1571 Henrico
417 1506 441 1592 j.
457 1514 641 1571 carucatam
656 1513 690 1569 et
706 1505 760 1590 xij.
775 1505 920 1593 uirgatas
934 1515 1020 1572 terre
1035 1530 1109 1571 cum
1122 1517 1206 1593 pert.

107 1610 138 1673 in
151 1610 325 1677 Shanbizia
339 1619 373 1676 ct
388 1618 510 1675 cartam
524 1632 616 1675 suam
632 1610 663 1675 ei
677 1608 753 1674 inde
770 1610 854 1688 fecit,
870 1611 935 1676 fuit
948 1612 1045 1698 plene
1059 1612 1159 1676 etatis
1172 1620 1207 1676 et

107 1714 137 1779 in
156 1716 275 1781 saisina
298 1724 457 1781 terrarum
479 1736 619 1790 suarum,
642 1722 677 1779 et
699 1714 726 1779 si
748 1714 837 1779 idem
860 1714 997 1801 Egidius
1019 1715 1205 1802 homagium

107 1840 193 1884 suum
207 1820 287 1886 inde
301 1819 390 1905 cepit
408 1828 581 1906 postquam
602 1819 666 1884 fuit
685 1819 782 1905 plene
802 1820 909 1896 etatis,
924 1828 959 1884 et
979 1819 1007 1884 si
1024 1819 1207 1884 Willeimus

106 1920 203 1987 Fadcr
223 1922 371 1989 sentiens
392 1921 494 2008 ipsius
517 1921 626 2009 Egidii
647 1930 819 2007 postquam
839 1920 927 1986 idem
948 1921 1110 1985 Henricus
1130 1921 1208 1985 fecit

105 2024 203 2089 eidem
226 2025 345 2112 Egidio
368 2024 556 2111 homagium
577 2046 674 2089 suum
696 2023 820 2110 recepit
841 2023 882 2088 de
904 2023 974 2109 ipso
998 2021 1140 2086 Henrico
1164 2022 1207 2087 xh

105 2128 154 2193 sol.
174 2128 214 2193 de
236 2126 387 2213 contagio
408 2149 467 2213 pro
488 2126 601 2193 eodem
624 2133 813 2191 tenemento
834 2146 920 2190 anno
941 2148 1006 2211 quo
1027 2126 1120 2190 Dom.
1136 2126 1206 2190 Rex

104 2238 170 2315 post
183 2230 329 2295 reditum
345 2253 441 2295 suum
456 2228 497 2294 de
510 2229 681 2295 Britannia
691 2229 778 2315 cepit
790 2229 973 2316 scutagium
985 2251 1044 2314 per
1053 2229 1207 2315 Angliam

104 2340 138 2395 ut
158 2332 246 2398 idem
269 2332 433 2398 Hemicus
456 2330 546 2409 dicit,
560 2331 613 2397 uel
636 2331 664 2397 si
685 2332 773 2397 idem
796 2330 932 2418 Egidius
954 2330 1008 2396 die
1030 2342 1094 2418 quo
1116 2331 1208 2397 dedit

103 2432 203 2500 cidem
227 2434 372 2499 Hemico
399 2444 519 2500 terram
545 2434 724 2521 predictam
747 2443 782 2500 ct
808 2442 931 2499 cartam
954 2456 1048 2499 suam
1075 2435 1107 2499 ei
1131 2436 1207 2502 indo

103 2542 174 2606 fecit
187 2551 223 2608 et
237 2542 429 2628 homagium
443 2564 540 2606 suum
554 2541 629 2607 inde
645 2542 732 2628 cepit
747 2541 812 2606 fuit
829 2542 914 2606 infra
927 2549 1052 2607 etatem
1067 2551 1102 2607 et
1116 2551 1209 2609 extra

103 2644 250 2711 saisinam
271 2653 432 2710 terrarum
451 2667 593 2725 suarum,
613 2654 648 2712 et
669 2645 697 2711 si
716 2645 882 2732 predictus
901 2645 1085 2712 Willelmus
1104 2647 1209 2713 Fader

104 2768 254 2833 umquam
278 2746 402 2833 recepit
428 2747 470 2812 xl.
492 2747 546 2812 soh
569 2748 731 2833 predictos
752 2747 793 2812 de
816 2747 961 2833 predicto
982 2748 1129 2834 scutagio
1149 2771 1208 2834 pro

103 2849 211 2916 eadam
227 2859 318 2916 terra
331 2849 372 2915 de
388 2849 458 2936 ipso
473 2850 614 2915 Henrico
629 2859 668 2915 ut
683 2849 771 2916 idem
792 2850 929 2938 Egidins
942 2850 1032 2930 dicit,
1047 2852 1125 2938 quia
1138 2860 1208 2917 tam

103 2961 158 3018 etc

161 3059 223 3123 ’Et
247 3058 407 3123 iuratores
430 3057 585 3122 dixerunt
611 3080 709 3144 super
732 3067 972 3123 sacramentum
997 3079 1094 3122 suum
1122 3057 1208 3143 quod

103 3169 326 3246 postmortem
341 3161 473 3226 Ricardi
487 3160 528 3227 de
544 3161 758 3250 Shoghebiria
772 3161 828 3247 qui
845 3162 970 3226 'terram
990 3160 1080 3226 illam
1100 3161 1209 3226 tenuit

102 3273 133 3328 et
153 3265 320 3344 forisfecit,
341 3265 484 3330 Thomas
505 3265 547 3330 dc
569 3265 772 3352 Erdingtona
796 3264 975 3330 uicecomes
1000 3263 1097 3330 tunc⁸
1121 3263 1209 3349 cepit

103 3377 219 3436 terram
241 3370 335 3435 iilam
356 3369 392 3434 in
413 3391 548 3434 manum
570 3369 665 3435 Dom.
681 3369 780 3456 Regis
802 3376 841 3433 ut
859 3368 1044 3435 eschaetam
1063 3390 1156 3433 suam
1174 3375 1209 3432 et

101 3473 143 3538 sic
163 3474 276 3539 tenuit
294 3496 400 3560 usque
420 3473 461 3538 ad
481 3481 612 3559 tempus
632 3494 696 3560 quo
711 3473 805 3539 Dom
820 3473 852 3538 J.
870 3474 941 3538 Rex
955 3472 1075 3559 Angiie
1089 3480 1210 3536 teriam

100 3575 185 3642 illam
199 3577 295 3644 dedit
306 3577 453 3664 predicto
464 3577 586 3642 Thome
597 3600 655 3663 pro
664 3577 814 3664 homagio
823 3599 882 3642 suo
891 3586 930 3643 ut
939 3577 1002 3664 ipsi
1009 3575 1209 3662 intelligunt.

103 3680 143 3744 Et
163 3681 255 3746 idem
277 3681 419 3746 Thomas
441 3681 557 3746 habuit
579 3681 754 3767 quemdam
778 3680 883 3746 filium
908 3682 1041 3747 Petrum
1064 3679 1118 3744 cui
1140 3679 1210 3765 ipso

101 3785 248 3869 promisit
271 3795 391 3852 temam
414 3786 513 3864 illam,
526 3785 576 3851 ita
595 3786 682 3872 quod
701 3785 865 3852 occasione
885 3785 973 3850 illius
992 3783 1212 3870 promissionis

101 3888 191 3952 uenit
210 3889 302 3955 idem
322 3887 463 3955 Thomas
482 3889 581 3976 paulo
599 3897 678 3956 ante
697 3897 836 3955 mortem
855 3910 948 3953 suam
969 3896 1006 3953 et
1025 3886 1116 3952 dedit
1138 3908 1211 3952 eam

100 3992 245 4076 predicto
268 3993 366 4059 Petro
387 3993 455 4059 filio
476 4016 534 4060 suo
556 3993 605 4059 ita
625 3993 712 4082 quod
733 3993 821 4059 idem
844 3993 961 4058 Petrus
983 3991 1093 4078 posuit
1116 4013 1150 4056 se
1175 3991 1210 4056 in

101 4101 219 4160 terram
245 4095 337 4161 illam
362 4103 440 4162 ante
466 4105 605 4162 mortem
630 4096 808 4183 patrissui
833 4095 888 4160 uel
914 4102 996 4181 post,
1021 4102 1073 4160 set
1097 4103 1209 4160 utrum

100 4198 261 4264 nesciunt
305 4197 349 4264 Et
363 4205 477 4284 postea
490 4197 584 4264 uenit
602 4198 689 4265 idam
709 4199 826 4264 Petms
845 4206 881 4262 et
900 4196 979 4262 fecit
997 4219 1032 4262 se
1052 4197 1209 4293 crucesig3

132 4365 216 4417 ’Ἕω
238 4367 336 4417 named
357 4367 536 4430 percontanti
558 4367 630 4432 sight
714 4367 886 4421 ’amma

102 4431 215 4482 hoeand
226 4432 317 4482 lnwful
329 4447 397 4492 men,
409 4433 439 4484 Δ.
713 4434 995 4494 ἰιιιισιιίσεωιιιει,Δ,

185 4550 222 4598 n.
248 4549 297 4598 111.
1084 4535 1122 4595 16
