3167 5075
292 431 293 436 ’
358 421 424 492 702
527 437 620 488 eran
642 439 685 488 or
708 437 909 488 rirssnurn
932 439 970 486 ru
993 439 1293 500 enrcasrnasnrar,

356 635 431 678 cum
461 619 565 679 matre
594 634 655 678 sua
683 611 776 677 euius
806 611 970 677 hereditas
998 612 1058 676 illa
1086 612 1176 689 fuir,
1205 620 1240 677 et
1269 611 1349 676 inde
1379 610 1477 698 ponit

356 739 390 782 se
413 739 510 804 super
531 717 681 782 iuratam.
726 717 770 781 Et
791 716 959 781 Johannes
981 715 1133 781 similiter
1153 716 1182 780 si
1203 724 1329 782 etatem
1352 715 1477 780 habere

355 821 474 886 debeat
489 827 548 886 etc.
595 819 789 886 Concordati
804 829 890 885 sunt.

420 925 532 990 Assisa
552 925 646 990 uenit
666 925 874 1011 recognitum
894 924 923 988 si
942 925 1090 1011 Rogerus
1109 925 1197 989 filius
1217 923 1354 988 Henrici
1376 932 1475 1010 pater

354 1027 512 1093 Willelmi
534 1027 598 1092 fuit
620 1027 751 1092 seisitus
773 1035 834 1092 etc.
850 1027 892 1093 de
914 1051 980 1092 uno
999 1027 1167 1114 mesuagio
1187 1036 1247 1093 ete
1261 1029 1296 1092 in
1310 1027 1473 1092 suburbio

355 1130 538 1208 Leicestrie,
557 1153 656 1217 quam
679 1139 799 1196 terram
822 1132 963 1197 Thomas
983 1133 1071 1197 filius
1092 1131 1229 1197 Roberti
1249 1141 1283 1196 et
1304 1131 1475 1218 Margaria
1535 1138 1536 1141 ’

354 1256 436 1299 uxor
458 1235 529 1300 eius
551 1243 675 1303 tenent.
720 1236 787 1315 Qui
808 1234 950 1300 ueniunt
972 1243 1007 1301 et
1029 1235 1143 1301 dicunt
1169 1235 1255 1322 quod
1276 1235 1377 1300 assisa
1402 1257 1472 1299 non

355 1337 453 1404 debet
474 1339 551 1404 inde
573 1339 643 1404 fieri
664 1361 779 1404 uersus
801 1360 883 1414 eam,
905 1337 984 1424 quia
1006 1338 1072 1424 ipsi
1092 1347 1210 1403 tenent
1231 1337 1305 1403 inde
1330 1337 1471 1403 terciam

354 1449 481 1529 partem
499 1443 534 1508 in
552 1441 671 1520 dotem,
686 1450 721 1507 et
735 1442 818 1507 duas
832 1450 941 1527 partes
955 1449 1072 1507 tenent
1086 1441 1122 1506 in
1136 1441 1285 1507 custodia
1298 1465 1374 1506 cum
1389 1465 1472 1528 quo·

355 1545 431 1611 dam
445 1567 546 1631 puero
560 1546 662 1632 ipsius
677 1545 847 1633 Margarie,
862 1545 920 1632 qui
933 1569 1066 1632 presens
1080 1556 1132 1612 est
1145 1555 1181 1612 et
1194 1547 1280 1612 infra
1290 1555 1423 1612 etatem.

422 1651 465 1715 Et
487 1651 671 1716 Willelmus
693 1652 774 1716 dicit
796 1651 883 1738 quod
905 1652 966 1716 hoc
986 1674 1053 1716 non
1074 1651 1175 1717 debet
1196 1651 1228 1716 ei
1249 1674 1364 1718 nocere
1388 1652 1470 1737 quin

356 1762 414 1820 ete
436 1754 441 1841 Ι
460 1755 539 1841 quia
558 1755 628 1841 ipse
654 1763 705 1820 est
731 1755 819 1820 filius
842 1755 980 1842 predicti
1003 1756 1124 1843 Rogeri
1146 1764 1182 1822 et
1206 1756 1301 1821 heres
1325 1754 1471 1820 moade

356 1858 461 1944 prima
489 1881 587 1924 uxore
618 1859 649 1924 ei
678 1859 882 1946 desponsata,
910 1870 945 1925 et
975 1861 1123 1948 Rogatus
1151 1869 1247 1948 pater
1281 1883 1361 1926 suus
1395 1869 1469 1946 post

355 1970 493 2028 mortem
530 1963 644 2028 matris
681 1985 739 2028 sue
776 1964 873 2029 duxit
909 1965 1013 2050 ipsam
1044 1965 1239 2052 Margariam
1268 1966 1303 2030 in
1333 1987 1467 2031 uxorem

356 2075 391 2133 et
420 2068 461 2132 de
490 2089 530 2133 ea
559 2067 675 2133 habuit
703 2067 887 2154 predictum
913 2090 1061 2154 puerum,
1087 2077 1122 2134 et
1147 2077 1263 2134 tenent
1291 2091 1327 2134 se
1355 2069 1406 2134 ita
1432 2069 1465 2133 in

356 2171 537 2237 hereditate
567 2172 670 2258 patris
699 2173 750 2238 sui
776 2172 819 2236 ad
844 2194 920 2237 eum
947 2171 1218 2251 exheredandum,
1244 2181 1279 2239 et
1303 2173 1379 2239 ideo
1402 2195 1465 2238 non

356 2277 455 2341 debet
469 2275 569 2341 assisa
583 2297 759 2341 remanere.

422 2378 466 2442 Et
488 2377 628 2442 Thomas
650 2385 684 2442 et
706 2377 870 2464 Margeria
890 2387 1089 2465 cognoscunt
1109 2380 1197 2467 quod
1216 2379 1401 2446 Willelmus
1414 2389 1462 2445 est

356 2481 450 2547 heres
470 2481 590 2569 Rogeri
613 2489 648 2547 et
670 2481 756 2548 filius
778 2481 1015 2570 primogenitus
1037 2505 1124 2562 suus,
1146 2492 1182 2549 et
1203 2484 1305 2551 nichil
1325 2485 1459 2551 clamant

357 2586 421 2651 nisi
435 2585 546 2651 dotem
560 2586 625 2651 soih
642 2586 777 2651 terciam
797 2594 933 2673 partem
979 2588 1024 2652 Et
1044 2588 1119 2653 ideo
1141 2588 1326 2654 Willelmus
1346 2589 1459 2655 habeat

357 2690 509 2755 saisinam
532 2712 625 2754 suam
647 2688 688 2755 de
711 2689 839 2756 duabus
860 2691 1008 2777 partibus
1027 2701 1063 2758 et
1084 2691 1186 2758 tercia
1205 2714 1281 2779 pars
1301 2700 1458 2759 remaneat

357 2791 436 2879 ipsis
450 2793 485 2857 in
499 2792 610 2859 dotem
626 2801 686 2858 etc.

422 2896 534 2961 Assisa
555 2898 649 2962 uenit
675 2906 734 2962 etc.
757 2896 786 2961 si
813 2897 960 2983 Rogerus
986 2897 1018 2963 le
1043 2897 1214 2985 Fequieler
1237 2907 1274 2964 et
1298 2898 1380 2963 tales
1401 2907 1453 2962 etc

356 2998 478 3063 iniuste
501 3006 562 3064 ete.
584 3006 831 3085 prostrauerunt
853 2998 1016 3085 quandam
1038 3024 1149 3087 sepem
1170 3000 1206 3066 in
1228 3001 1402 3067 Barewella
1419 3000 1454 3065 ad

357 3110 589 3166 nocumentum
627 3100 720 3165 liberi
757 3099 939 3165 tenementi
969 3101 1126 3167 Willelmi
1154 3102 1196 3168 de
1225 3104 1400 3191 Hastinges
1423 3102 1454 3165 iu

356 3206 471 3271 eadem
485 3206 566 3271 uilla
579 3212 652 3291 post
667 3213 728 3272 etc.

423 3312 467 3376 Et
497 3312 643 3397 Rogerus
673 3310 703 3375 le
731 3310 900 3397 Esquieler
924 3318 1055 3376 tantum
1086 3311 1180 3377 uenit
1208 3319 1244 3376 et
1271 3311 1354 3377 dicit
1380 3310 1454 3399 quod

357 3412 457 3480 assisa
471 3438 535 3479 non
550 3415 649 3480 debet
664 3413 740 3479 inde
760 3414 840 3490 fieri,
857 3415 935 3501 quia
954 3413 1040 3502 haya
1061 3415 1119 3480 illa
1139 3423 1302 3501 prostrata
1324 3415 1387 3480 fuit
1406 3437 1456 3501 per

357 3527 547 3606 preceptum
576 3519 672 3585 Dom.
701 3518 803 3605 Regis
831 3542 891 3605 per
918 3519 1018 3584 breue
1047 3542 1144 3585 suum
1174 3518 1260 3606 quod
1289 3520 1455 3584 uicecomes

357 3623 488 3709 recepit.
533 3623 577 3687 Et
591 3622 771 3688 uiceeomes
784 3644 917 3707 presens
932 3622 993 3688 hoc
1008 3630 1158 3699 testatur,
1173 3630 1208 3687 et
1225 3623 1348 3708 profert
1367 3622 1455 3687 breue
1535 3653 1536 3664 ¹

357 3726 393 3791 in
408 3728 467 3792 hec
481 3726 583 3792 uerba
597 3734 667 3805 etc,
683 3726 771 3791 unde
785 3726 966 3791 uicecomes
980 3726 1061 3791 dicit
1081 3727 1168 3813 quod
1187 3750 1247 3813 per
1265 3726 1366 3792 breue
1385 3726 1457 3792 illud

358 3852 416 3918 per
438 3830 558 3917 legales
579 3828 726 3894 homines
747 3837 910 3915 prostrata
931 3830 995 3894 suit
1015 3828 1109 3915 haya,
1123 3852 1162 3895 eo
1183 3829 1271 3917 quod
1292 3831 1384 3895 nulla
1403 3830 1457 3895 fuit

357 3933 405 4000 ibi
420 3941 565 4020 tempore
580 3931 717 3997 Roberti
733 3931 871 3997 Comitis
891 3940 951 3998 etc.
997 3934 1041 3997 Et
1062 3933 1126 3997 fuit
1145 3933 1246 3998 breue
1266 3934 1343 4011 tale,
1357 3935 1398 3999 fl
1412 3932 1457 3998 dei

358 4038 466 4125 gracia
502 4046 561 4102 etc.
592 4036 777 4101 uioeoomiti
806 4036 892 4102 Leic.
922 4038 1018 4104 salut.
1049 4037 1252 4125 Pracipimus
1287 4037 1352 4102 tibi
1379 4036 1455 4124 quod

359 4142 529 4229 permittas
545 4140 692 4206 homines
709 4141 750 4205 de
772 4140 947 4206 Sheltona'
966 4142 1087 4207 habere
1109 4163 1316 4207 communem
1338 4150 1455 4228 pastum

392 4340 401 4374 ¹
419 4340 521 4405 Hugh’s
544 4338 703 4403 stepfather‚
721 4338 843 4389 husband
861 4340 891 4389 of
938 4342 967 4389 to
978 4338 1065 4389 Isolde
1075 4337 1179 4389 mother
1188 4338 1217 4388 oi
1226 4338 1318 4401 Hugh.

360 4406 453 4465 Isolde¹
464 4404 578 4456 demised
590 4404 743 4481 totohnpr
755 4410 782 4454 to
793 4404 888 4454 John's
970 4405 983 4437 ¹
998 4404 1109 4454 Barwell
1123 4403 1179 4480 ¹and
1195 4404 1259 4479 Earl
1275 4404 1384 4480 Shilton
1399 4400 1450 4452 sid

360 4471 446 4521 father
456 4470 579 4535 Richard)
591 4469 654 4520 laud
665 4468 750 4520 which
761 4470 888 4531 belonged
938 4469 1035 4520 Robart
1045 4470 1075 4519 of
1083 4470 1214 4519 termut
1224 4467 1283 4519 died
1294 4484 1323 4519 rn
1335 4470 1402 4518 m.
