<?xml version="1.0" encoding="UTF-8"?>
<!DOCTYPE html PUBLIC "-//W3C//DTD XHTML 1.0 Transitional//EN"
    "http://www.w3.org/TR/xhtml1/DTD/xhtml1-transitional.dtd">
<html xmlns="http://www.w3.org/1999/xhtml" xml:lang="en" lang="en">
 <head>
  <title>
</title>
<meta http-equiv="Content-Type" content="text/html;charset=utf-8" />
  <meta name='ocr-system' content='tesseract 3.04.00' />
  <meta name='ocr-capabilities' content='ocr_page ocr_carea ocr_par ocr_line ocrx_word'/>
</head>
<body>
  <div class='ocr_page' id='page_1' title='image "bractonsnoteboo03maitgoog_0150.png"; bbox 0 0 3167 5075; ppageno 0'>
   <div class='ocr_carea' id='block_1_1' title="bbox 324 374 1255 449">
    <p class='ocr_par' dir='ltr' id='par_1_1' title="bbox 324 374 1255 449">
     <span class='ocr_line' id='line_1_1' title="bbox 324 374 1255 449; baseline 0.002 -11"><span class='ocrx_word' id='word_1_1' title='bbox 324 375 388 438; x_wconf 89' lang='lat'><strong>138</strong></span> <span class='ocrx_word' id='word_1_2' title='bbox 496 388 615 438; x_wconf 77' lang='lat' dir='ltr'><strong>consu</strong></span> <span class='ocrx_word' id='word_1_3' title='bbox 637 389 736 448; x_wconf 76' lang='lat' dir='ltr'><strong>ausu,</strong></span> <span class='ocrx_word' id='word_1_4' title='bbox 759 388 825 437; x_wconf 72' lang='lat' dir='ltr'><strong>nn.</strong></span> <span class='ocrx_word' id='word_1_5' title='bbox 850 374 1009 449; x_wconf 70' lang='lat' dir='ltr'><strong>laet-5,</strong></span> <span class='ocrx_word' id='word_1_6' title='bbox 1030 389 1093 437; x_wconf 75' lang='lat' dir='ltr'><strong>aa.</strong></span> <span class='ocrx_word' id='word_1_7' title='bbox 1119 377 1255 440; x_wconf 87' lang='lat'>18-19.</span> 
     </span>
    </p>
   </div>
   <div class='ocr_carea' id='block_1_2' title="bbox 320 560 1571 3669">
    <p class='ocr_par' dir='ltr' id='par_1_2' title="bbox 321 560 1436 1275">
     <span class='ocr_line' id='line_1_2' title="bbox 322 560 1436 651; baseline 0.003 -24"><span class='ocrx_word' id='word_1_8' title='bbox 322 561 632 639; x_wconf 84' lang='lat' dir='ltr'><strong>Bermundeseiam¹,</strong></span> <span class='ocrx_word' id='word_1_9' title='bbox 656 570 690 627; x_wconf 85' lang='lat' dir='ltr'><strong>et</strong></span> <span class='ocrx_word' id='word_1_10' title='bbox 714 568 829 647; x_wconf 86' lang='lat' dir='ltr'><strong>postea</strong></span> <span class='ocrx_word' id='word_1_11' title='bbox 851 560 945 625; x_wconf 89' lang='lat' dir='ltr'><strong>uenit</strong></span> <span class='ocrx_word' id='word_1_12' title='bbox 968 571 1003 627; x_wconf 87' lang='lat' dir='ltr'><strong>et</strong></span> <span class='ocrx_word' id='word_1_13' title='bbox 1026 562 1134 628; x_wconf 90' lang='lat' dir='ltr'><strong>noluit</strong></span> <span class='ocrx_word' id='word_1_14' title='bbox 1156 564 1248 651; x_wconf 91' lang='lat' dir='ltr'><strong>sequi</strong></span> <span class='ocrx_word' id='word_1_15' title='bbox 1271 564 1321 629; x_wconf 90' lang='lat' dir='ltr'><strong>ita</strong></span> <span class='ocrx_word' id='word_1_16' title='bbox 1345 563 1436 650; x_wconf 88' lang='lat' dir='ltr'><strong>quod</strong></span> 
     </span>
     <span class='ocr_line' id='line_1_3' title="bbox 322 666 1431 755; baseline 0 -22"><span class='ocrx_word' id='word_1_17' title='bbox 322 668 477 734; x_wconf 77' lang='lat' dir='ltr'><strong>remansit</strong></span> <span class='ocrx_word' id='word_1_18' title='bbox 491 669 526 733; x_wconf 91' lang='lat' dir='ltr'><strong>in</strong></span> <span class='ocrx_word' id='word_1_19' title='bbox 541 666 759 733; x_wconf 79' lang='lat' dir='ltr'><strong>misericordia</strong></span> <span class='ocrx_word' id='word_1_20' title='bbox 773 674 807 731; x_wconf 86' lang='lat' dir='ltr'><strong>et</strong></span> <span class='ocrx_word' id='word_1_21' title='bbox 822 666 892 752; x_wconf 86' lang='lat' dir='ltr'><strong>ipse</strong></span> <span class='ocrx_word' id='word_1_22' title='bbox 907 674 942 732; x_wconf 89' lang='lat' dir='ltr'><strong>et</strong></span> <span class='ocrx_word' id='word_1_23' title='bbox 957 666 1058 754; x_wconf 84' lang='lat' dir='ltr'><strong>plegii</strong></span> <span class='ocrx_word' id='word_1_24' title='bbox 1072 668 1124 733; x_wconf 89' lang='lat' dir='ltr'><strong>sui</strong></span> <span class='ocrx_word' id='word_1_25' title='bbox 1138 667 1179 733; x_wconf 93' lang='lat' dir='ltr'><strong>de</strong></span> <span class='ocrx_word' id='word_1_26' title='bbox 1197 668 1431 755; x_wconf 88' lang='lat' dir='ltr'><strong>prosequendo,</strong></span> 
     </span>
     <span class='ocr_line' id='line_1_4' title="bbox 321 770 1436 857; baseline -0.004 -17"><span class='ocrx_word' id='word_1_27' title='bbox 321 782 356 839; x_wconf 89' lang='lat' dir='ltr'><strong>et</strong></span> <span class='ocrx_word' id='word_1_28' title='bbox 377 773 460 839; x_wconf 88' lang='lat' dir='ltr'><strong>bene</strong></span> <span class='ocrx_word' id='word_1_29' title='bbox 482 771 562 837; x_wconf 83' lang='lat' dir='ltr'><strong>dicit</strong></span> <span class='ocrx_word' id='word_1_30' title='bbox 585 772 670 857; x_wconf 85' lang='lat' dir='ltr'><strong>quod</strong></span> <span class='ocrx_word' id='word_1_31' title='bbox 692 778 813 835; x_wconf 86' lang='lat' dir='ltr'><strong>terram</strong></span> <span class='ocrx_word' id='word_1_32' title='bbox 835 771 926 834; x_wconf 88' lang='lat' dir='ltr'><strong>illam</strong></span> <span class='ocrx_word' id='word_1_33' title='bbox 947 793 1115 856; x_wconf 91' lang='lat' dir='ltr'><strong>nunquam</strong></span> <span class='ocrx_word' id='word_1_34' title='bbox 1138 772 1254 836; x_wconf 86' lang='lat' dir='ltr'><strong>habuit</strong></span> <span class='ocrx_word' id='word_1_35' title='bbox 1280 771 1316 835; x_wconf 92' lang='lat' dir='ltr'><strong>in</strong></span> <span class='ocrx_word' id='word_1_36' title='bbox 1339 770 1436 836; x_wconf 85' lang='lat' dir='ltr'><strong>feodo</strong></span> 
     </span>
     <span class='ocr_line' id='line_1_5' title="bbox 321 873 1433 961; baseline -0.003 -19"><span class='ocrx_word' id='word_1_37' title='bbox 321 878 384 944; x_wconf 86' lang='lat' dir='ltr'><strong>nisi</strong></span> <span class='ocrx_word' id='word_1_38' title='bbox 398 877 439 942; x_wconf 85' lang='lat' dir='ltr'><strong>ad</strong></span> <span class='ocrx_word' id='word_1_39' title='bbox 454 877 658 941; x_wconf 84' lang='lat' dir='ltr'><strong>uoluntatem</strong></span> <span class='ocrx_word' id='word_1_40' title='bbox 674 896 776 951; x_wconf 87' lang='lat' dir='ltr'><strong>suam,</strong></span> <span class='ocrx_word' id='word_1_41' title='bbox 791 881 826 939; x_wconf 89' lang='lat' dir='ltr'><strong>et</strong></span> <span class='ocrx_word' id='word_1_42' title='bbox 845 873 874 937; x_wconf 90' lang='lat' dir='ltr'><strong>si</strong></span> <span class='ocrx_word' id='word_1_43' title='bbox 895 873 945 938; x_wconf 85' lang='lat' dir='ltr'><strong>ita</strong></span> <span class='ocrx_word' id='word_1_44' title='bbox 966 882 1052 939; x_wconf 84' lang='lat' dir='ltr'><strong>esset</strong></span> <span class='ocrx_word' id='word_1_45' title='bbox 1074 874 1160 961; x_wconf 88' lang='lat' dir='ltr'><strong>quod</strong></span> <span class='ocrx_word' id='word_1_46' title='bbox 1182 876 1246 939; x_wconf 85' lang='lat' dir='ltr'><strong>fuit</strong></span> <span class='ocrx_word' id='word_1_47' title='bbox 1268 874 1345 939; x_wconf 89' lang='lat' dir='ltr'><strong>inde</strong></span> <span class='ocrx_word' id='word_1_48' title='bbox 1367 874 1433 939; x_wconf 88' lang='lat' dir='ltr'><strong>dis-</strong></span> 
     </span>
     <span class='ocr_line' id='line_1_6' title="bbox 321 975 1430 1064; baseline -0.005 -18"><span class='ocrx_word' id='word_1_49' title='bbox 321 982 458 1058; x_wconf 80' lang='lat' dir='ltr'><strong>saisitus,</strong></span> <span class='ocrx_word' id='word_1_50' title='bbox 474 980 534 1045; x_wconf 86' lang='lat' dir='ltr'><strong>hoe</strong></span> <span class='ocrx_word' id='word_1_51' title='bbox 549 978 613 1044; x_wconf 84' lang='lat' dir='ltr'><strong>fuit</strong></span> <span class='ocrx_word' id='word_1_52' title='bbox 627 1000 685 1064; x_wconf 90' lang='lat' dir='ltr'><strong>per</strong></span> <span class='ocrx_word' id='word_1_53' title='bbox 700 975 878 1041; x_wconf 85' lang='lat' dir='ltr'><strong>Anxellum</strong></span> <span class='ocrx_word' id='word_1_54' title='bbox 892 986 927 1042; x_wconf 94' lang='lat' dir='ltr'><strong>et</strong></span> <span class='ocrx_word' id='word_1_55' title='bbox 944 999 1009 1041; x_wconf 91' lang='lat' dir='ltr'><strong>non</strong></span> <span class='ocrx_word' id='word_1_56' title='bbox 1029 999 1087 1062; x_wconf 89' lang='lat' dir='ltr'><strong>per</strong></span> <span class='ocrx_word' id='word_1_57' title='bbox 1106 977 1214 1064; x_wconf 86' lang='lat' dir='ltr'><strong>ipsum</strong></span> <span class='ocrx_word' id='word_1_58' title='bbox 1234 976 1430 1055; x_wconf 88' lang='lat' dir='ltr'><strong>Johannem,</strong></span> 
     </span>
     <span class='ocr_line' id='line_1_7' title="bbox 321 1080 1433 1170; baseline -0.004 -20"><span class='ocrx_word' id='word_1_59' title='bbox 321 1093 356 1150; x_wconf 86' lang='lat' dir='ltr'><strong>et</strong></span> <span class='ocrx_word' id='word_1_60' title='bbox 371 1084 446 1149; x_wconf 90' lang='lat' dir='ltr'><strong>inde</strong></span> <span class='ocrx_word' id='word_1_61' title='bbox 461 1082 554 1170; x_wconf 90' lang='lat' dir='ltr'><strong>ponit</strong></span> <span class='ocrx_word' id='word_1_62' title='bbox 568 1104 602 1147; x_wconf 90' lang='lat' dir='ltr'><strong>se</strong></span> <span class='ocrx_word' id='word_1_63' title='bbox 618 1102 714 1166; x_wconf 89' lang='lat' dir='ltr'><strong>super</strong></span> <span class='ocrx_word' id='word_1_64' title='bbox 728 1080 877 1157; x_wconf 87' lang='lat' dir='ltr'><strong>iuratam,</strong></span> <span class='ocrx_word' id='word_1_65' title='bbox 894 1087 929 1144; x_wconf 87' lang='lat' dir='ltr'><strong>et</strong></span> <span class='ocrx_word' id='word_1_66' title='bbox 944 1080 1125 1166; x_wconf 87' lang='lat' dir='ltr'><strong>dicitquod</strong></span> <span class='ocrx_word' id='word_1_67' title='bbox 1143 1081 1231 1146; x_wconf 86' lang='lat' dir='ltr'><strong>idem</strong></span> <span class='ocrx_word' id='word_1_68' title='bbox 1246 1081 1433 1145; x_wconf 86' lang='lat' dir='ltr'><strong>Willelmus</strong></span> 
     </span>
     <span class='ocr_line' id='line_1_8' title="bbox 322 1183 1047 1275; baseline -0.006 -21"><span class='ocrx_word' id='word_1_69' title='bbox 322 1190 409 1275; x_wconf 81' lang='lat' dir='ltr'><strong>cepit</strong></span> <span class='ocrx_word' id='word_1_70' title='bbox 423 1212 451 1253; x_wconf 86' lang='lat' dir='ltr'><strong>v.</strong></span> <span class='ocrx_word' id='word_1_71' title='bbox 473 1208 595 1252; x_wconf 85' lang='lat' dir='ltr'><strong>mareas</strong></span> <span class='ocrx_word' id='word_1_72' title='bbox 610 1208 669 1273; x_wconf 93' lang='lat' dir='ltr'><strong>per</strong></span> <span class='ocrx_word' id='word_1_73' title='bbox 682 1185 728 1250; x_wconf 86' lang='lat' dir='ltr'><strong>sie</strong></span> <span class='ocrx_word' id='word_1_74' title='bbox 743 1183 846 1271; x_wconf 81' lang='lat' dir='ltr'><strong>qu0d²</strong></span> <span class='ocrx_word' id='word_1_75' title='bbox 859 1186 1047 1250; x_wconf 87' lang='lat' dir='ltr'><strong>retraheret.</strong></span> 
     </span>
    </p>

    <p class='ocr_par' dir='ltr' id='par_1_3' title="bbox 320 1289 1571 2628">
     <span class='ocr_line' id='line_1_9' title="bbox 387 1289 1434 1376; baseline -0.003 -18"><span class='ocrx_word' id='word_1_76' title='bbox 387 1294 430 1358; x_wconf 86' lang='lat' dir='ltr'><strong>Et</strong></span> <span class='ocrx_word' id='word_1_77' title='bbox 454 1292 637 1357; x_wconf 88' lang='lat' dir='ltr'><strong>Willelmus</strong></span> <span class='ocrx_word' id='word_1_78' title='bbox 660 1290 753 1355; x_wconf 90' lang='lat' dir='ltr'><strong>uenit</strong></span> <span class='ocrx_word' id='word_1_79' title='bbox 776 1298 811 1355; x_wconf 89' lang='lat' dir='ltr'><strong>et</strong></span> <span class='ocrx_word' id='word_1_80' title='bbox 834 1290 915 1355; x_wconf 85' lang='lat' dir='ltr'><strong>dicit</strong></span> <span class='ocrx_word' id='word_1_81' title='bbox 941 1291 1027 1376; x_wconf 86' lang='lat' dir='ltr'><strong>quod</strong></span> <span class='ocrx_word' id='word_1_82' title='bbox 1050 1291 1114 1355; x_wconf 79' lang='lat' dir='ltr'><strong>fuit</strong></span> <span class='ocrx_word' id='word_1_83' title='bbox 1136 1289 1212 1355; x_wconf 89' lang='lat' dir='ltr'><strong>inde</strong></span> <span class='ocrx_word' id='word_1_84' title='bbox 1235 1290 1375 1355; x_wconf 80' lang='lat' dir='ltr'><strong>seusatus</strong></span> <span class='ocrx_word' id='word_1_85' title='bbox 1396 1299 1434 1355; x_wconf 90' lang='lat' dir='ltr'><strong>et</strong></span> 
     </span>
     <span class='ocr_line' id='line_1_10' title="bbox 321 1381 1571 1480; baseline 0 -21"><span class='ocrx_word' id='word_1_86' title='bbox 321 1395 397 1461; x_wconf 91' lang='lat' dir='ltr'><strong>inde</strong></span> <span class='ocrx_word' id='word_1_87' title='bbox 419 1396 483 1460; x_wconf 86' lang='lat' dir='ltr'><strong>fuit</strong></span> <span class='ocrx_word' id='word_1_88' title='bbox 503 1396 538 1459; x_wconf 94' lang='lat' dir='ltr'><strong>in</strong></span> <span class='ocrx_word' id='word_1_89' title='bbox 561 1394 679 1459; x_wconf 86' lang='lat' dir='ltr'><strong>seisina</strong></span> <span class='ocrx_word' id='word_1_90' title='bbox 700 1416 758 1479; x_wconf 89' lang='lat' dir='ltr'><strong>per</strong></span> <span class='ocrx_word' id='word_1_91' title='bbox 780 1394 922 1458; x_wconf 90' lang='lat' dir='ltr'><strong>multum</strong></span> <span class='ocrx_word' id='word_1_92' title='bbox 945 1403 1075 1480; x_wconf 89' lang='lat' dir='ltr'><strong>tempus</strong></span> <span class='ocrx_word' id='word_1_93' title='bbox 1096 1402 1131 1457; x_wconf 90' lang='lat' dir='ltr'><strong>et</strong></span> <span class='ocrx_word' id='word_1_94' title='bbox 1152 1394 1241 1459; x_wconf 91' lang='lat' dir='ltr'><strong>idem</strong></span> <span class='ocrx_word' id='word_1_95' title='bbox 1264 1395 1434 1459; x_wconf 81' lang='lat' dir='ltr'><strong>Johannes</strong></span> <span class='ocrx_word' id='word_1_96' title='bbox 1570 1381 1571 1386; x_wconf 8' lang='grc' dir='ltr'>ἵ</span> 
     </span>
     <span class='ocr_line' id='line_1_11' title="bbox 321 1498 1434 1587; baseline -0.001 -22"><span class='ocrx_word' id='word_1_97' title='bbox 321 1499 396 1565; x_wconf 88' lang='lat' dir='ltr'><strong>inde</strong></span> <span class='ocrx_word' id='word_1_98' title='bbox 415 1500 502 1587; x_wconf 87' lang='lat' dir='ltr'><strong>cepit</strong></span> <span class='ocrx_word' id='word_1_99' title='bbox 521 1499 709 1587; x_wconf 86' lang='lat' dir='ltr'><strong>homagium</strong></span> <span class='ocrx_word' id='word_1_100' title='bbox 731 1522 828 1565; x_wconf 87' lang='lat' dir='ltr'><strong>suum</strong></span> <span class='ocrx_word' id='word_1_101' title='bbox 850 1507 885 1564; x_wconf 86' lang='lat' dir='ltr'><strong>et</strong></span> <span class='ocrx_word' id='word_1_102' title='bbox 907 1500 971 1565; x_wconf 85' lang='lat' dir='ltr'><strong>fuit</strong></span> <span class='ocrx_word' id='word_1_103' title='bbox 993 1498 1069 1564; x_wconf 92' lang='lat' dir='ltr'><strong>inde</strong></span> <span class='ocrx_word' id='word_1_104' title='bbox 1091 1499 1222 1565; x_wconf 86' lang='lat' dir='ltr'><strong>seisitus</strong></span> <span class='ocrx_word' id='word_1_105' title='bbox 1243 1501 1346 1566; x_wconf 86' lang='lat' dir='ltr'><strong>donee</strong></span> <span class='ocrx_word' id='word_1_106' title='bbox 1367 1500 1434 1565; x_wconf 87' lang='lat' dir='ltr'><strong>fuit</strong></span> 
     </span>
     <span class='ocr_line' id='line_1_12' title="bbox 321 1603 1434 1691; baseline 0 -21"><span class='ocrx_word' id='word_1_107' title='bbox 321 1604 501 1671; x_wconf 84' lang='lat' dir='ltr'><strong>dissaisitus</strong></span> <span class='ocrx_word' id='word_1_108' title='bbox 518 1625 576 1689; x_wconf 89' lang='lat' dir='ltr'><strong>per</strong></span> <span class='ocrx_word' id='word_1_109' title='bbox 594 1603 701 1689; x_wconf 90' lang='lat' dir='ltr'><strong>ipsum</strong></span> <span class='ocrx_word' id='word_1_110' title='bbox 722 1603 914 1669; x_wconf 89' lang='lat' dir='ltr'><strong>Johannem.</strong></span> <span class='ocrx_word' id='word_1_111' title='bbox 959 1603 1011 1668; x_wconf 91' lang='lat' dir='ltr'><strong>De</strong></span> <span class='ocrx_word' id='word_1_112' title='bbox 1031 1603 1091 1669; x_wconf 85' lang='lat' dir='ltr'><strong>hoc</strong></span> <span class='ocrx_word' id='word_1_113' title='bbox 1111 1612 1223 1669; x_wconf 88' lang='lat' dir='ltr'><strong>autem</strong></span> <span class='ocrx_word' id='word_1_114' title='bbox 1244 1605 1331 1691; x_wconf 90' lang='lat' dir='ltr'><strong>quod</strong></span> <span class='ocrx_word' id='word_1_115' title='bbox 1351 1606 1434 1670; x_wconf 87' lang='lat' dir='ltr'><strong>tulit</strong></span> 
     </span>
     <span class='ocr_line' id='line_1_13' title="bbox 321 1708 1433 1797; baseline -0.002 -21"><span class='ocrx_word' id='word_1_116' title='bbox 321 1711 420 1776; x_wconf 88' lang='lat' dir='ltr'><strong>breue</strong></span> <span class='ocrx_word' id='word_1_117' title='bbox 442 1709 483 1775; x_wconf 93' lang='lat' dir='ltr'><strong>de</strong></span> <span class='ocrx_word' id='word_1_118' title='bbox 504 1729 591 1773; x_wconf 88' lang='lat' dir='ltr'><strong>noua</strong></span> <span class='ocrx_word' id='word_1_119' title='bbox 612 1708 780 1773; x_wconf 86' lang='lat' dir='ltr'><strong>disseisina</strong></span> <span class='ocrx_word' id='word_1_120' title='bbox 801 1730 898 1794; x_wconf 88' lang='lat' dir='ltr'><strong>super</strong></span> <span class='ocrx_word' id='word_1_121' title='bbox 918 1708 1027 1795; x_wconf 87' lang='lat' dir='ltr'><strong>ipsum</strong></span> <span class='ocrx_word' id='word_1_122' title='bbox 1048 1709 1231 1774; x_wconf 89' lang='lat' dir='ltr'><strong>Johannem</strong></span> <span class='ocrx_word' id='word_1_123' title='bbox 1251 1709 1292 1775; x_wconf 90' lang='lat' dir='ltr'><strong>de</strong></span> <span class='ocrx_word' id='word_1_124' title='bbox 1311 1710 1381 1797; x_wconf 85' lang='lat' dir='ltr'><strong>Fay</strong></span> <span class='ocrx_word' id='word_1_125' title='bbox 1395 1718 1433 1774; x_wconf 90' lang='lat' dir='ltr'><strong>et</strong></span> 
     </span>
     <span class='ocr_line' id='line_1_14' title="bbox 321 1812 1434 1901; baseline 0 -21"><span class='ocrx_word' id='word_1_126' title='bbox 321 1815 505 1881; x_wconf 84' lang='lat' dir='ltr'><strong>Johannem</strong></span> <span class='ocrx_word' id='word_1_127' title='bbox 529 1812 721 1901; x_wconf 84' lang='lat' dir='ltr'><strong>Anguillun,</strong></span> <span class='ocrx_word' id='word_1_128' title='bbox 742 1812 824 1878; x_wconf 84' lang='lat' dir='ltr'><strong>dicit</strong></span> <span class='ocrx_word' id='word_1_129' title='bbox 847 1812 933 1899; x_wconf 90' lang='lat' dir='ltr'><strong>quod</strong></span> <span class='ocrx_word' id='word_1_130' title='bbox 960 1813 1088 1878; x_wconf 91' lang='lat' dir='ltr'><strong>nullum</strong></span> <span class='ocrx_word' id='word_1_131' title='bbox 1110 1815 1210 1880; x_wconf 92' lang='lat' dir='ltr'><strong>breue</strong></span> <span class='ocrx_word' id='word_1_132' title='bbox 1233 1815 1312 1879; x_wconf 90' lang='lat' dir='ltr'><strong>tulit</strong></span> <span class='ocrx_word' id='word_1_133' title='bbox 1333 1838 1434 1900; x_wconf 90' lang='lat' dir='ltr'><strong>super</strong></span> 
     </span>
     <span class='ocr_line' id='line_1_15' title="bbox 320 1915 1433 2005; baseline 0.001 -22"><span class='ocrx_word' id='word_1_134' title='bbox 320 1918 429 2005; x_wconf 90' lang='lat' dir='ltr'><strong>ipsum</strong></span> <span class='ocrx_word' id='word_1_135' title='bbox 450 1916 635 1982; x_wconf 86' lang='lat' dir='ltr'><strong>Johannem</strong></span> <span class='ocrx_word' id='word_1_136' title='bbox 657 1915 697 1981; x_wconf 90' lang='lat' dir='ltr'><strong>de</strong></span> <span class='ocrx_word' id='word_1_137' title='bbox 721 1916 790 2003; x_wconf 88' lang='lat' dir='ltr'><strong>Fay</strong></span> <span class='ocrx_word' id='word_1_138' title='bbox 814 1924 865 1980; x_wconf 88' lang='lat' dir='ltr'><strong>set</strong></span> <span class='ocrx_word' id='word_1_139' title='bbox 889 1938 1003 1981; x_wconf 90' lang='lat' dir='ltr'><strong>reuera</strong></span> <span class='ocrx_word' id='word_1_140' title='bbox 1028 1917 1107 1981; x_wconf 92' lang='lat' dir='ltr'><strong>tulit</strong></span> <span class='ocrx_word' id='word_1_141' title='bbox 1130 1917 1212 1983; x_wconf 92' lang='lat' dir='ltr'><strong>illud</strong></span> <span class='ocrx_word' id='word_1_142' title='bbox 1237 1941 1336 2005; x_wconf 88' lang='lat' dir='ltr'><strong>super</strong></span> <span class='ocrx_word' id='word_1_143' title='bbox 1358 1940 1433 2005; x_wconf 89' lang='lat' dir='ltr'><strong>pre—</strong></span> 
     </span>
     <span class='ocr_line' id='line_1_16' title="bbox 321 2018 1432 2108; baseline 0 -21"><span class='ocrx_word' id='word_1_144' title='bbox 321 2022 446 2087; x_wconf 85' lang='lat' dir='ltr'><strong>dictum</strong></span> <span class='ocrx_word' id='word_1_145' title='bbox 469 2021 653 2085; x_wconf 86' lang='lat' dir='ltr'><strong>Johannem</strong></span> <span class='ocrx_word' id='word_1_146' title='bbox 677 2018 868 2105; x_wconf 88' lang='lat' dir='ltr'><strong>Anguillun,</strong></span> <span class='ocrx_word' id='word_1_147' title='bbox 892 2027 926 2084; x_wconf 89' lang='lat' dir='ltr'><strong>et</strong></span> <span class='ocrx_word' id='word_1_148' title='bbox 950 2019 1028 2105; x_wconf 92' lang='lat' dir='ltr'><strong>quia</strong></span> <span class='ocrx_word' id='word_1_149' title='bbox 1056 2019 1186 2085; x_wconf 91' lang='lat' dir='ltr'><strong>audiuit</strong></span> <span class='ocrx_word' id='word_1_150' title='bbox 1214 2020 1300 2108; x_wconf 88' lang='lat' dir='ltr'><strong>quod</strong></span> <span class='ocrx_word' id='word_1_151' title='bbox 1329 2022 1432 2087; x_wconf 90' lang='lat' dir='ltr'><strong>breue</strong></span> 
     </span>
     <span class='ocr_line' id='line_1_17' title="bbox 321 2123 1432 2212; baseline 0 -20"><span class='ocrx_word' id='word_1_152' title='bbox 321 2126 403 2192; x_wconf 92' lang='lat' dir='ltr'><strong>illud</strong></span> <span class='ocrx_word' id='word_1_153' title='bbox 416 2149 482 2191; x_wconf 90' lang='lat' dir='ltr'><strong>non</strong></span> <span class='ocrx_word' id='word_1_154' title='bbox 496 2126 605 2212; x_wconf 88' lang='lat' dir='ltr'><strong>potuit</strong></span> <span class='ocrx_word' id='word_1_155' title='bbox 620 2126 651 2189; x_wconf 91' lang='lat' dir='ltr'><strong>ei</strong></span> <span class='ocrx_word' id='word_1_156' title='bbox 665 2123 815 2210; x_wconf 78' lang='lat' dir='ltr'><strong>prodesse</strong></span> <span class='ocrx_word' id='word_1_157' title='bbox 830 2124 936 2188; x_wconf 90' lang='lat' dir='ltr'><strong>noluit</strong></span> <span class='ocrx_word' id='word_1_158' title='bbox 950 2123 1033 2189; x_wconf 92' lang='lat' dir='ltr'><strong>illud</strong></span> <span class='ocrx_word' id='word_1_159' title='bbox 1048 2124 1140 2210; x_wconf 87' lang='lat' dir='ltr'><strong>sequi</strong></span> <span class='ocrx_word' id='word_1_160' title='bbox 1154 2133 1190 2189; x_wconf 88' lang='lat' dir='ltr'><strong>et</strong></span> <span class='ocrx_word' id='word_1_161' title='bbox 1206 2125 1254 2190; x_wconf 88' lang='lat' dir='ltr'><strong>ita</strong></span> <span class='ocrx_word' id='word_1_162' title='bbox 1273 2127 1432 2192; x_wconf 76' lang='lat' dir='ltr'><strong>remansit</strong></span> 
     </span>
     <span class='ocr_line' id='line_1_18' title="bbox 321 2228 1433 2317; baseline 0.001 -22"><span class='ocrx_word' id='word_1_163' title='bbox 321 2230 356 2296; x_wconf 91' lang='lat' dir='ltr'><strong>in</strong></span> <span class='ocrx_word' id='word_1_164' title='bbox 380 2228 604 2309; x_wconf 86' lang='lat' dir='ltr'><strong>misericordia,</strong></span> <span class='ocrx_word' id='word_1_165' title='bbox 629 2237 664 2294; x_wconf 86' lang='lat' dir='ltr'><strong>et</strong></span> <span class='ocrx_word' id='word_1_166' title='bbox 689 2229 772 2294; x_wconf 89' lang='lat' dir='ltr'><strong>bene</strong></span> <span class='ocrx_word' id='word_1_167' title='bbox 796 2228 943 2294; x_wconf 80' lang='lat' dir='ltr'><strong>defendit</strong></span> <span class='ocrx_word' id='word_1_168' title='bbox 968 2228 1055 2315; x_wconf 92' lang='lat' dir='ltr'><strong>quod</strong></span> <span class='ocrx_word' id='word_1_169' title='bbox 1078 2230 1204 2296; x_wconf 89' lang='lat' dir='ltr'><strong>nullum</strong></span> <span class='ocrx_word' id='word_1_170' title='bbox 1228 2231 1308 2295; x_wconf 89' lang='lat' dir='ltr'><strong>tulit</strong></span> <span class='ocrx_word' id='word_1_171' title='bbox 1333 2254 1433 2317; x_wconf 85' lang='lat' dir='ltr'><strong>super</strong></span> 
     </span>
     <span class='ocr_line' id='line_1_19' title="bbox 321 2330 1431 2421; baseline 0 -21"><span class='ocrx_word' id='word_1_172' title='bbox 321 2333 503 2421; x_wconf 86' lang='lat' dir='ltr'><strong>predictum</strong></span> <span class='ocrx_word' id='word_1_173' title='bbox 532 2332 715 2398; x_wconf 83' lang='lat' dir='ltr'><strong>Johannem</strong></span> <span class='ocrx_word' id='word_1_174' title='bbox 745 2330 786 2397; x_wconf 93' lang='lat' dir='ltr'><strong>de</strong></span> <span class='ocrx_word' id='word_1_175' title='bbox 813 2331 882 2418; x_wconf 85' lang='lat' dir='ltr'><strong>Fay</strong></span> <span class='ocrx_word' id='word_1_176' title='bbox 907 2354 968 2397; x_wconf 90' lang='lat' dir='ltr'><strong>nee</strong></span> <span class='ocrx_word' id='word_1_177' title='bbox 992 2331 1141 2398; x_wconf 87' lang='lat' dir='ltr'><strong>denarios</strong></span> <span class='ocrx_word' id='word_1_178' title='bbox 1165 2333 1288 2420; x_wconf 86' lang='lat' dir='ltr'><strong>reaepit</strong></span> <span class='ocrx_word' id='word_1_179' title='bbox 1311 2356 1370 2421; x_wconf 89' lang='lat' dir='ltr'><strong>pro</strong></span> <span class='ocrx_word' id='word_1_180' title='bbox 1395 2357 1431 2400; x_wconf 85' lang='lat' dir='ltr'><strong>se</strong></span> 
     </span>
     <span class='ocr_line' id='line_1_20' title="bbox 322 2434 1431 2524; baseline 0.001 -21"><span class='ocrx_word' id='word_1_181' title='bbox 322 2436 523 2515; x_wconf 87' lang='lat' dir='ltr'><strong>retrahendo,</strong></span> <span class='ocrx_word' id='word_1_182' title='bbox 541 2444 575 2500; x_wconf 89' lang='lat' dir='ltr'><strong>et</strong></span> <span class='ocrx_word' id='word_1_183' title='bbox 590 2435 676 2523; x_wconf 90' lang='lat' dir='ltr'><strong>quod</strong></span> <span class='ocrx_word' id='word_1_184' title='bbox 690 2434 765 2501; x_wconf 91' lang='lat' dir='ltr'><strong>inde</strong></span> <span class='ocrx_word' id='word_1_185' title='bbox 781 2434 845 2500; x_wconf 82' lang='lat' dir='ltr'><strong>fuit</strong></span> <span class='ocrx_word' id='word_1_186' title='bbox 860 2436 999 2501; x_wconf 82' lang='lat' dir='ltr'><strong>seusatus</strong></span> <span class='ocrx_word' id='word_1_187' title='bbox 1019 2443 1054 2501; x_wconf 88' lang='lat' dir='ltr'><strong>et</strong></span> <span class='ocrx_word' id='word_1_188' title='bbox 1073 2436 1122 2501; x_wconf 90' lang='lat' dir='ltr'><strong>ita</strong></span> <span class='ocrx_word' id='word_1_189' title='bbox 1141 2436 1272 2502; x_wconf 77' lang='lat' dir='ltr'><strong>saisitus</strong></span> <span class='ocrx_word' id='word_1_190' title='bbox 1286 2438 1381 2524; x_wconf 88' lang='lat' dir='ltr'><strong>ponit</strong></span> <span class='ocrx_word' id='word_1_191' title='bbox 1394 2461 1431 2504; x_wconf 88' lang='lat' dir='ltr'><strong>se</strong></span> 
     </span>
     <span class='ocr_line' id='line_1_21' title="bbox 322 2542 580 2628; baseline -0.012 -20"><span class='ocrx_word' id='word_1_192' title='bbox 322 2565 419 2628; x_wconf 89' lang='lat' dir='ltr'><strong>super</strong></span> <span class='ocrx_word' id='word_1_193' title='bbox 432 2542 580 2606; x_wconf 85' lang='lat' dir='ltr'><strong>iuratam.</strong></span> 
     </span>
    </p>

    <p class='ocr_par' dir='ltr' id='par_1_4' title="bbox 322 2643 1432 3669">
     <span class='ocr_line' id='line_1_22' title="bbox 386 2643 1432 2731; baseline 0.002 -21"><span class='ocrx_word' id='word_1_194' title='bbox 386 2646 554 2710; x_wconf 87' lang='lat' dir='ltr'><strong>Juratores</strong></span> <span class='ocrx_word' id='word_1_195' title='bbox 575 2643 689 2709; x_wconf 87' lang='lat' dir='ltr'><strong>dieunt</strong></span> <span class='ocrx_word' id='word_1_196' title='bbox 711 2643 797 2730; x_wconf 90' lang='lat' dir='ltr'><strong>quod</strong></span> <span class='ocrx_word' id='word_1_197' title='bbox 818 2650 905 2708; x_wconf 84' lang='lat' dir='ltr'><strong>terra</strong></span> <span class='ocrx_word' id='word_1_198' title='bbox 925 2644 982 2709; x_wconf 85' lang='lat' dir='ltr'><strong>illa</strong></span> <span class='ocrx_word' id='word_1_199' title='bbox 1003 2644 1066 2709; x_wconf 87' lang='lat' dir='ltr'><strong>fuit</strong></span> <span class='ocrx_word' id='word_1_200' title='bbox 1086 2643 1225 2731; x_wconf 76' lang='lat' dir='ltr'><strong>predicti</strong></span> <span class='ocrx_word' id='word_1_201' title='bbox 1245 2646 1378 2711; x_wconf 87' lang='lat' dir='ltr'><strong>Anxelli</strong></span> <span class='ocrx_word' id='word_1_202' title='bbox 1395 2656 1432 2712; x_wconf 92' lang='lat' dir='ltr'><strong>et</strong></span> 
     </span>
     <span class='ocr_line' id='line_1_23' title="bbox 322 2748 1431 2836; baseline 0.002 -21"><span class='ocrx_word' id='word_1_203' title='bbox 322 2751 391 2836; x_wconf 88' lang='lat' dir='ltr'><strong>ipse</strong></span> <span class='ocrx_word' id='word_1_204' title='bbox 414 2751 579 2815; x_wconf 82' lang='lat' dir='ltr'><strong>Johannes</strong></span> <span class='ocrx_word' id='word_1_205' title='bbox 602 2749 689 2836; x_wconf 85' lang='lat' dir='ltr'><strong>cepit</strong></span> <span class='ocrx_word' id='word_1_206' title='bbox 710 2748 745 2813; x_wconf 92' lang='lat' dir='ltr'><strong>in</strong></span> <span class='ocrx_word' id='word_1_207' title='bbox 773 2771 907 2813; x_wconf 91' lang='lat' dir='ltr'><strong>manum</strong></span> <span class='ocrx_word' id='word_1_208' title='bbox 935 2772 1027 2814; x_wconf 85' lang='lat' dir='ltr'><strong>auam</strong></span> <span class='ocrx_word' id='word_1_209' title='bbox 1053 2750 1285 2815; x_wconf 87' lang='lat' dir='ltr'><strong>terramillam</strong></span> <span class='ocrx_word' id='word_1_210' title='bbox 1316 2773 1431 2817; x_wconf 87' lang='lat' dir='ltr'><strong>seeun-</strong></span> 
     </span>
     <span class='ocr_line' id='line_1_24' title="bbox 323 2853 1431 2941; baseline 0 -21"><span class='ocrx_word' id='word_1_211' title='bbox 323 2855 401 2920; x_wconf 92' lang='lat' dir='ltr'><strong>dum</strong></span> <span class='ocrx_word' id='word_1_212' title='bbox 417 2855 503 2940; x_wconf 90' lang='lat' dir='ltr'><strong>quod</strong></span> <span class='ocrx_word' id='word_1_213' title='bbox 517 2854 699 2941; x_wconf 87' lang='lat' dir='ltr'><strong>predictum</strong></span> <span class='ocrx_word' id='word_1_214' title='bbox 721 2860 779 2930; x_wconf 87' lang='lat' dir='ltr'><strong>est,</strong></span> <span class='ocrx_word' id='word_1_215' title='bbox 798 2853 876 2938; x_wconf 88' lang='lat' dir='ltr'><strong>quia</strong></span> <span class='ocrx_word' id='word_1_216' title='bbox 895 2853 1033 2918; x_wconf 86' lang='lat' dir='ltr'><strong>eredidit</strong></span> <span class='ocrx_word' id='word_1_217' title='bbox 1054 2854 1141 2939; x_wconf 90' lang='lat' dir='ltr'><strong>quod</strong></span> <span class='ocrx_word' id='word_1_218' title='bbox 1161 2853 1248 2918; x_wconf 91' lang='lat' dir='ltr'><strong>idem</strong></span> <span class='ocrx_word' id='word_1_219' title='bbox 1270 2855 1431 2921; x_wconf 86' lang='lat' dir='ltr'><strong>Anxellus</strong></span> 
     </span>
     <span class='ocr_line' id='line_1_25' title="bbox 323 2956 1431 3042; baseline -0.001 -17"><span class='ocrx_word' id='word_1_220' title='bbox 323 2968 470 3025; x_wconf 84' lang='lat' dir='ltr'><strong>mortuus</strong></span> <span class='ocrx_word' id='word_1_221' title='bbox 485 2967 570 3024; x_wconf 86' lang='lat' dir='ltr'><strong>esset</strong></span> <span class='ocrx_word' id='word_1_222' title='bbox 584 2958 619 3024; x_wconf 89' lang='lat' dir='ltr'><strong>in</strong></span> <span class='ocrx_word' id='word_1_223' title='bbox 635 2957 845 3035; x_wconf 85' lang='lat' dir='ltr'><strong>Normannia,</strong></span> <span class='ocrx_word' id='word_1_224' title='bbox 861 2965 896 3023; x_wconf 87' lang='lat' dir='ltr'><strong>et</strong></span> <span class='ocrx_word' id='word_1_225' title='bbox 911 2956 1040 3042; x_wconf 89' lang='lat' dir='ltr'><strong>quando</strong></span> <span class='ocrx_word' id='word_1_226' title='bbox 1054 2957 1141 3022; x_wconf 90' lang='lat' dir='ltr'><strong>idem</strong></span> <span class='ocrx_word' id='word_1_227' title='bbox 1157 2957 1181 3022; x_wconf 89' lang='lat' dir='ltr'><strong>J</strong></span> <span class='ocrx_word' id='word_1_228' title='bbox 1181 2960 1325 3023; x_wconf 86' lang='lat' dir='ltr'><strong>ohannes</strong></span> <span class='ocrx_word' id='word_1_229' title='bbox 1339 2959 1431 3024; x_wconf 85' lang='lat' dir='ltr'><strong>illam</strong></span> 
     </span>
     <span class='ocr_line' id='line_1_26' title="bbox 323 3061 1431 3150; baseline -0.001 -21"><span class='ocrx_word' id='word_1_230' title='bbox 323 3063 440 3129; x_wconf 90' lang='lat' dir='ltr'><strong>habuit</strong></span> <span class='ocrx_word' id='word_1_231' title='bbox 454 3063 489 3128; x_wconf 90' lang='lat' dir='ltr'><strong>in</strong></span> <span class='ocrx_word' id='word_1_232' title='bbox 504 3086 603 3128; x_wconf 92' lang='lat' dir='ltr'><strong>manu</strong></span> <span class='ocrx_word' id='word_1_233' title='bbox 624 3084 684 3127; x_wconf 88' lang='lat' dir='ltr'><strong>sua</strong></span> <span class='ocrx_word' id='word_1_234' title='bbox 704 3061 842 3126; x_wconf 82' lang='lat' dir='ltr'><strong>tradidit</strong></span> <span class='ocrx_word' id='word_1_235' title='bbox 861 3085 933 3126; x_wconf 86' lang='lat' dir='ltr'><strong>eam</strong></span> <span class='ocrx_word' id='word_1_236' title='bbox 953 3061 1017 3147; x_wconf 91' lang='lat' dir='ltr'><strong>ipsi</strong></span> <span class='ocrx_word' id='word_1_237' title='bbox 1031 3061 1205 3138; x_wconf 77' lang='lat' dir='ltr'><strong>willelmo,</strong></span> <span class='ocrx_word' id='word_1_238' title='bbox 1220 3073 1255 3126; x_wconf 90' lang='lat' dir='ltr'><strong>et</strong></span> <span class='ocrx_word' id='word_1_239' title='bbox 1274 3062 1324 3127; x_wconf 87' lang='lat' dir='ltr'><strong>ita</strong></span> <span class='ocrx_word' id='word_1_240' title='bbox 1343 3063 1431 3150; x_wconf 93' lang='lat' dir='ltr'><strong>quod</strong></span> 
     </span>
     <span class='ocr_line' id='line_1_27' title="bbox 323 3166 1431 3254; baseline -0.003 -20"><span class='ocrx_word' id='word_1_241' title='bbox 323 3168 507 3234; x_wconf 87' lang='lat' dir='ltr'><strong>Willelmus</strong></span> <span class='ocrx_word' id='word_1_242' title='bbox 529 3168 593 3232; x_wconf 84' lang='lat' dir='ltr'><strong>fuit</strong></span> <span class='ocrx_word' id='word_1_243' title='bbox 616 3168 652 3231; x_wconf 92' lang='lat' dir='ltr'><strong>in</strong></span> <span class='ocrx_word' id='word_1_244' title='bbox 676 3167 795 3232; x_wconf 85' lang='lat' dir='ltr'><strong>seisina</strong></span> <span class='ocrx_word' id='word_1_245' title='bbox 818 3189 877 3252; x_wconf 92' lang='lat' dir='ltr'><strong>per</strong></span> <span class='ocrx_word' id='word_1_246' title='bbox 902 3175 968 3230; x_wconf 88' lang='lat' dir='ltr'><strong>tres</strong></span> <span class='ocrx_word' id='word_1_247' title='bbox 991 3187 1092 3231; x_wconf 87' lang='lat' dir='ltr'><strong>annos</strong></span> <span class='ocrx_word' id='word_1_248' title='bbox 1116 3175 1151 3231; x_wconf 91' lang='lat' dir='ltr'><strong>et</strong></span> <span class='ocrx_word' id='word_1_249' title='bbox 1176 3166 1263 3252; x_wconf 85' lang='lat' dir='ltr'><strong>oepit</strong></span> <span class='ocrx_word' id='word_1_250' title='bbox 1289 3167 1431 3254; x_wconf 84' lang='lat' dir='ltr'><strong>expleta,</strong></span> 
     </span>
     <span class='ocr_line' id='line_1_28' title="bbox 323 3269 1431 3347; baseline 0 -9"><span class='ocrx_word' id='word_1_251' title='bbox 323 3282 358 3338; x_wconf 85' lang='lat' dir='ltr'><strong>et</strong></span> <span class='ocrx_word' id='word_1_252' title='bbox 379 3294 508 3337; x_wconf 77' lang='lat' dir='ltr'><strong>reuerso</strong></span> <span class='ocrx_word' id='word_1_253' title='bbox 523 3271 660 3336; x_wconf 84' lang='lat' dir='ltr'><strong>Anxello</strong></span> <span class='ocrx_word' id='word_1_254' title='bbox 682 3271 722 3336; x_wconf 91' lang='lat' dir='ltr'><strong>de</strong></span> <span class='ocrx_word' id='word_1_255' title='bbox 746 3271 778 3334; x_wconf 91' lang='lat' dir='ltr'>N</span> <span class='ocrx_word' id='word_1_256' title='bbox 781 3269 957 3347; x_wconf 87' lang='lat' dir='ltr'><strong>ormannia,</strong></span> <span class='ocrx_word' id='word_1_257' title='bbox 980 3269 1073 3334; x_wconf 89' lang='lat' dir='ltr'><strong>uenit</strong></span> <span class='ocrx_word' id='word_1_258' title='bbox 1094 3270 1182 3335; x_wconf 86' lang='lat' dir='ltr'><strong>idem</strong></span> <span class='ocrx_word' id='word_1_259' title='bbox 1204 3271 1372 3336; x_wconf 84' lang='lat' dir='ltr'><strong>Johannes</strong></span> <span class='ocrx_word' id='word_1_260' title='bbox 1395 3281 1431 3338; x_wconf 88' lang='lat' dir='ltr'><strong>et</strong></span> 
     </span>
     <span class='ocr_line' id='line_1_29' title="bbox 323 3373 1432 3461; baseline 0.003 -20"><span class='ocrx_word' id='word_1_261' title='bbox 323 3375 500 3442; x_wconf 79' lang='lat' dir='ltr'><strong>dissaisiuit</strong></span> <span class='ocrx_word' id='word_1_262' title='bbox 514 3375 619 3461; x_wconf 85' lang='lat' dir='ltr'><strong>ipsum</strong></span> <span class='ocrx_word' id='word_1_263' title='bbox 632 3375 835 3439; x_wconf 88' lang='lat' dir='ltr'><strong>Willelmum</strong></span> <span class='ocrx_word' id='word_1_264' title='bbox 851 3374 892 3439; x_wconf 91' lang='lat' dir='ltr'><strong>de</strong></span> <span class='ocrx_word' id='word_1_265' title='bbox 908 3373 1022 3439; x_wconf 87' lang='lat' dir='ltr'><strong>eadem</strong></span> <span class='ocrx_word' id='word_1_266' title='bbox 1037 3383 1124 3439; x_wconf 85' lang='lat' dir='ltr'><strong>terra</strong></span> <span class='ocrx_word' id='word_1_267' title='bbox 1138 3383 1173 3440; x_wconf 91' lang='lat' dir='ltr'><strong>et</strong></span> <span class='ocrx_word' id='word_1_268' title='bbox 1187 3375 1277 3440; x_wconf 88' lang='lat' dir='ltr'><strong>illam</strong></span> <span class='ocrx_word' id='word_1_269' title='bbox 1293 3378 1432 3444; x_wconf 77' lang='lat' dir='ltr'><strong>tradidit</strong></span> 
     </span>
     <span class='ocr_line' id='line_1_30' title="bbox 322 3478 1431 3567; baseline 0.001 -21"><span class='ocrx_word' id='word_1_270' title='bbox 322 3481 386 3567; x_wconf 89' lang='lat' dir='ltr'><strong>ipsi</strong></span> <span class='ocrx_word' id='word_1_271' title='bbox 408 3480 555 3557; x_wconf 82' lang='lat' dir='ltr'><strong>Anxello,</strong></span> <span class='ocrx_word' id='word_1_272' title='bbox 580 3486 630 3544; x_wconf 89' lang='lat' dir='ltr'><strong>set</strong></span> <span class='ocrx_word' id='word_1_273' title='bbox 653 3478 804 3543; x_wconf 89' lang='lat' dir='ltr'><strong>nesciunt</strong></span> <span class='ocrx_word' id='word_1_274' title='bbox 833 3479 861 3544; x_wconf 89' lang='lat' dir='ltr'><strong>si</strong></span> <span class='ocrx_word' id='word_1_275' title='bbox 886 3487 1076 3564; x_wconf 88' lang='lat' dir='ltr'><strong>preceptum</strong></span> <span class='ocrx_word' id='word_1_276' title='bbox 1103 3479 1197 3544; x_wconf 90' lang='lat' dir='ltr'><strong>Dom.</strong></span> <span class='ocrx_word' id='word_1_277' title='bbox 1224 3480 1325 3564; x_wconf 85' lang='lat' dir='ltr'><strong>Regis</strong></span> <span class='ocrx_word' id='word_1_278' title='bbox 1354 3480 1431 3547; x_wconf 88' lang='lat' dir='ltr'><strong>inde</strong></span> 
     </span>
     <span class='ocr_line' id='line_1_31' title="bbox 323 3581 1432 3669; baseline 0.002 -20"><span class='ocrx_word' id='word_1_279' title='bbox 323 3584 464 3649; x_wconf 88' lang='lat' dir='ltr'><strong>haberet.</strong></span> <span class='ocrx_word' id='word_1_280' title='bbox 510 3583 554 3646; x_wconf 85' lang='lat' dir='ltr'><strong>Et</strong></span> <span class='ocrx_word' id='word_1_281' title='bbox 577 3581 691 3647; x_wconf 85' lang='lat' dir='ltr'><strong>dieunt</strong></span> <span class='ocrx_word' id='word_1_282' title='bbox 713 3581 803 3666; x_wconf 90' lang='lat' dir='ltr'><strong>quod</strong></span> <span class='ocrx_word' id='word_1_283' title='bbox 822 3583 939 3647; x_wconf 85' lang='lat' dir='ltr'><strong>melius</strong></span> <span class='ocrx_word' id='word_1_284' title='bbox 961 3583 1098 3648; x_wconf 88' lang='lat' dir='ltr'><strong>credunt</strong></span> <span class='ocrx_word' id='word_1_285' title='bbox 1118 3583 1204 3669; x_wconf 88' lang='lat' dir='ltr'><strong>quod</strong></span> <span class='ocrx_word' id='word_1_286' title='bbox 1224 3584 1348 3650; x_wconf 85' lang='lat' dir='ltr'><strong>tradita</strong></span> <span class='ocrx_word' id='word_1_287' title='bbox 1367 3586 1432 3652; x_wconf 85' lang='lat' dir='ltr'><strong>fuit</strong></span> 
     </span>
    </p>
   </div>
   <div class='ocr_carea' id='block_1_3' title="bbox 193 3685 1434 4243">
    <p class='ocr_par' dir='ltr' id='par_1_5' title="bbox 323 3685 1431 3777">
     <span class='ocr_line' id='line_1_32' title="bbox 323 3685 1431 3777; baseline 0.003 -24"><span class='ocrx_word' id='word_1_288' title='bbox 323 3687 386 3774; x_wconf 89' lang='lat' dir='ltr'><strong>ipsi</strong></span> <span class='ocrx_word' id='word_1_289' title='bbox 414 3687 579 3752; x_wconf 87' lang='lat' dir='ltr'><strong>Willelmo</strong></span> <span class='ocrx_word' id='word_1_290' title='bbox 607 3685 650 3750; x_wconf 87' lang='lat' dir='ltr'><strong>ad</strong></span> <span class='ocrx_word' id='word_1_291' title='bbox 675 3687 880 3751; x_wconf 90' lang='lat' dir='ltr'><strong>uoluntatem</strong></span> <span class='ocrx_word' id='word_1_292' title='bbox 906 3687 1009 3773; x_wconf 90' lang='lat' dir='ltr'><strong>ipsius</strong></span> <span class='ocrx_word' id='word_1_293' title='bbox 1032 3688 1192 3754; x_wconf 88' lang='lat' dir='ltr'><strong>Johannis</strong></span> <span class='ocrx_word' id='word_1_294' title='bbox 1215 3698 1250 3753; x_wconf 88' lang='lat' dir='ltr'><strong>et</strong></span> <span class='ocrx_word' id='word_1_295' title='bbox 1273 3690 1431 3777; x_wconf 80' lang='lat' dir='ltr'><strong>quamdiu</strong></span> 
     </span>
    </p>

    <p class='ocr_par' dir='ltr' id='par_1_6' title="bbox 324 3787 1431 3874">
     <span class='ocr_line' id='line_1_33' title="bbox 324 3787 1431 3874; baseline 0.004 -20"><span class='ocrx_word' id='word_1_296' title='bbox 324 3789 355 3854; x_wconf 92' lang='lat' dir='ltr'><strong>ei</strong></span> <span class='ocrx_word' id='word_1_297' title='bbox 375 3790 516 3874; x_wconf 81' lang='lat' dir='ltr'><strong>plaeeret</strong></span> <span class='ocrx_word' id='word_1_298' title='bbox 537 3810 634 3874; x_wconf 87' lang='lat' dir='ltr'><strong>quam</strong></span> <span class='ocrx_word' id='word_1_299' title='bbox 655 3788 718 3852; x_wconf 89' lang='lat' dir='ltr'><strong>alio</strong></span> <span class='ocrx_word' id='word_1_300' title='bbox 738 3787 834 3852; x_wconf 89' lang='lat' dir='ltr'><strong>modo</strong></span> <span class='ocrx_word' id='word_1_301' title='bbox 855 3797 890 3852; x_wconf 93' lang='lat' dir='ltr'><strong>et</strong></span> <span class='ocrx_word' id='word_1_302' title='bbox 909 3789 943 3853; x_wconf 92' lang='lat' dir='ltr'><strong>in</strong></span> <span class='ocrx_word' id='word_1_303' title='bbox 959 3789 1058 3855; x_wconf 87' lang='lat' dir='ltr'><strong>feudo.</strong></span> <span class='ocrx_word' id='word_1_304' title='bbox 1105 3791 1149 3855; x_wconf 87' lang='lat' dir='ltr'><strong>Et</strong></span> <span class='ocrx_word' id='word_1_305' title='bbox 1163 3789 1236 3855; x_wconf 89' lang='lat' dir='ltr'><strong>ideo</strong></span> <span class='ocrx_word' id='word_1_306' title='bbox 1249 3792 1431 3858; x_wconf 85' lang='lat' dir='ltr'><strong>considera-</strong></span> 
     </span>
    </p>

    <p class='ocr_par' dir='ltr' id='par_1_7' title="bbox 193 3892 1434 4243">
     <span class='ocr_line' id='line_1_34' title="bbox 324 3892 1431 4006; baseline 0.005 -48"><span class='ocrx_word' id='word_1_307' title='bbox 324 3903 408 4006; x_wconf 35' lang='lat' dir='ltr'><strong>tum&#39;</strong></span> <span class='ocrx_word' id='word_1_308' title='bbox 417 3902 467 3958; x_wconf 90' lang='lat' dir='ltr'><strong>est</strong></span> <span class='ocrx_word' id='word_1_309' title='bbox 488 3893 574 3979; x_wconf 91' lang='lat' dir='ltr'><strong>quod</strong></span> <span class='ocrx_word' id='word_1_310' title='bbox 588 3893 611 3958; x_wconf 90' lang='lat' dir='ltr'><strong>J</strong></span> <span class='ocrx_word' id='word_1_311' title='bbox 611 3892 754 3958; x_wconf 83' lang='lat' dir='ltr'><strong>ohannes</strong></span> <span class='ocrx_word' id='word_1_312' title='bbox 768 3892 845 3958; x_wconf 90' lang='lat' dir='ltr'><strong>inde</strong></span> <span class='ocrx_word' id='word_1_313' title='bbox 860 3894 991 3979; x_wconf 91' lang='lat' dir='ltr'><strong>quietus</strong></span> <span class='ocrx_word' id='word_1_314' title='bbox 1006 3903 1041 3958; x_wconf 90' lang='lat' dir='ltr'><strong>et</strong></span> <span class='ocrx_word' id='word_1_315' title='bbox 1056 3894 1240 3959; x_wconf 87' lang='lat' dir='ltr'><strong>Willelmus</strong></span> <span class='ocrx_word' id='word_1_316' title='bbox 1254 3894 1290 3960; x_wconf 89' lang='lat' dir='ltr'><strong>in</strong></span> <span class='ocrx_word' id='word_1_317' title='bbox 1305 3895 1431 3963; x_wconf 85' lang='lat' dir='ltr'><strong>miseri-</strong></span> 
     </span>
     <span class='ocr_line' id='line_1_35' title="bbox 193 3993 1434 4182; baseline 0.002 -18"><span class='ocrx_word' id='word_1_318' title='bbox 193 4101 286 4164; x_wconf 86' lang='lat'>1119.</span> <span class='ocrx_word' id='word_1_319' title='bbox 323 3993 545 4161; x_wconf 44' lang='lat' dir='ltr'><strong>wrffssobessa</strong></span> <span class='ocrx_word' id='word_1_320' title='bbox 559 4118 622 4182; x_wconf 89' lang='lat' dir='ltr'><strong>que</strong></span> <span class='ocrx_word' id='word_1_321' title='bbox 637 4095 701 4161; x_wconf 85' lang='lat' dir='ltr'><strong>fuit</strong></span> <span class='ocrx_word' id='word_1_322' title='bbox 716 4118 797 4161; x_wconf 89' lang='lat' dir='ltr'><strong>uxor</strong></span> <span class='ocrx_word' id='word_1_323' title='bbox 811 4096 988 4162; x_wconf 82' lang='lat' dir='ltr'><strong>Alexandri</strong></span> <span class='ocrx_word' id='word_1_324' title='bbox 1008 4096 1129 4161; x_wconf 91' lang='lat' dir='ltr'><strong>Parent</strong></span> <span class='ocrx_word' id='word_1_325' title='bbox 1149 4097 1348 4163; x_wconf 84' lang='lat' dir='ltr'><strong>summonita</strong></span> <span class='ocrx_word' id='word_1_326' title='bbox 1367 4100 1434 4167; x_wconf 86' lang='lat' dir='ltr'><strong>fuit</strong></span> 
     </span>
     <span class='ocr_line' id='line_1_36' title="bbox 201 4203 271 4243; baseline 0 0"><span class='ocrx_word' id='word_1_327' title='bbox 201 4203 271 4243; x_wconf 62' lang='lat' dir='ltr'><strong>aas</strong></span> 
     </span>
    </p>
   </div>
   <div class='ocr_carea' id='block_1_4' title="bbox 326 4296 1150 4485">
    <p class='ocr_par' dir='ltr' id='par_1_8' title="bbox 326 4296 1150 4485">
     <span class='ocr_line' id='line_1_37' title="bbox 358 4296 1150 4362; baseline -0.004 -10"><span class='ocrx_word' id='word_1_328' title='bbox 358 4304 367 4336; x_wconf 93' lang='lat'>¹</span> <span class='ocrx_word' id='word_1_329' title='bbox 384 4300 481 4352; x_wconf 82' lang='lat' dir='ltr'><strong>Robert</strong></span> <span class='ocrx_word' id='word_1_330' title='bbox 502 4299 649 4362; x_wconf 81' lang='lat' dir='ltr'><strong>Lexington</strong></span> <span class='ocrx_word' id='word_1_331' title='bbox 666 4299 719 4350; x_wconf 86' lang='lat' dir='ltr'><strong>and</strong></span> <span class='ocrx_word' id='word_1_332' title='bbox 735 4298 851 4348; x_wconf 85' lang='lat' dir='ltr'><strong>William</strong></span> <span class='ocrx_word' id='word_1_333' title='bbox 935 4296 1063 4360; x_wconf 71' lang='lat' dir='ltr'><strong>’snpply</strong></span> <span class='ocrx_word' id='word_1_334' title='bbox 1073 4311 1107 4355; x_wconf 79' lang='lat' dir='ltr'><strong>re,</strong></span> <span class='ocrx_word' id='word_1_335' title='bbox 1119 4298 1150 4349; x_wconf 63' lang='lat' dir='ltr'>L</span> 
     </span>
     <span class='ocr_line' id='line_1_38' title="bbox 326 4362 1095 4485; baseline -0.008 -68"><span class='ocrx_word' id='word_1_336' title='bbox 326 4367 482 4485; x_wconf 46' lang='lat' dir='ltr'><strong>ggffipdom</strong></span> <span class='ocrx_word' id='word_1_337' title='bbox 496 4371 546 4416; x_wconf 83' lang='lat' dir='ltr'><strong>two</strong></span> <span class='ocrx_word' id='word_1_338' title='bbox 557 4365 661 4428; x_wconf 82' lang='lat' dir='ltr'><strong>justiees</strong></span> <span class='ocrx_word' id='word_1_339' title='bbox 673 4364 752 4414; x_wconf 74' lang='lat' dir='ltr'><strong>ottho</strong></span> <span class='ocrx_word' id='word_1_340' title='bbox 761 4364 851 4426; x_wconf 81' lang='lat' dir='ltr'><strong>King’s</strong></span> <span class='ocrx_word' id='word_1_341' title='bbox 935 4362 946 4394; x_wconf 85' lang='lat'>⁸</span> <span class='ocrx_word' id='word_1_342' title='bbox 961 4363 991 4413; x_wconf 79' lang='lat' dir='ltr'><strong>A.</strong></span> <span class='ocrx_word' id='word_1_343' title='bbox 1006 4378 1042 4412; x_wconf 91' lang='lat' dir='ltr'><strong>m.</strong></span> <span class='ocrx_word' id='word_1_344' title='bbox 1055 4364 1095 4414; x_wconf 90' lang='grc'><strong>16.</strong></span> 
     </span>
    </p>
   </div>
   <div class='ocr_carea' id='block_1_5' title="bbox 0 0 1588 5075">
    <p class='ocr_par' dir='ltr' id='par_1_9' title="bbox 0 0 1588 5075">
     <span class='ocr_line' id='line_1_39' title="bbox 0 0 1588 5075; baseline 0 0"><span class='ocrx_word' id='word_1_345' title='bbox 0 0 1588 5075; x_wconf 95' lang='lat' dir='ltr'><strong> </strong></span> 
     </span>
    </p>
   </div>
  </div>
 </body>
</html>
