3167 5075
355 412 418 474 124
529 424 856 487 consuetoque.
881 409 1040 485 leel-5,
1061 423 1125 474 aa
1149 409 1285 473 18—19.

352 597 448 683 pleno
463 595 620 661 comitatu
637 595 773 661 Eboraci
788 593 914 661 dimisit
928 616 962 660 se
977 592 1019 659 de
1033 593 1177 659 manerio
1192 592 1232 659 de
1243 592 1463 679 Cotingeham

352 709 387 766 et
401 700 483 766 illud
498 700 529 765 ei
543 699 686 766 reddidit
701 708 740 765 ut
754 700 807 766 ius
821 723 926 777 suum,
937 699 987 764 ita
1001 699 1088 785 quod
1098 708 1212 786 postea
1222 698 1287 763 fuit
1297 698 1332 763 in
1343 697 1465 762 seisina

351 805 393 871 de
422 803 535 871 eodem
565 803 708 869 manerio
737 826 796 889 per
824 803 891 890 xiij.
921 802 1120 889 septimanas
1156 802 1242 868 sicut
1279 800 1321 867 de
1357 800 1463 865 libero

352 916 539 974 tenemento
561 929 618 972 suo
641 915 676 972 ct
697 907 784 994 cepit
806 907 883 973 inde
905 907 1036 995 expleta
1049 907 1091 972 ad
1105 907 1286 973 ualenciem
1301 930 1330 972 x
1346 905 1412 983 lib,
1426 914 1464 971 et

351 1021 465 1099 postea
484 1034 544 1099 per
563 1012 769 1077 uoluntatem
796 1012 890 1077 Dom
921 1012 1021 1099 Regis
1049 1010 1231 1077 disseisitus
1260 1019 1310 1077 est
1340 1020 1375 1076 et
1404 1033 1465 1097 per

351 1118 488 1183 balliuos
509 1140 583 1183 snos
606 1125 640 1183 et
662 1117 748 1204 petit
769 1116 933 1183 iusticiam
955 1117 1018 1183 sibi
1040 1116 1111 1182 fieri
1132 1124 1167 1183 et
1192 1116 1279 1204 petit
1308 1116 1462 1181 saisinam

351 1244 443 1287 snam
466 1222 566 1287 telem
588 1222 718 1309 qualem
741 1220 831 1307 prius
861 1221 987 1299 habuit,
1016 1230 1051 1286 ct
1079 1244 1155 1287 oum
1184 1222 1337 1287 seisinam
1368 1244 1464 1287 suam

351 1326 503 1391 habuerit
531 1325 739 1413 respondebit
768 1325 905 1391 cuilibet
934 1334 969 1391 et
997 1325 1101 1391 stabit
1130 1334 1226 1402 recto.
1271 1326 1399 1391 Alanus
1420 1326 1464 1391 dc

352 1429 605 1495 Wextonesham
628 1430 686 1516 qui
710 1430 856 1495 narrauit
885 1452 943 1517 pro
974 1431 1150 1497 Eustachio
1179 1432 1214 1495 in
1243 1432 1465 1497 misericordia

352 1536 429 1622 quia
444 1535 639 1601 Eustochius
653 1534 870 1601 dcaduocauit
884 1535 919 1600 id
934 1535 1020 1622 quod
1034 1560 1092 1623 pro
1107 1560 1145 1603 co
1160 1538 1314 1601 narrauit.

417 1639 462 1703 Et
490 1659 588 1725 super
616 1638 676 1703 hoo
706 1637 846 1703 ueniunt
875 1637 976 1725 Hugo
1006 1639 1109 1704 Waclx
1139 1648 1175 1704 et
1208 1640 1392 1705 Willelmus
1421 1640 1464 1705 de

353 1742 483 1808 Mestnlx
497 1751 533 1807 et
547 1741 661 1807 dicunt
675 1741 762 1827 quod
776 1742 817 1807 de
833 1743 977 1808 manerio
990 1743 1047 1808 illo
1061 1744 1196 1809 luerunt
1210 1744 1274 1830 ipsi
1288 1745 1323 1809 in
1342 1744 1464 1810 seiaina

351 1846 479 1912 racione
500 1867 637 1910 uxorum
660 1866 791 1909 suerum
814 1844 955 1911 filiamm
975 1846 1132 1911 heredum
1147 1846 1286 1933 predicti
1300 1848 1464 1925 Nicholai,

352 1960 386 2017 ct
408 1951 523 2016 dicunt
544 1949 631 2037 quod
657 1958 819 2014 uenerunt
849 1950 935 2036 apud
966 1950 1214 2017 Norhentonam
1238 1936 1324 2017 'elius
1353 1974 1463 2018 coram

351 2058 444 2124 Dom.
461 2058 552 2144 Rege
568 2065 602 2121 et
617 2056 770 2121 dixerunt
786 2055 873 2141 quod
888 2056 1068 2121 manerium
1083 2057 1166 2122 illud
1180 2058 1245 2122 fuit
1259 2057 1312 2122 ius
1323 2080 1464 2123 uxorum

352 2186 492 2241 suerum,
514 2171 549 2228 et
571 2184 635 2248 que
657 2182 723 2225 non
745 2161 880 2225 fuerunt
901 2161 1107 2240 summonite,
1130 2169 1165 2227 et
1179 2162 1249 2227 sine
1264 2162 1386 2248 quibus
1401 2163 1466 2249 ipsi

351 2290 416 2333 non
438 2274 617 2353 potuerunt
638 2286 697 2330 nec
719 2264 905 2330 debuerunt
933 2264 1136 2352 respondere,
1165 2275 1201 2332 et
1229 2265 1345 2332 dicunt
1376 2267 1465 2353 quod

352 2372 484 2435 fixerunt
506 2369 541 2433 in
563 2369 682 2435 scisina
703 2392 762 2457 per
782 2369 877 2435 Dom.
900 2369 1024 2457 Regem
1046 2368 1148 2435 donec
1169 2367 1256 2434 idem
1280 2368 1375 2435 Dom.
1392 2372 1464 2437 Rex

353 2497 407 2541 eos
436 2498 495 2562 per
523 2475 729 2540 uoluntatem
758 2496 851 2541 suem
881 2474 1059 2541 disseisiuit
1089 2482 1123 2540 et
1152 2482 1273 2562 petunt
1309 2477 1465 2543 seisinam

353 2601 454 2653 suam.
471 2587 594 2644 etcum
609 2578 761 2643 scisinam
776 2601 868 2644 suam
884 2578 1059 2644 habuerint
1073 2578 1315 2665 respondebunt
1326 2581 1465 2646 cuilibet

354 2692 389 2750 et
410 2686 545 2750 stabunt
566 2684 601 2749 in
623 2692 720 2762 recto,
742 2693 776 2749 et
798 2684 914 2750 dicunt
937 2683 1024 2770 quod
1046 2685 1180 2749 fuerunt
1201 2683 1278 2748 inde
1308 2684 1466 2750 disseisiti

353 2796 427 2875 post
448 2788 535 2852 diem
558 2787 605 2853 cis
627 2785 703 2852 inde
726 2785 842 2853 datum
864 2787 899 2851 in
913 2786 1004 2852 curie
1017 2785 1112 2852 Dom.
1129 2786 1236 2874 Regis.
1282 2787 1327 2851 Et
1341 2787 1465 2873 quesiti

353 2900 464 2957 utrum
495 2893 587 2958 Dom.
624 2891 696 2956 Rex
731 2913 784 2956 eos
822 2891 939 2956 ultimo
975 2891 1151 2956 disseisiuit
1187 2891 1242 2957 uel
1278 2890 1465 2977 predictum
1562 2916 1563 2923 ¹

355 2994 575 3072 Eustachium,
605 2994 719 3060 dicunt
748 2994 835 3081 qnod
864 2994 1042 3060 disseisiuit
1072 3017 1126 3060 cos
1155 2994 1273 3058 ultimo
1302 3003 1338 3059 et
1376 2994 1464 3081 quod

353 3099 453 3165 nichil
468 3099 576 3164 sciunt
590 3098 631 3164 de
646 3098 765 3164 seisina
779 3099 881 3184 ipsius
897 3099 1075 3176 Eustachii,
1089 3098 1143 3164 uel
1158 3098 1335 3164 disseisina

420 3203 464 3267 Et
484 3223 582 3288 super
603 3201 662 3266 hoo
685 3201 779 3267 uenit
801 3202 895 3267 Dom.
918 3202 990 3266 Rex
1020 3202 1055 3267 in
1084 3201 1178 3266 cuius
1206 3201 1376 3288 presencia
1405 3203 1466 3268 hec

354 3307 463 3372 omnia
490 3305 566 3371 hinc
595 3305 671 3371 inde
701 3305 789 3371 dicta
818 3314 897 3371 sunt
926 3316 962 3371 et
990 3305 1187 3384 recordetur,
1218 3305 1304 3394 quod
1333 3306 1466 3374 inuenit

354 3410 536 3496 predictum
545 3409 759 3475 Eustachium
768 3410 845 3475 inde
856 3411 1015 3487 seisitum,
1024 3419 1058 3475 et
1070 3408 1156 3496 quod
1167 3408 1255 3475 idem
1267 3409 1466 3476 Eustachins

354 3516 517 3602 optulerat
539 3515 570 3579 ei
592 3514 670 3580 dum
694 3517 801 3580 dierat
822 3515 858 3580 in
880 3515 999 3580 aeisino
1019 3515 1109 3580 mille
1131 3514 1230 3579 libras
1244 3537 1302 3600 per
1316 3515 1364 3581 sic
1378 3515 1466 3602 quod

354 3618 445 3684 inde¹
460 3617 676 3683 disseisiretur
690 3617 753 3683 nisi
768 3641 827 3705 per
840 3618 1008 3695 iudicium,
1022 3619 1076 3683 uel
1092 3618 1331 3704 quinquaginta
1340 3642 1465 3684 marcos

355 3723 479 3811 persio
502 3723 587 3810 quod
610 3725 703 3790 Dom.
733 3725 805 3790 Rex
835 3736 966 3813 caperet
995 3734 1115 3791 terram
1144 3724 1236 3790 illem
1265 3727 1300 3791 in
1329 3749 1464 3792 manum
1560 3720 1561 3805 ᾖ

355 3851 447 3894 snam
463 3838 497 3894 et
511 3837 639 3894 teneret
653 3829 755 3894 donec
769 3830 946 3917 unicuique
961 3830 1105 3917 ipsorum
1120 3830 1251 3896 iusticia
1271 3829 1348 3895 inde
1371 3831 1465 3896 fieret

355 3933 390 3999 in
412 3933 502 3998 curia
522 3956 589 4011 sua,
611 3943 646 3999 et
667 3935 751 4000 bene
773 3936 937 4022 cognoscit
959 3934 1047 4022 quod
1068 3957 1127 4022 per
1149 3935 1355 4000 uoluntatem
1371 3957 1464 4000 suam

355 4036 569 4103 disseisiuit
559 4059 667 4123 rpsum
698 4037 910 4103 Eustachium
940 4039 1010 4104 sine
1040 4037 1296 4103 summonicione
1326 4045 1362 4101 et
1395 4037 1465 4102 sine

355 4140 482 4207 iudicio.
527 4141 571 4206 Et
585 4139 672 4205 idem
689 4142 885 4208 Eustachius
900 4142 942 4208 ad
956 4143 1022 4207 huc
1036 4141 1133 4207 offert
1147 4139 1356 4227 e1p1edictas
1375 4140 1466 4205 mille
1559 4092 1560 4235 l

356 4243 453 4310 libras
475 4265 532 4329 per
554 4242 599 4307 sic
621 4243 706 4329 quod
729 4266 788 4331 per
809 4245 966 4310 iudicium
991 4245 1079 4310 curie
1102 4267 1160 4310 sue
1182 4243 1259 4308 inde
1274 4242 1464 4309 deducatur.

356 4348 401 4412 Et
414 4344 656 4412 admittuntur.²
697 4346 789 4412 Dicit
805 4347 908 4414 eciam
922 4348 1017 4413 Dom.
1036 4348 1107 4414 Rex
1122 4344 1208 4433 quod
1223 4354 1297 4432 post
1311 4346 1463 4412 seisinam

517 4471 711 4535 ¹Supplynoo‚
723 4472 755 4522 A.
934 4472 1299 4539 ’Themoneyisacoeptad
