3167 5075
330 375 394 437 218
548 342 673 437 cumn·
689 382 788 447 nucu,
811 384 877 437 uu.
901 369 1060 454 1236-7,
1081 386 1144 437 uu
1167 374 1218 440 21.

328 568 363 626 et
378 558 493 625 Grecie
507 564 542 623 et
556 557 592 623 in
606 556 774 644 presencia
787 556 891 643 ipsius
905 564 940 622 et
953 562 993 622 'eo
1009 579 1075 622 non
1086 557 1291 623 'reclamante
1312 565 1350 624 et
1369 558 1439 645 ipse

329 665 380 731 uir
394 687 472 731 suus
487 670 522 728 et
539 662 610 749 ipsu
629 663 678 728 ite
698 663 831 728 fuerunt
852 662 888 727 in
909 662 1029 727 seisiue
1050 670 1086 727 et
1107 662 1179 748 ipsa
1199 671 1274 749 post
1297 672 1438 729 mortem

328 769 392 834 uiri
406 768 458 833 sni
471 766 595 852 recepit
609 764 774 830 redditum
789 763 831 829 de
845 763 985 829 termino
996 764 1100 850 primo
1111 765 1234 830 scilicet
1244 764 1287 830 de
1297 765 1438 830 termino

328 874 360 939 S.
380 871 550 937 Michaelis
570 877 604 934 et
626 869 755 933 Natalis
775 868 879 932 etita
901 866 989 953 quod
1010 866 1099 932 idem
1122 867 1289 933 Johennes
1311 868 1437 933 nullam

328 975 479 1041 seisinem
500 972 626 1050 hebuit,
641 980 676 1037 et
695 971 777 1037 dicit
798 970 887 1058 quod
909 971 1038 1058 quando
1059 972 1132 1059 ipse
1151 973 1240 1059 cepit
1260 972 1439 1039 fidelitates

328 1078 515 1145 tenemium
537 1082 771 1163 postmortem
794 1074 858 1139 uiri
879 1075 931 1140 sui
952 1084 987 1139 et
1008 1074 1097 1141 idem
1117 1077 1284 1143 lohannes
1306 1100 1440 1165 presens

328 1186 393 1251 fuit
408 1192 443 1249 et
457 1184 518 1248 hoc
532 1182 689 1247 concessit
704 1188 763 1245 etc

394 1290 438 1353 Et
452 1287 619 1353 Johennes
634 1285 715 1350 dicit
735 1284 823 1370 quod
841 1284 891 1349 ita
909 1283 974 1349 fuit
994 1284 1126 1350 seisitus
1146 1284 1233 1352 sicut
1252 1286 1439 1373 predictum

328 1398 386 1457 est.
440 1390 485 1455 Et
511 1387 658 1475 quesitus
687 1386 817 1472 quando
845 1384 998 1451 seisinem
1026 1386 1145 1452 hebuit
1173 1388 1254 1455 dicit
1282 1389 1370 1475 quod
1393 1390 1439 1455 nd

329 1497 449 1560 festum
466 1494 497 1559 S.
514 1492 650 1558 Martini
671 1499 746 1577 post
767 1498 907 1556 mortem
928 1491 1031 1577 ipsius
1051 1492 1172 1570 Brieni,
1186 1500 1236 1557 set
1254 1492 1439 1579 dicitquod

328 1598 428 1665 nichil
450 1598 573 1685 recepit
595 1596 635 1663 de
657 1595 788 1662 redditu
809 1595 867 1662 illo
888 1595 952 1660 nisi
973 1596 1061 1682 quod
1081 1596 1169 1683 cepit
1189 1597 1366 1663 fidelitates
1379 1599 1439 1663 ho·

331 1702 464 1767 minum.

394 1806 439 1869 Et
459 1802 536 1891 quie
555 1801 627 1889 ipse
641 1803 706 1868 fuit
720 1801 756 1868 in
770 1802 891 1868 seisina
903 1811 978 1889 post
992 1809 1131 1869 mortem
1145 1802 1210 1867 uiri
1223 1802 1275 1868 sui
1288 1802 1339 1868 itu
1351 1803 1441 1890 quod

328 1908 451 1995 recepit
466 1907 630 1973 redditum
645 1908 743 1993 primi
758 1908 900 1987 termini,
915 1916 950 1973 et
967 1916 1144 1994 antequem
1163 1906 1252 1971 idem
1270 1906 1441 1973 lohannes

329 2012 473 2098 aliquam
494 2008 582 2095 cepit
604 2008 799 2075 fidelitatem
820 2009 861 2073 de
884 2008 1078 2088 hominihus,
1093 2017 1128 2074 et
1147 2017 1262 2095 posteo
1279 2011 1321 2076 de
1336 2011 1442 2076 altero

329 2116 477 2193 termine,
504 2114 743 2179 consideratum
772 2122 824 2179 est
849 2112 936 2201 quod
958 2112 1124 2199 predictus
1149 2113 1316 2179 «lohannes
1338 2116 1444 2181 nichil

329 2219 419 2305 oepit
439 2242 498 2305 per
519 2218 652 2283 assisam
673 2225 709 2282 et
729 2217 773 2282 sit
793 2217 828 2282 in
843 2216 1063 2282 misericordie
1074 2238 1133 2303 pro
1147 2217 1228 2282 falso
1242 2217 1393 2292 clamore,
1407 2226 1444 2283 et

332 2322 447 2388 Greeia
461 2321 537 2386 inde
555 2321 625 2385 sine
645 2318 708 2385 die.
753 2320 798 2384 Et
817 2319 985 2385 sciendum
1008 2319 1095 2406 quod
1115 2319 1274 2405 placitum
1295 2319 1444 2406 procedit

330 2448 437 2491 coram
452 2424 639 2491 iusticiariis
653 2424 745 2489 selue
760 2423 913 2489 libertate
927 2422 969 2487 de
984 2422 1156 2509 Grimesby
1170 2424 1245 2488 etn¹

201 2534 293 2600 1206.
396 2529 508 2596 Assisa
537 2528 630 2595 uenit
658 2528 866 2616 recognitum
894 2527 923 2594 si
951 2527 1114 2594 Rohertus
1143 2527 1184 2593 de
1212 2526 1442 2594 Glouoewrthe

216 2633 272 2680 ΗΜ
331 2633 453 2698 iniuste
468 2641 527 2697 etc.
544 2631 722 2696 disseisiuit
741 2632 927 2697 Johennem
949 2631 1055 2695 filium
1076 2631 1254 2696 Alexandri
1275 2631 1318 2696 de
1341 2632 1443 2698 libem

331 2745 519 2804 tenemento
534 2758 592 2802 suo
607 2736 642 2801 in
657 2736 813 2802 suburbio
827 2736 994 2801 Lincolnie
1015 2744 1090 2821 post
1108 2743 1168 2801 etc
1213 2737 1258 2800 Et
1277 2737 1444 2802 Robertns

332 2842 425 2908 uenit
447 2849 481 2906 et
503 2840 603 2906 nichil
624 2849 733 2927 potest
756 2841 863 2906 dicere
888 2864 987 2928 quere
1011 2841 1111 2906 assisa
1132 2862 1300 2907 remanere
1322 2841 1444 2907 debent

333 2946 410 3032 quia
423 2945 510 3010 idem
525 2943 693 3010 lohannes
708 2952 758 3010 est
773 2944 858 3009 infre
871 2952 1004 3021 etatem,
1019 2950 1055 3008 et
1074 2944 1147 3009 ideo
1166 2944 1322 3030 procedat
1342 2945 1446 3010 assim

333 3057 393 3114 etc.

396 3152 565 3218 Juretores
586 3151 701 3218 dicunt
722 3152 810 3238 quod
831 3152 998 3239 predictus
1020 3152 1207 3218 Alexander
1229 3153 1265 3217 in
1288 3153 1363 3220 nito
1380 3175 1448 3219 sum
1558 3133 1559 3226 l

332 3255 458 3322 dimisit
480 3257 662 3343 masagium
684 3257 767 3322 niue
788 3257 935 3344 predicto
960 3258 1103 3322 nobem
1125 3257 1168 3322 ad
1193 3259 1370 3322 terminum
1393 3257 1449 3323 m

333 3360 419 3446 quod
435 3360 484 3425 ite
497 3360 563 3425 fuit
577 3359 612 3425 in
628 3361 747 3425 seisine
760 3359 803 3426 ad
821 3361 1008 3438 terminum,
1022 3372 1058 3445 et
1072 3361 1201 3448 quando
1215 3362 1285 3447 ipse
1300 3362 1447 3427 Alexan-
1558 3357 1559 3432 l

334 3465 392 3530 der
421 3465 485 3529 fuit
513 3465 699 3530 infirmatus
727 3465 816 3550 opud
844 3465 1041 3530 Tikehillam
1067 3464 1182 3531 dicunt
1206 3465 1295 3552 quod
1319 3465 1451 3552 legeuit
1558 3455 1559 3490 ³

333 3567 478 3654 predicto
510 3567 672 3632 Johenni²
699 3567 881 3654 menagium
910 3569 1003 3646 illud,
1031 3577 1083 3634 set
1111 3569 1241 3655 quando
1274 3570 1451 3636 conualuit

333 3673 456 3758 recepit
485 3671 651 3737 redditum
678 3672 718 3737 de
744 3672 889 3758 predicto
915 3672 1058 3760 mesegio
1083 3673 1329 3759 prouenientem
1354 3673 1453 3739 sicut
1558 3749 1559 3754 ἵ

334 3775 423 3860 prius
445 3774 564 3840 feceret
587 3782 664 3840 ante
688 3775 916 3840 infirmitatem
937 3798 1032 3840 suam
1056 3784 1091 3841 et
1113 3797 1216 3862 usque
1239 3777 1283 3841 ad
1303 3783 1452 3842 mortem

334 3902 435 3956 suem,
450 3887 484 3944 et
498 3879 546 3944 ite
560 3878 643 3945 obiit
663 3879 699 3944 in
718 3879 846 3946 seisine
891 3879 935 3944 Et
957 3879 1078 3966 quesiti
1100 3879 1129 3944 si
1149 3878 1238 3945 idem
1259 3877 1457 3947 Alexander

334 4006 486 4070 umquem
515 3983 606 4050 dedit
630 3983 813 4071 mesagium
834 3983 918 4050 illud
939 3983 1047 4049 eidem
1068 3983 1213 4049 Roberto
1234 3983 1270 4048 in
1291 3982 1378 4049 feodo
1408 3995 1455 4052 et

334 4145 865 4287 eillltlllhfhlhlllhlhltl
911 4145 1043 4261 Phidia.
1061 4211 1177 4260 notem.
1210 4208 1306 4286 resin
1326 4207 1354 4258 te
1374 4224 1455 4264 seen

335 4275 415 4340 leslty
431 4291 454 4325 rs
471 4279 519 4326 not
535 4291 615 4326 serem
632 4276 772 4327 olerent.
809 4276 863 4325 But
912 4275 993 4325 below
1011 4275 1070 4326 thet
1087 4275 1183 4325 Bobert
1199 4275 1277 4326 mhed
1293 4274 1350 4326 both
1364 4287 1412 4326 on
1434 4293 1457 4329 t
1558 4285 1559 4346 J

335 4343 378 4392 the
395 4356 456 4404 year
473 4341 540 4392 cited
557 4340 580 4389 is
598 4341 629 4390 A.
640 4340 672 4389 B.
689 4342 730 4390 20.
763 4341 825 4391 Also
841 4340 863 4393 it
913 4341 1049 4392 feohment
1059 4339 1112 4393 und
1123 4356 1140 4392 e
1150 4339 1243 4393 devise

335 4422 419 4457 seems
448 4411 474 4457 to
496 4407 527 4457 be
548 4405 616 4456 Fitz.
639 4407 861 4464 Dircentiuuauce.
