3167 5075
326 374 369 439 96
644 386 783 453 ιιιειιιιι,
805 385 871 437 an.
895 372 989 447 1225,
1010 384 1074 435 na
1097 372 1126 437 9.

325 582 436 627 meum
456 568 507 627 est
527 560 563 625 in
583 558 719 625 ecclesia
738 559 775 627 B.
791 558 895 624 Marie
910 558 952 624 de
966 558 1074 644 Wyka
1088 556 1122 624 id
1137 558 1254 623 estius
1267 556 1439 623 aduocari·

324 666 395 731 onis
409 672 469 730 etc
507 663 634 729 Profert
648 663 751 729 eciam
762 670 886 729 cartam
898 662 1033 728 Roberti
1044 661 1106 726 filii
1116 660 1275 727 willelmi
1285 660 1437 748 capitalis

324 768 532 856 dominique
555 767 678 834 donum
707 766 790 833 illud
819 766 996 831 confirmat
1041 766 1168 831 Profert
1197 766 1300 831 eciam
1328 773 1437 829 cartas

324 872 544 938 Bartholomei
574 871 764 937 Exoniensis
795 870 946 958 Episcopi
982 878 1017 935 et
1053 868 1234 936 Theobaldi
1269 866 1435 955 quondam

325 976 570 1043 cantuariensis
589 974 848 1062 Archiepiscopi¹
871 998 935 1062 que
958 974 1081 1040 donum
1104 974 1186 1040 illud
1206 973 1291 1039 sicut
1308 972 1436 1038 iustum

324 1088 375 1145 est
394 1080 595 1147 confirmant.
639 1079 738 1145 Unde
758 1079 847 1145 idem
867 1078 959 1145 Prior
977 1079 1059 1145 dicit
1078 1078 1165 1165 quod
1188 1100 1304 1145 reuera
1325 1076 1436 1142 Alicia

323 1184 470 1272 predicta
484 1191 591 1249 mater
602 1183 742 1269 predicti
756 1182 896 1249 Walteri
909 1205 1079 1269 personam
1096 1182 1247 1248 ultimam
1267 1188 1436 1268 presenta-

324 1288 376 1354 uit
387 1310 450 1376 que
462 1287 552 1365 obiit,
563 1286 629 1353 scil.
645 1286 819 1373 quemdam
835 1285 1041 1365 Gilibertum,
1052 1293 1104 1352 set
1118 1286 1284 1353 Walterus
1297 1285 1384 1351 filius
1397 1292 1436 1349 et

323 1393 417 1458 heres
431 1414 510 1457 suus
524 1400 637 1477 postea
651 1389 772 1456 donum
787 1389 871 1455 illud
886 1389 932 1455 eis
947 1389 1032 1456 fecit.

390 1496 434 1563 Et
448 1495 607 1563 Ricardus
621 1496 707 1583 petit
721 1494 784 1561 sibi
798 1494 929 1561 allooari
947 1495 1033 1582 quod
1054 1494 1218 1582 cognoscit
1237 1494 1436 1583 presentari-

324 1622 420 1666 onem
434 1600 579 1687 predicte
595 1599 699 1665 Alicio
714 1599 789 1668 auio
808 1622 867 1664 sue
889 1606 924 1664 et
944 1598 1024 1663 dicit
1044 1598 1131 1685 quod
1149 1597 1271 1665 donum
1294 1598 1437 1665 Walteri

324 1704 378 1769 uel
404 1711 494 1769 carte
519 1725 578 1769 sua
603 1702 635 1769 ei
660 1724 725 1767 non
750 1701 873 1767 debent
901 1724 1016 1767 nocere
1046 1702 1124 1789 quia
1151 1702 1240 1768 idem
1268 1702 1436 1769 Walterus

323 1830 492 1895 nunquam
514 1807 666 1873 saisinam
688 1806 806 1872 habuit
828 1805 870 1871 de
892 1805 1002 1892 aliqua
1023 1813 1111 1871 terra
1124 1828 1163 1871 eo
1177 1805 1264 1893 quod
1278 1805 1360 1871 obiit
1374 1830 1437 1893 per

324 1936 479 2001 magnum
495 1920 627 1999 tempus
640 1919 718 1976 ante
733 1910 874 1975 Aliciam
889 1918 924 1975 et
938 1910 1046 1976 Alicia
1059 1909 1142 1975 obiit
1156 1910 1268 1976 saisita
1282 1910 1323 1976 de
1346 1919 1435 1977 terra

323 2016 381 2083 illa
405 2024 440 2082 et
463 2016 539 2082 inde
566 2014 659 2101 ponit
681 2036 715 2081 se
737 2036 836 2101 super
856 2013 926 2081 iur'.
970 2015 1014 2079 Et
1036 2014 1193 2081 iuratores
1214 2016 1291 2082 inde
1312 2016 1435 2103 quesiti

323 2121 438 2187 dicunt
473 2121 509 2187 in
541 2120 605 2185 fide
635 2140 700 2205 qna
728 2126 886 2184 tenentur
913 2119 1008 2185 Dom.
1037 2120 1122 2207 Regi
1151 2120 1239 2207 quod
1267 2120 1434 2187 Walterus

323 2247 490 2312 nunquam
514 2223 630 2288 habuit
653 2222 806 2288 seisinam
829 2222 870 2287 de
897 2231 985 2288 terra
1008 2223 1049 2289 de
1074 2223 1184 2311 Wylra
1204 2225 1305 2290 immo
1327 2224 1437 2291 Alicia
1579 2283 1580 2292 ,

323 2328 405 2393 obiit
427 2327 503 2393 inde
526 2325 638 2392 seisita
661 2333 700 2391 ut
725 2325 882 2391 defendo
908 2335 943 2391 et
972 2327 1153 2394 hereditate
1178 2350 1246 2397 sua
1291 2330 1335 2394 Et
1360 2329 1436 2396 ideo

324 2431 562 2497 consideratum
582 2436 632 2496 est
656 2429 741 2517 quod
762 2428 921 2496 Ricardus
940 2432 1147 2518 recuperauit
1165 2432 1319 2500 seisinam
1340 2457 1435 2501 suam

324 2543 359 2602 et
374 2535 465 2601 Prior
478 2534 514 2600 in
529 2532 770 2602 misericordia¹.

389 2639 589 2705 'Willelmns
611 2638 652 2704 de
676 2639 769 2705 Bello
793 2639 918 2726 Campo
937 2640 1023 2726 petit
1042 2662 1156 2707 uersus
1176 2641 1372 2710 Nicholaum
1391 2642 1435 2709 de

325 2745 436 2810 Kenet
455 2743 636 2808 manerium
655 2743 697 2808 de
719 2742 939 2831 Sheldelegha
959 2767 1033 2810 cum
1054 2754 1135 2832 pert.
1157 2755 1196 2811 ut
1216 2746 1268 2812 ius
1286 2769 1384 2812 suum
1397 2747 1435 2812 in

325 2847 412 2936 quod
426 2847 513 2912 idem
529 2847 562 2912 N
563 2846 708 2912 icholaus
722 2868 788 2911 non
803 2847 904 2912 habet
914 2847 1095 2936 ingressum
1105 2849 1169 2915 nisi
1179 2872 1238 2937 per
1249 2851 1436 2918 Ysobellam

325 2953 366 3018 de
392 2951 484 3017 Bello
510 2951 633 3037 Campo
660 2973 793 3016 uxorem
820 2974 912 3016 suam
942 2959 1080 3018 matrem
1110 2954 1249 3041 predicti
1276 2955 1437 3021 Willelmi

325 3056 418 3123 cuius
447 3057 539 3122 heres
567 3055 637 3144 ipse
667 3063 718 3122 est
748 3077 811 3142 que
841 3055 1024 3142 predictum
1055 3058 1236 3124 manerium
1265 3059 1375 3125 tenuit
1400 3060 1436 3126 in

325 3161 534 3249 maritagium
558 3169 597 3226 ut
621 3160 711 3238 dicit,
735 3168 770 3225 et
795 3159 880 3226 unde
907 3159 995 3225 idem
1025 3160 1210 3228 Willelmus
1239 3162 1320 3229 dicit
1348 3164 1436 3250 quod

325 3265 479 3332 Ysobella
493 3264 575 3330 obiit
590 3264 659 3330 sine
675 3263 793 3328 herede
809 3263 850 3329 de
864 3286 899 3329 se
914 3285 973 3349 per
987 3265 1073 3351 quod
1089 3273 1177 3331 terra
1187 3265 1302 3332 debuit
1312 3269 1436 3334 reuerti

325 3369 368 3436 ad
383 3391 459 3436 eum
474 3377 512 3434 ut
527 3367 568 3433 ad
582 3368 688 3433 filium
703 3374 738 3432 et
752 3367 906 3432 heredem
921 3390 1025 3445 suum,
1041 3376 1075 3434 et
1090 3369 1177 3436 unde
1189 3372 1338 3457 queritur
1348 3372 1435 3459 quod

325 3479 400 3561 post
421 3479 559 3538 mortem
580 3471 683 3558 ipsius
705 3471 859 3536 Ysobelle
874 3471 962 3558 cepit
976 3469 1063 3538 idem
1079 3472 1112 3537 N
1114 3471 1260 3540 icholaus
1274 3475 1316 3548 de
1332 3476 1437 3542 homi-

326 3576 423 3644 nibus
437 3576 504 3641 suis
518 3599 547 3642 x.
563 3598 686 3642 marcas
701 3583 736 3641 et
751 3575 828 3641 inde
842 3575 992 3662 producit
1006 3583 1137 3642 sectam.

392 3680 436 3746 Et
456 3679 635 3745 Nicholaus
654 3702 713 3767 per
732 3688 935 3745 attornatum
955 3702 1051 3745 suum
1076 3681 1169 3748 uenit
1189 3691 1224 3748 et
1245 3683 1327 3748 dicit
1349 3684 1437 3771 qnod
1578 3728 1579 3741 ι

327 3795 415 3850 terra
428 3784 485 3850 illa
499 3784 563 3849 fuit
577 3784 740 3850 hereditas
755 3784 859 3870 ipsius
873 3783 1026 3850 Ysobelle
1041 3793 1075 3850 et
1091 3786 1186 3852 Dom.
1200 3787 1273 3852 Rex
1292 3787 1385 3854 dedit
1404 3790 1436 3855 ei
1578 3862 1579 3869 χ

328 3899 448 3956 terram
466 3887 471 3976 Ι
492 3889 582 3954 illam
603 3911 678 3955 cum
699 3888 771 3975 ipsa
790 3887 946 3956 Ysobella
964 3888 1051 3954 uude
1071 3889 1152 3955 dicit
1172 3890 1259 3976 quod
1278 3891 1437 3980 intelligit

329 3992 415 4081 quod
439 4013 511 4058 eam
536 3998 646 4057 tenere
669 3991 769 4057 debet
792 3999 864 4058 tota
886 3992 959 4059 uita
980 4015 1041 4058 sua
1059 3992 1136 4060 licet
1155 4002 1285 4060 mortua
1303 3994 1347 4060 sit
1366 3995 1437 4062 sine

360 4155 370 4189 ¹
388 4154 435 4206 Ob.
447 4155 520 4206 1191.
906 4153 1032 4214 william,
1041 4153 1091 4205 has
1100 4154 1214 4206 married
1221 4155 1344 4206 Nicholns
1352 4155 1438 4206 Kenet

360 4219 463 4298 [cited
484 4218 519 4284 by
537 4219 659 4284 Bronton,
678 4219 697 4274 i.
716 4219 783 4280 tub,
803 4218 859 4272 and
907 4219 962 4298 end
982 4219 1043 4297 died
1063 4219 1180 4297 without·
1196 4219 1294 4284 having
1313 4222 1383 4272 issue
1402 4222 1438 4298 by

328 4284 536 4430 “iffngssssffgij
557 4349 668 4402 Isabclln
691 4349 858 4428 Pcauchnmp
906 4283 1121 4412 &Pitaniihodleii
1131 4285 1346 4403 waiam·
1371 4285 1438 4338 'nm

328 4416 426 4482 hauns
440 4416 501 4482 bya
516 4417 611 4468 tormer
625 4429 752 4480 marriage
768 4431 784 4468 a
799 4431 857 4477 son,
