3167 5075
358 416 420 480 122
670 426 895 488 masmana.
921 413 1015 488 1225,
1036 427 1099 478 aa
1124 414 1152 479 9.

354 600 504 666 Mauricii
527 622 587 687 per
610 606 732 665 cartam
759 598 850 663 illam
874 620 937 685 que
966 598 1088 665 donum
1113 600 1196 666 illud
1219 610 1368 667 testatur.
1411 602 1463 668 De

353 706 419 772 alia
433 705 509 771 dim.
526 704 607 790 uirg.
624 711 708 768 terre
723 702 906 788 dicitquod
927 702 1086 769 Ricardus
1107 703 1148 768 de
1168 704 1353 770 Pakintona
1370 704 1462 770 iliam

353 812 384 877 ei
399 810 491 877 dedit
505 832 564 896 per
578 816 700 875 cartam
715 830 817 885 suam,
829 830 892 894 que
904 807 964 873 hcc
979 816 1121 874 testatur
1134 817 1170 875 et
1184 832 1260 875 eum
1275 819 1372 875 uocat
1385 810 1462 877 indc

352 916 394 981 sd
409 924 597 981 warantum.
642 915 687 979 Et
701 912 861 979 Ricardus
874 934 1007 999 presens
1020 921 1072 977 cst
1086 922 1122 978 et
1136 914 1169 978 ei
1182 913 1378 980 warentiaat

419 1018 462 1084 Et
476 1016 662 1083 Willclmus
675 1015 757 1082 dicit
771 1015 859 1102 quod
872 1014 994 1081 iniusta
1009 1016 1198 1082 warentiaat
1216 1017 1296 1103 quia
1314 1040 1375 1083 nec
1392 1018 1463 1104 ipse

352 1146 412 1191 nec
433 1130 529 1210 pater
549 1144 628 1187 suus
648 1142 817 1206 nunquam
841 1118 992 1185 saisinam
1016 1118 1093 1185 inde
1116 1120 1308 1211 habuerunt
1354 1122 1400 1185 Et
1420 1122 1463 1186 de

351 1228 416 1293 alia
440 1226 523 1293 med.
548 1225 628 1312 uirg.
654 1232 739 1289 terre
763 1223 844 1289 dicit
866 1222 954 1309 quod
978 1245 1146 1309 nunquam
1170 1223 1348 1290 Mauricius
1370 1224 1462 1289 illam

349 1330 442 1396 dedit
456 1329 534 1417 quia
547 1336 637 1393 carta
651 1326 732 1392 falsa
746 1334 797 1390 est
812 1334 847 1391 et
857 1348 969 1391 recens
980 1334 1014 1391 et
1029 1326 1206 1393 Mauricius
1220 1328 1303 1393 obiit
1314 1329 1356 1393 xl.
1365 1328 1462 1393 annis

349 1434 521 1500 transactis
536 1441 571 1497 et
586 1431 650 1497 fuit
664 1431 796 1497 saisitus
810 1430 863 1495 die
879 1453 942 1518 quo
956 1432 1039 1497 obiit
1057 1440 1092 1497 et
1111 1431 1185 1498 ideo
1206 1442 1297 1498 carta
1317 1432 1375 1498 illa
1396 1456 1462 1497 non

349 1538 449 1605 debet
463 1538 494 1604 ci
508 1558 631 1604 nocere.

415 1643 460 1707 Et
474 1640 633 1707 Ricardus
647 1640 688 1706 dc
706 1638 863 1707 Oaldicot'
878 1662 937 1726 per
955 1648 1159 1706 attornatum
1178 1663 1273 1707 suum
1297 1641 1463 1728 cognoscit

349 1748 436 1835 quod
457 1768 571 1813 reuera
593 1744 770 1811 Mauricius
792 1744 875 1810 obiit
896 1745 1028 1810 saisitus
1046 1744 1087 1810 de
1102 1746 1160 1810 illa
1173 1745 1249 1811 dim.
1266 1746 1347 1833 uirg.
1364 1755 1460 1823 terre,

348 1862 400 1919 set
422 1852 512 1940 prius
535 1852 625 1918 illam
650 1851 784 1917 dederat
810 1850 978 1916 Thurkillo
1004 1850 1090 1936 patri
1116 1872 1174 1915 suo
1198 1873 1257 1937 per
1279 1851 1461 1937 predictam

348 1964 631 2126 fflffffffirdus
649 2057 690 2123 de
710 2056 895 2121 Pakintona
916 2054 997 2121 dicit
1018 2054 1105 2142 quod
1126 2056 1260 2142 quidam
1283 2054 1462 2122 Godwinus

348 2189 430 2232 auus
445 2188 523 2231 suus
537 2163 655 2229 habuit
669 2170 736 2226 tres
751 2160 834 2225 filios
848 2160 1038 2226 Hubertum
1057 2159 1321 2248 primogenitum,
1336 2161 1461 2227 Rober-

347 2277 420 2333 tum
446 2268 591 2333 medium
613 2273 648 2331 et
670 2264 865 2330 Mauricium
890 2272 1089 2350 postratum,
1114 2275 1150 2330 et
1171 2264 1259 2330 idem
1285 2266 1461 2331 Hubertus

348 2370 584 2458 primogenitus
605 2375 678 2454 post
701 2375 839 2431 mortem
862 2365 964 2452 patris
983 2367 1036 2431 sui
1055 2367 1164 2432 tenuit
1178 2367 1269 2433 iilam
1283 2368 1360 2433 dim.
1378 2369 1459 2455 uirg.

348 2483 433 2541 terre
450 2474 535 2540 undo
550 2481 685 2539 uocatus
699 2480 749 2538 cst
764 2470 807 2538 ad
822 2478 1001 2535 warantum
1021 2479 1056 2537 et
1075 2471 1165 2538 illam
1186 2471 1278 2539 dedit
1300 2472 1461 2540 Mauricio

349 2580 441 2645 fiatri
462 2602 520 2644 suo
540 2586 691 2666 postnato
711 2599 769 2664 pro
783 2577 935 2664 homagio
949 2585 985 2642 et
998 2578 1135 2642 seruicia
1149 2600 1216 2654 suo,
1231 2587 1266 2643 ct
1281 2579 1461 2646 Mauricius

235 2701 237 2708 ·
349 2683 459 2748 tenuit
481 2691 552 2748 tota
573 2681 644 2746 uita
665 2703 732 2758 sua,
748 2688 782 2746 et
802 2689 877 2766 post
891 2689 1029 2745 mortem
1044 2681 1114 2746 eius
1129 2681 1222 2746 uenit
1238 2682 1411 2749 Hubertus
1426 2693 1461 2749 et

348 2787 522 2853 rciseisiuit
544 2794 664 2850 terram
686 2785 776 2851 illam
799 2785 834 2850 in
856 2807 990 2850 manum
1012 2807 1104 2850 suam
1124 2792 1159 2849 et
1178 2785 1295 2864 tenuit,
1316 2795 1351 2851 et
1371 2787 1458 2852 idem

349 2890 506 2956 Ricardus
529 2890 613 2954 sicut
635 2888 722 2952 filius
742 2887 879 2952 Roberti
895 2887 1029 2953 secundi
1044 2888 1152 2954 fratris
1166 2889 1260 2954 uenit
1274 2900 1309 2954 ct
1323 2889 1460 2976 inplaci-

350 2995 437 3060 tauit
451 2994 590 3060 eundem
607 2991 795 3056 Hubertum
809 2991 845 3055 in
859 2991 949 3056 curia
961 2991 1064 3076 ipsius
1079 2991 1223 3057 Huberti
1237 3015 1276 3057 co
1290 2993 1380 3077 quod
1393 3016 1459 3059 non

349 3098 459 3186 potuit
474 3119 542 3162 esse
557 3095 706 3160 dominus
722 3103 756 3158 et
774 3092 882 3160 hercs¹
897 3103 932 3159 ct
951 3095 1158 3180 recuperauit
1176 3119 1235 3182 per
1254 3097 1459 3163 concordiam

349 3204 439 3270 illam
460 3202 534 3268 dim.
556 3201 637 3287 uirg.
659 3209 753 3276 terre,
772 3206 808 3264 ct
830 3198 917 3285 quod
938 3198 987 3263 ita
1008 3199 1052 3263 sit
1073 3199 1167 3285 ponit
1188 3222 1222 3265 se
1245 3201 1281 3265 in
1303 3224 1459 3289 magnam

349 3307 482 3374 assisam
505 3305 598 3372 Dom.
614 3305 714 3392 Regis
729 3313 764 3369 et
778 3303 865 3389 petit
883 3302 1138 3390 rcccgnicionom
1161 3304 1231 3369 ficri
1252 3314 1366 3370 utrum
1389 3308 1459 3393 ipse

349 3411 454 3477 maius
479 3410 531 3475 ius
556 3409 677 3474 habeat
705 3407 840 3474 tenendi
864 3408 955 3473 illam
981 3408 1057 3474 dim.
1084 3408 1164 3495 uirg.
1190 3431 1249 3494 per
1273 3409 1459 3495 predictum

347 3516 469 3583 donum
485 3515 571 3603 quod
587 3513 756 3580 Hubertus
771 3514 849 3579 fecit
864 3513 970 3578 sidem
986 3513 1144 3580 Mauricio
1158 3515 1212 3580 uel
1227 3515 1314 3580 idem
1329 3514 1458 3581 Willel-

347 3643 421 3686 mus
435 3617 570 3685 tenendi
584 3617 619 3682 in
633 3616 802 3683 dominico.

413 3724 458 3788 Et
481 3721 666 3787 Willclmus
695 3719 775 3786 dicit
802 3719 888 3806 quod
916 3742 1031 3786 reuera
1059 3720 1231 3786 Hubertus
1258 3729 1354 3807 pater
1379 3743 1459 3787 suus

348 3827 458 3892 tenuit
486 3834 605 3890 terram
633 3824 723 3889 illam
750 3823 785 3888 in
815 3822 907 3888 feodo
932 3831 1097 3888 ettotam
1125 3831 1247 3890 terram
1275 3825 1458 3911 predictam

347 3929 504 3996 concessit
526 3925 682 3992 Mauricio
704 3926 797 3991 fiatri
818 3949 877 3992 suo
899 3926 941 3993 ad
962 3949 997 3992 se
1017 3927 1268 3993 sustentandum
1287 3939 1323 3994 et
1341 3929 1387 3995 ad
1401 3931 1457 3996 do

348 4033 485 4099 tandum
505 4032 644 4097 Aliciarn
664 4053 798 4097 uxorem
820 4054 922 4109 suam,
939 4054 978 4097 co
997 4031 1084 4118 quod
1103 4041 1256 4118 parentes
1274 4033 1381 4100 Adicis
1400 4059 1457 4100 no

350 4137 482 4202 luerunt
493 4157 565 4202 eam
577 4135 654 4200 dare
668 4135 775 4200 eidem
788 4135 945 4201 Mauricio
959 4134 1022 4200 nisi
1037 4143 1157 4201 terram
1172 4135 1308 4202 haberet
1322 4146 1358 4202 et
1372 4139 1457 4204 bene

348 4240 495 4308 defendit
524 4239 610 4326 quod
635 4239 812 4305 Mauricius
840 4261 1008 4326 nunquam
1037 4239 1115 4306 fecit
1144 4240 1221 4305 inde
1250 4239 1458 4329 homagium⁸

380 4413 450 4463 ¹Br.
465 4409 552 4470 tss‘lt,
567 4407 645 4461 sssb.
925 4407 983 4460 lord
994 4407 1047 4460 and
1057 4408 1114 4460 hair
1124 4407 1209 4460 would
1219 4413 1266 4460 not
1276 4409 1364 4474 appla.

380 4477 391 4511 ¹
406 4479 451 4528 Br.
472 4477 490 4527 f.
510 4475 593 4534 adst,
609 4489 639 4525 so
656 4472 701 4524 tho
721 4473 776 4524 rulo
795 4472 876 4524 about
