3167 5075
380 335 444 404 368
685 352 837 413 rarumr,
860 352 925 402 nn.
949 339 1042 415 1220,
1064 353 1127 404 aa
1150 342 1185 403 4:

379 552 453 595 cum
473 536 553 615 pert.
569 528 603 592 in
624 527 807 593 Duldecota
826 536 865 593 ut
884 527 994 593 dotem
1015 551 1108 595 snam
1127 538 1188 595 etc.
1233 530 1278 594 Et
1298 530 1368 616 ipsa
1385 530 1459 595 uenit

379 644 414 700 et
428 642 524 699 uocat
538 634 614 698 inde
629 633 670 698 ad
686 642 866 698 warantum
882 633 1114 699 Walerandnm
1129 634 1256 721 filiam¹
1277 644 1311 699 et
1332 634 1457 700 heredem

378 736 516 824 predicti
531 736 687 801 Willelmi
707 736 764 823 qui
783 758 916 821 presens
936 744 986 800 est
1008 744 1043 801 et
1065 736 1155 801 illam
1177 736 1209 802 ei
1231 737 1416 812 warantizat
1434 751 1460 799 et
1525 770 1526 807 1

376 840 451 905 ideo
473 839 572 903 faciat
594 837 692 902 matri
715 860 773 903 sue
796 837 994 903 escambium
1017 837 1059 902 ad
1085 838 1265 903 ualenciam
1287 839 1375 903 illins
1393 849 1460 903 terre

377 943 500 1008 scilicet
515 942 613 1007 tercie
634 942 736 1028 partis
755 942 833 1028 quia
852 941 923 1027 ipsa
942 965 1008 1007 non
1030 940 1111 1007 dicit
1134 942 1220 1029 quod
1244 943 1357 1008 fuisset
1378 942 1460 1007 norni-
1525 970 1526 1029 p

376 1049 480 1115 natim
495 1048 571 1113 inde
585 1048 699 1112 dotata
713 1056 748 1112 et
763 1046 905 1113 Oristine
920 1056 1087 1111 remaneat
1102 1055 1189 1111 terra
1202 1046 1286 1113 sua'.
1525 1042 1526 1069 *

246 1156 339 1219 1414.
440 1152 548 1217 ’Prior
562 1150 603 1216 de
619 1149 882 1217 Cristeschurche
902 1148 989 1235 petit
1008 1170 1122 1214 uersus
1141 1148 1327 1214 Johannem
1346 1148 1384 1212 de
1396 1148 1461 1212 Tur·

260 1256 322 1295 ⁰⁰¹²
376 1258 515 1325 beruilla
543 1258 624 1323 duas
652 1256 747 1321 hidas
772 1265 808 1321 et
833 1255 909 1320 dim
936 1254 1099 1342 uirgatam
1129 1264 1215 1319 terre
1241 1278 1315 1320 cum
1341 1254 1460 1341 pertin

377 1362 597 1449 Prostepidele
616 1369 656 1425 ut
675 1360 727 1425 ius
746 1359 879 1425 ecclesie
899 1382 957 1425 sue
982 1367 1052 1436 etc,
1067 1367 1102 1424 at
1122 1381 1236 1423 uersus
1257 1358 1413 1425 Simonem
1430 1355 1460 1419 de

247 1478 292 1528 [²11
300 1478 331 1531 t]
377 1466 478 1552 Percy
487 1465 569 1530 duas
579 1473 688 1550 partes
699 1464 797 1528 unius
812 1462 888 1529 hide
903 1458 989 1528 tene
1003 1485 1078 1528 cum
1093 1472 1173 1549 pert
1196 1462 1201 1551 Ι
1219 1462 1254 1528 in
1270 1460 1463 1550 Langefordia

376 1578 415 1635 ut
448 1569 500 1634 ius
534 1567 667 1633 ecclesie
701 1588 768 1644 sue,
799 1573 834 1631 et
863 1588 976 1631 uersus
1006 1566 1182 1632 Oristinam
1218 1588 1281 1652 que
1311 1566 1372 1630 fuit
1398 1584 1461 1627 uror

376 1672 525 1739 Gaufridi
539 1672 580 1737 de
596 1671 696 1757 Percy
709 1668 844 1769 ¹terciam
859 1676 985 1755 partem
1002 1668 1100 1734 unius
1119 1668 1196 1733 hide
1211 1677 1296 1734 terre
1311 1690 1382 1733 cum
1396 1677 1460 1753 pert

375 1777 410 1841 in
439 1776 552 1842 eadem
582 1775 663 1839 uilla
691 1782 751 1839 etc.
797 1773 841 1838 Et
871 1773 1015 1840 Cristina
1040 1772 1133 1837 uenit
1158 1780 1192 1837 et
1216 1781 1313 1837 uocat
1338 1768 1459 1837 indeed

375 1888 555 1944 warantum
579 1878 746 1944 Simonem
765 1876 948 1963 predictum
969 1898 1007 1941 eo
1027 1876 1115 1963 quod
1135 1885 1228 1941 tenet
1248 1877 1284 1941 in
1298 1876 1403 1942 dotem
1415 1887 1462 1939 otc

376 1982 421 2047 Et
443 1983 556 2049 Simon
577 1981 671 2048 uenit
693 1989 727 2045 et
749 1981 780 2045 ei
803 1979 991 2045 warentizat
1013 1989 1083 2057 etc,
1106 1988 1141 2045 et
1165 1980 1234 2066 ipse
1259 1989 1294 2046 et
1319 1980 1462 2046 Johannos
1524 2022 1526 2057 4

375 2093 494 2170 petunt
509 2082 584 2148 inde
599 2084 716 2147 uisum.
761 2083 923 2147 Habeant.
968 2082 1048 2147 Dies
1062 2082 1159 2149 datus
1175 2092 1225 2148 est
1239 2092 1301 2151 etc.

439 2188 567 2253 ‘Assisa
589 2186 682 2253 uenit
703 2187 909 2274 recognitura
932 2186 1004 2273 quis
1025 2188 1203 2253 aduocatus
1226 2196 1371 2275 tempore
1392 2184 1462 2273 pacis
1525 2212 1526 2233 ³

377 2292 578 2380 presentauit
599 2292 750 2357 ultimam
772 2314 942 2377 personam
963 2315 1026 2379 que
1046 2301 1175 2357 mortua
1194 2294 1302 2357 estad
1318 2292 1463 2358 ecclesian

376 2396 418 2461 de
441 2396 671 2473 Westtrasene,
693 2417 756 2480 que
782 2402 879 2460 uacat
905 2402 943 2459 ut
969 2394 1097 2473 dicitnr,
1121 2395 1214 2460 cuius
1236 2395 1462 2461 aduocacionen

378 2499 477 2588 Hugo
499 2499 621 2587 Paynel
642 2498 760 2564 elamat
782 2520 895 2562 uersus
920 2497 1063 2563 Priorem
1090 2498 1122 2565 S.
1147 2497 1317 2564 Trinitatis
1340 2495 1463 2570 Eboraci,

377 2605 434 2690 qui
457 2604 550 2668 uenit
575 2627 635 2689 per
658 2610 860 2668 attor-natum
885 2625 981 2668 suurn
1008 2610 1042 2667 et
1066 2602 1147 2667 dicit
1177 2603 1264 2689 quod
1293 2603 1388 2668 assim
1413 2621 1463 2665 non
1524 2685 1525 2690 ἵ

377 2708 475 2773 debet
497 2708 574 2773 inde
599 2707 678 2782 fieri,
702 2707 780 2793 quia
802 2707 901 2772 breue
925 2707 1005 2772 dicit
1031 2707 1072 2772 ad
1098 2707 1265 2772 ecelesiam
1292 2730 1353 2794 que
1378 2715 1465 2774 uacat,
1524 2693 1525 2716 ³

377 2819 412 2874 et
434 2811 567 2876 ecclesia
587 2810 645 2875 illa
667 2832 733 2873 non
756 2818 852 2874 uacat
875 2809 975 2874 immo
1000 2809 1069 2896 ipse
1095 2817 1129 2873 et
1156 2810 1305 2876 monachi
1330 2809 1379 2875 sui
1402 2817 1465 2874 sunt

377 2913 453 2978 inde
482 2935 624 3000 persone,
648 2921 682 2977 et
708 2912 784 2978 inde
808 2913 928 2999 profert
954 2921 1076 2978 cartam
1100 2912 1252 3001 Hugonis
1279 2913 1395 3000 Paynel
1420 2909 1464 2975 aui

377 3017 515 3104 predicti
537 3015 688 3105 Hugonis
710 3038 773 3101 que
796 3024 939 3080 testatur
963 3015 1050 3102 quod
1072 3015 1142 3102 ipse
1165 3038 1223 3103 pro
1248 3017 1357 3081 anima
1381 3014 1466 3102 patris
1523 3063 1524 3072 2

378 3128 438 3185 ete.
467 3119 559 3185 dedit
587 3119 622 3184 in
651 3127 843 3205 perpetuam
874 3119 1079 3184 elemosinam
1111 3128 1145 3184 et
1174 3120 1331 3185 eonceaeit
1359 3121 1415 3184 deo
1438 3129 1465 3181 et

378 3221 542 3287 monachis
571 3221 702 3287 Maioris
732 3221 936 3286 Monasterii³
961 3222 1180 3288 seruientibus
1204 3223 1266 3288 deo
1292 3233 1326 3288 et
1350 3221 1464 3288 ecclesie

379 3325 410 3391 S.
427 3326 596 3391 Trinitatis
610 3327 697 3412 apud
718 3327 908 3404 Eboracum,
923 3327 1089 3392 ecclesiam
1111 3327 1268 3392 Omnium
1291 3327 1463 3394 Sanctorum

377 3431 419 3494 de
444 3430 530 3496 Rasa
556 3454 629 3496 cum
656 3430 806 3495 omnibus
831 3439 911 3517 pert.
936 3431 1002 3496 suis
1028 3439 1062 3496 et
1088 3431 1235 3496 concedit
1262 3439 1300 3496 ut
1324 3431 1465 3516 inponant
1522 3473 1523 3496 r

378 3542 412 3598 et
441 3535 605 3620 deponant
634 3533 812 3598 secundum
841 3533 893 3598 ius
922 3533 1172 3600 ecclesiasticum
1202 3535 1374 3599 monachos
1404 3553 1465 3596 suos

378 3637 478 3701 libere
493 3644 527 3701 et
541 3636 651 3722 quiete
671 3637 793 3723 absque
814 3636 902 3702 omni
924 3637 1059 3703 dominii
1081 3637 1313 3724 inpedimento.
1357 3637 1465 3703 Profert

378 3739 480 3803 eciam
500 3747 622 3802 cartam
642 3737 794 3802 Fulconis
814 3737 935 3823 Paynel
956 3739 1062 3804 fratris
1085 3739 1223 3826 predicti
1246 3739 1394 3826 Hugonis
1413 3737 1466 3810 aui,

378 3865 441 3928 que
467 3850 609 3907 testatur
633 3842 719 3928 quod
744 3842 832 3908 idem
862 3843 962 3908 Fulco
990 3844 1082 3910 dedit
1112 3853 1146 3909 et
1176 3845 1331 3910 conoeaeit
1359 3843 1465 3908 eisdem

377 3945 542 4010 monachis
571 3945 684 4010 eodem
713 3946 808 4011 modo
834 3947 1011 4032 predictam
1038 3947 1204 4014 eeclesiam
1229 3949 1271 4014 de
1297 3949 1382 4013 Ram
1404 3967 1466 4012 curn

248 4088 253 4096 ·
327 4059 331 4066 ’
377 4059 458 4136 pert.
474 4060 534 4115 etc
579 4052 703 4116 Profert
718 4051 821 4116 eciam
841 4061 963 4117 cartam
983 4052 1118 4118 Roberti
1138 4053 1299 4139 quondam
1319 4051 1466 4116 Linrolni·

411 4201 421 4232 ¹
431 4202 519 4263 filium
529 4201 558 4250 in
565 4201 639 4252 AJB.
650 4202 699 4253 but
710 4203 788 4267 badly
800 4205 903 4255 written
986 4205 997 4240 ¹
1012 4205 1043 4257 A.
1057 4221 1092 4256 m.
1105 4208 1136 4255 14
1145 4206 1177 4264 d;
1194 4206 1226 4256 B.
1236 4221 1271 4255 m.
1282 4205 1333 4254 dd
1520 4229 1521 4248 r

378 4266 904 4338 inArndthecopyirtoithenotebook
986 4271 1089 4324 *Am
1105 4273 1154 4336 15;Ι
1170 4270 1201 4320 Β.
1214 4285 1249 4320 m.
1262 4273 1285 4341 9.
1314 4333 1320 4339 .
1344 4317 1352 4323 .
1520 4253 1521 4343 i

377 4331 428 4382 has
438 4331 557 4381 imitated
565 4333 634 4383 what
642 4331 677 4384 he
688 4333 764 4384 could
774 4341 823 4395 not
831 4335 900 4386 read.
985 4335 996 4368 ⁵
1014 4336 1070 4386 The
1092 4335 1179 4398 priory
1187 4335 1252 4385 ''vas
1265 4347 1280 4385 a
1297 4330 1352 4382 tei}
1363 4333 1393 4382 of
1409 4329 1467 4379 un·

410 4397 604 4449 *acrama
755 4399 758 4405 ’
801 4401 806 4408 ’
954 4397 1073 4452 moutiei'.
1108 4397 1423 4460 uonra‘.v01.r‚p.oso.
