3167 5075
315 404 356 465 28
628 412 766 476 msrna,
787 409 855 463 an.
879 399 972 474 1224,
994 410 1059 463 su
1083 401 1113 461 8.

313 587 453 652 Thomas
467 585 508 651 de
523 584 690 650 Moletona
704 605 789 649 anno
804 592 839 649 et
853 582 907 649 die
922 605 987 670 quo
997 582 1184 648 Willelmus
1193 581 1234 647 de
1245 580 1426 647 Holebeoh'

313 692 395 758 obiit
424 690 488 755 suit
513 689 643 755 seisitus
672 688 713 753 de
742 688 880 754 seruioio
901 687 1039 752 militari
1059 686 1101 752 de
1125 694 1313 752 tenemento
1335 685 1425 770 qnod

313 796 400 861 idem
412 794 597 860 Willelmus
612 794 722 859 tenuit
737 792 777 858 de
792 814 831 857 eo
845 792 880 856 in
891 792 986 857 Flete
1000 792 1054 858 uel
1069 814 1135 856 non
1149 790 1228 878 quia
1241 798 1311 855 tam
1322 790 1425 856 Fuloo

312 898 353 965 de
380 899 469 986 Oyry
492 920 607 963 uersus
630 919 727 983 quem
749 896 915 983 prodictus
940 896 1081 961 Thomas
1102 896 1222 961 clamat
1242 894 1425 960 custodiam

313 1000 455 1068 Simonis
469 1000 530 1065 filii
544 1008 578 1066 et
593 999 722 1065 heredis
736 998 876 1085 predicti
890 998 1049 1064 Willelmi
1062 998 1120 1086 qui
1134 1006 1186 1063 est
1200 998 1285 1063 infra
1299 1007 1425 1064 etatem

312 1113 351 1170 ut
365 1104 486 1170 dieitur
501 1125 599 1190 quam
613 1102 702 1168 idem
716 1102 857 1167 Thomas
877 1110 1056 1189 posuerunt
1075 1125 1111 1169 so
1129 1102 1206 1168 inde
1225 1103 1263 1167 in
1280 1102 1422 1168 iuratam
1481 1145 1487 1154 ·

313 1207 411 1271 illum.

377 1311 547 1376 Juratores
568 1309 682 1375 dicunt
704 1308 791 1395 quod
811 1331 897 1373 anno
918 1316 954 1373 et
974 1308 1028 1373 die
1049 1330 1115 1395 quo
1136 1308 1320 1375 Willelmus
1341 1310 1425 1375 obiit

312 1416 377 1481 fuit
401 1415 489 1481 idem
513 1414 654 1480 Thomas
676 1412 809 1479 seisitus
830 1412 872 1477 de
900 1411 1037 1478 seruioio
1066 1412 1202 1477 militari
1230 1412 1307 1499 quia
1334 1413 1423 1480 idem

312 1520 498 1586 Willelmus
527 1518 645 1585 habuit
673 1518 755 1584 duas
782 1526 889 1583 oartes
917 1518 958 1583 de
996 1517 1192 1583 feofamento
1227 1518 1293 1585 soii
1322 1541 1422 1584 unam

313 1632 436 1691 cortem
458 1624 527 1689 sine
550 1622 706 1687 forinseco
727 1618 864 1686 seruieio
886 1627 922 1686 et
942 1620 1041 1685 aliam
1062 1620 1209 1686 faciendo
1231 1620 1423 1687 forinsecum

313 1726 486 1793 seminium
512 1726 577 1791 soil.
603 1732 764 1811 quantum
792 1723 939 1809 pertinet
966 1722 1008 1788 ad
1038 1722 1114 1789 dim
1139 1723 1248 1789 bouet
1274 1732 1359 1790 terre
1388 1732 1424 1790 et

313 1832 355 1896 de
377 1830 432 1896 illo
454 1829 590 1895 seruioio
612 1828 675 1892 fuit
697 1825 785 1892 idem
808 1826 948 1892 Thomas
969 1826 1099 1893 seisitus
1120 1850 1206 1893 enno
1227 1836 1263 1893 et
1283 1827 1337 1893 die
1359 1851 1425 1914 quo

314 1934 396 1999 obiit
417 1932 610 1999 Willelmus
655 1931 699 1996 Et
721 1930 843 2017 quesiti
863 1930 960 2017 quale
981 1930 1175 1996 forinsecum
1200 1931 1287 2009 feeit,
1308 1931 1424 1998 dieunt

314 2038 401 2125 quod
437 2036 621 2125 scutagium
658 2034 789 2123 quando
819 2036 931 2101 euenit
961 2042 1023 2099 eto.
1081 2035 1125 2099 Et
1153 2034 1307 2101 dixerunt
1337 2036 1424 2122 quod

313 2142 468 2209 uiderunt
483 2149 590 2207 oartas
601 2141 683 2207 illas.
722 2140 766 2205 Et
780 2139 854 2205 ideo
869 2138 1106 2204 consideratum
1121 2141 1274 2226 estquod
1283 2140 1424 2205 Thomas

313 2248 518 2334 recuperauit
533 2245 684 2311 seisinem
699 2268 792 2310 suam
813 2244 854 2310 do
873 2243 1021 2331 predicta
1039 2244 1194 2323 custodia,
1209 2253 1244 2310 et
1267 2244 1369 2311 Fulco
1388 2244 1424 2310 in

314 2349 532 2417 misericordia
545 2356 581 2415 et
595 2349 692 2415 datus
706 2356 757 2413 est
771 2347 804 2413 ei
817 2347 887 2412 dies
901 2346 1054 2413 reddend’
1064 2348 1247 2434 predictum
1256 2348 1422 2416 Simonem

314 2454 460 2543 predicto
474 2454 598 2519 Thome
613 2460 674 2519 eto.

257 2615 264 2629 .
379 2559 564 2624 Willelmus
579 2557 619 2623 de
634 2555 758 2643 Campo
773 2557 898 2623 Emulfi
913 2559 1131 2624 summonitus
1147 2559 1212 2624 fuit
1231 2559 1274 2625 ad
1292 2581 1425 2647 respon-

208 2675 269 2704 ⁰²¹⁰²
315 2661 459 2728 dendum
474 2660 577 2725 Priori
591 2661 631 2726 de
647 2660 911 2727 Oristesohurche
926 2661 968 2727 de
982 2661 1044 2727 hoo
1057 2661 1144 2749 quod
1156 2661 1378 2728 warentizaret
1391 2663 1424 2729 ei

315 2766 446 2833 feodum
461 2765 537 2830 dim.
552 2765 667 2831 militis
682 2788 756 2830 oum
777 2774 860 2852 pert
874 2765 910 2831 in
930 2766 1024 2831 Flete
1044 2766 1131 2853 quod
1152 2773 1245 2832 tenet
1266 2775 1301 2832 et
1321 2766 1363 2833 de
1385 2789 1425 2833 6ο

315 2880 427 2937 tenere
441 2870 561 2935 elamat
575 2877 610 2935 et
624 2868 711 2935 unde
726 2879 850 2936 cartam
864 2869 1008 2937 Hawisie
1022 2869 1063 2936 de
1078 2869 1221 2957 Ripariis
1239 2869 1350 2936 etauio
1364 2893 1424 2936 sue

315 2976 408 3041 ouius
422 2975 515 3040 heres
529 2975 598 3061 ipse
613 2982 665 3042 est
678 2975 779 3041 hubet
793 2983 833 3041 ut
853 2975 943 3054 dicit,
956 2973 1044 3040 unde
1063 2974 1152 3039 idem
1171 2974 1262 3040 Prior
1280 2974 1425 3040 ostendit

315 3078 402 3166 quod
430 3086 543 3144 contra
566 3087 689 3145 cartem
714 3079 805 3145 illam
831 3102 929 3166 quam
957 3078 990 3143 ei
1014 3077 1114 3144 debet
1138 3079 1345 3144 warentizare
1373 3078 1425 3144 in·

314 3183 485 3271 placitsuit
499 3181 587 3248 idem
601 3183 786 3248 Willelmus
800 3182 908 3269 ipsum
924 3182 1069 3248 Priorem
1086 3182 1129 3248 de
1148 3182 1262 3249 eadem
1282 3192 1369 3249 terra
1387 3183 1424 3250 in

315 3311 395 3354 com,
418 3287 510 3354 Dors.
533 3286 593 3353 ubi
616 3296 704 3353 terra
727 3287 786 3352 illa
810 3294 862 3352 est
885 3308 945 3373 per
966 3285 1053 3374 quod
1075 3285 1290 3353 deterioratus
1312 3296 1364 3354 est
1388 3296 1425 3354 et

315 3392 494 3478 dampnum
509 3399 569 3457 eto
589 3390 595 3479 Ι

381 3497 425 3562 Et
439 3496 624 3562 Willelmus
638 3494 732 3561 uenit
746 3503 781 3560 et
795 3494 876 3560 dicit
890 3494 977 3582 quod
992 3502 1115 3560 cartam
1129 3495 1220 3561 illam
1239 3519 1305 3562 non
1323 3496 1424 3564 debet

315 3601 348 3667 ei
361 3599 568 3666 warentizare
587 3599 666 3686 quio
685 3598 833 3686 predicte
851 3599 997 3665 Hawisia
1015 3600 1107 3687 prius
1125 3600 1260 3667 dederat
1278 3602 1302 3667 J
1303 3602 1425 3668 ordano

314 3704 402 3790 patri
416 3703 561 3770 eiusdem
575 3703 733 3768 Willelmi
748 3725 806 3789 pro
821 3702 971 3791 homagio
991 3713 1027 3769 et
1047 3704 1184 3770 seruioio
1205 3729 1264 3772 suo
1285 3707 1424 3774 eandem

314 3817 436 3874 terram
460 3807 509 3872 itu
531 3806 618 3894 quod
638 3806 803 3872 Jordanus
824 3806 907 3872 obiit
928 3806 1005 3872 inde
1026 3807 1157 3873 seisitus
1178 3816 1212 3873 et
1233 3808 1313 3874 dum
1334 3808 1423 3876 idem

316 3912 501 3978 Willelmus
511 3911 573 3976 suit
582 3911 666 3976 infru
677 3919 809 3990 etatem,
818 3919 853 3977 et
863 3911 1011 3998 predicta
1024 3912 1170 3978 Hawisia
1183 3913 1247 3978 fuit
1260 3913 1424 4001 impotens

315 4017 376 4094 sui,
403 4023 439 4081 et
465 4013 639 4080 transierat
664 4015 787 4102 sepcies
812 4014 894 4082 ¹1²¹}
916 4038 1018 4081 annos
1043 4024 1078 4081 et
1101 4016 1165 4082 fuit
1193 4017 1229 4083 in
1257 4017 1353 4083 domo
1382 4018 1424 4084 de

318 4119 580 4186 Oristesohurohe
595 4117 766 4207 languids'
780 4119 858 4184 fecit
872 4119 963 4185 illam
977 4127 1100 4185 cartam
1115 4120 1144 4186 si
1157 4144 1314 4209 umquam
1332 4123 1422 4188 illum

317 4223 404 4303 fecit,
418 4230 453 4290 et
467 4223 527 4289 hoo
541 4223 625 4289 bone
639 4230 732 4310 putet
747 4222 825 4310 quia
837 4223 925 4289 idem
939 4223 1030 4289 Prior
1040 4224 1206 4293 deeedem
1216 4235 1305 4295 terra
1313 4227 1423 4315 posuit

350 4370 360 4403 ¹
377 4368 505 4432 Probably
525 4383 542 4419 a
563 4367 675 4420 mistake
691 4370 730 4420 tor
746 4380 844 4436 septua-
928 4371 940 4404 ¹
956 4371 1057 4436 supply
1067 4375 1168 4438 quondo
1179 4374 1222 4437 (1).

317 4439 399 4499 pinta.
434 4435 481 4486 See
493 4433 605 4486 Monost.
617 4435 667 4486 rol.
680 4435 703 4493 6,
715 4449 741 4499 p.
753 4437 811 4484 ³04.
