<?xml version="1.0" encoding="UTF-8"?>
<!DOCTYPE html PUBLIC "-//W3C//DTD XHTML 1.0 Transitional//EN"
    "http://www.w3.org/TR/xhtml1/DTD/xhtml1-transitional.dtd">
<html xmlns="http://www.w3.org/1999/xhtml" xml:lang="en" lang="en">
 <head>
  <title>
</title>
<meta http-equiv="Content-Type" content="text/html;charset=utf-8" />
  <meta name='ocr-system' content='tesseract 3.04.00' />
  <meta name='ocr-capabilities' content='ocr_page ocr_carea ocr_par ocr_line ocrx_word'/>
</head>
<body>
  <div class='ocr_page' id='page_1' title='image "bractonsnoteboo03maitgoog_0065.png"; bbox 0 0 3167 5075; ppageno 0'>
   <div class='ocr_carea' id='block_1_1' title="bbox 436 418 1236 495">
    <p class='ocr_par' dir='ltr' id='par_1_1' title="bbox 436 418 1236 495">
     <span class='ocr_line' id='line_1_1' title="bbox 436 418 1236 495; baseline -0.003 -12"><span class='ocrx_word' id='word_1_1' title='bbox 436 434 588 495; x_wconf 81' lang='lat' dir='ltr'>rsrnrrr,</span> <span class='ocrx_word' id='word_1_2' title='bbox 610 432 675 482; x_wconf 72' lang='lat' dir='ltr'>no.</span> <span class='ocrx_word' id='word_1_3' title='bbox 699 418 793 493; x_wconf 74' lang='lat'>1224,</span> <span class='ocrx_word' id='word_1_4' title='bbox 816 432 878 482; x_wconf 72' lang='lat' dir='ltr'>uu</span> <span class='ocrx_word' id='word_1_5' title='bbox 903 422 932 483; x_wconf 91' lang='lat'>8.</span> <span class='ocrx_word' id='word_1_6' title='bbox 1196 420 1236 481; x_wconf 78' lang='lat'>55</span> 
     </span>
    </p>
   </div>
   <div class='ocr_carea' id='block_1_2' title="bbox 20 604 1361 4215">
    <p class='ocr_par' dir='ltr' id='par_1_2' title="bbox 136 604 1240 899">
     <span class='ocr_line' id='line_1_2' title="bbox 138 604 1240 693; baseline 0 -22"><span class='ocrx_word' id='word_1_7' title='bbox 138 608 201 693; x_wconf 91' lang='lat' dir='ltr'>ipse</span> <span class='ocrx_word' id='word_1_8' title='bbox 221 616 270 673; x_wconf 87' lang='lat' dir='ltr'>est</span> <span class='ocrx_word' id='word_1_9' title='bbox 292 607 327 673; x_wconf 89' lang='lat' dir='ltr'>in</span> <span class='ocrx_word' id='word_1_10' title='bbox 348 608 467 673; x_wconf 83' lang='lat' dir='ltr'>seisinu</span> <span class='ocrx_word' id='word_1_11' title='bbox 487 606 529 672; x_wconf 84' lang='lat' dir='ltr'>de</span> <span class='ocrx_word' id='word_1_12' title='bbox 552 606 671 671; x_wconf 84' lang='lat' dir='ltr'>ultima</span> <span class='ocrx_word' id='word_1_13' title='bbox 691 605 934 691; x_wconf 79' lang='lat' dir='ltr'>presentucione</span> <span class='ocrx_word' id='word_1_14' title='bbox 956 614 991 671; x_wconf 88' lang='lat' dir='ltr'>et</span> <span class='ocrx_word' id='word_1_15' title='bbox 1012 604 1093 671; x_wconf 81' lang='lat' dir='ltr'>non¹</span> <span class='ocrx_word' id='word_1_16' title='bbox 1115 606 1240 692; x_wconf 78' lang='lat' dir='ltr'>profert</span> 
     </span>
     <span class='ocr_line' id='line_1_3' title="bbox 137 708 1239 797; baseline -0.003 -20"><span class='ocrx_word' id='word_1_17' title='bbox 137 720 233 777; x_wconf 82' lang='lat' dir='ltr'>curtos</span> <span class='ocrx_word' id='word_1_18' title='bbox 242 712 379 777; x_wconf 84' lang='lat' dir='ltr'>duorum</span> <span class='ocrx_word' id='word_1_19' title='bbox 391 711 622 797; x_wconf 84' lang='lat' dir='ltr'>Episcoporum</span> <span class='ocrx_word' id='word_1_20' title='bbox 636 709 696 774; x_wconf 91' lang='lat' dir='ltr'>hoc</span> <span class='ocrx_word' id='word_1_21' title='bbox 707 708 796 775; x_wconf 90' lang='lat' dir='ltr'>idem</span> <span class='ocrx_word' id='word_1_22' title='bbox 804 717 964 775; x_wconf 78' lang='lat' dir='ltr'>testantes</span> <span class='ocrx_word' id='word_1_23' title='bbox 979 710 1064 796; x_wconf 84' lang='lat' dir='ltr'>petit</span> <span class='ocrx_word' id='word_1_24' title='bbox 1078 708 1239 775; x_wconf 80' lang='lat' dir='ltr'>iudicium</span> 
     </span>
     <span class='ocr_line' id='line_1_4' title="bbox 136 814 425 899; baseline 0.007 -20"><span class='ocrx_word' id='word_1_25' title='bbox 136 814 173 879; x_wconf 88' lang='lat' dir='ltr'>de</span> <span class='ocrx_word' id='word_1_26' title='bbox 187 815 241 880; x_wconf 93' lang='lat' dir='ltr'>illo</span> <span class='ocrx_word' id='word_1_27' title='bbox 256 815 320 879; x_wconf 86' lang='lat' dir='ltr'>fine</span> <span class='ocrx_word' id='word_1_28' title='bbox 339 824 400 881; x_wconf 88' lang='lat' dir='ltr'>etc.</span> <span class='ocrx_word' id='word_1_29' title='bbox 420 814 425 899; x_wconf 87' lang='grc' dir='ltr'>Ι</span> 
     </span>
    </p>

    <p class='ocr_par' dir='ltr' id='par_1_3' title="bbox 135 916 1352 1313">
     <span class='ocr_line' id='line_1_5' title="bbox 195 916 1352 1005; baseline -0.002 -21"><span class='ocrx_word' id='word_1_30' title='bbox 195 920 239 984; x_wconf 84' lang='lat' dir='ltr'>Et</span> <span class='ocrx_word' id='word_1_31' title='bbox 265 920 356 985; x_wconf 92' lang='lat' dir='ltr'>Prior</span> <span class='ocrx_word' id='word_1_32' title='bbox 384 918 549 1005; x_wconf 77' lang='lat' dir='ltr'><strong>cognoscit</strong></span> <span class='ocrx_word' id='word_1_33' title='bbox 575 918 661 1005; x_wconf 90' lang='lat' dir='ltr'>quod</span> <span class='ocrx_word' id='word_1_34' title='bbox 687 919 815 983; x_wconf 89' lang='lat' dir='ltr'>nullum</span> <span class='ocrx_word' id='word_1_35' title='bbox 842 916 942 982; x_wconf 86' lang='lat' dir='ltr'>habet</span> <span class='ocrx_word' id='word_1_36' title='bbox 971 917 1171 983; x_wconf 90' lang='lat' dir='ltr'>dominicum</span> <span class='ocrx_word' id='word_1_37' title='bbox 1200 917 1236 982; x_wconf 87' lang='lat' dir='ltr'>in</span> <span class='ocrx_word' id='word_1_38' title='bbox 1295 918 1352 969; x_wconf 54' lang='grc' dir='ltr'>[Μ]</span> 
     </span>
     <span class='ocr_line' id='line_1_6' title="bbox 136 1020 1243 1107; baseline -0.002 -20"><span class='ocrx_word' id='word_1_39' title='bbox 136 1022 242 1087; x_wconf 79' lang='lat' dir='ltr'>eudem</span> <span class='ocrx_word' id='word_1_40' title='bbox 258 1022 338 1087; x_wconf 76' lang='lat' dir='ltr'>uilla</span> <span class='ocrx_word' id='word_1_41' title='bbox 352 1044 412 1087; x_wconf 85' lang='lat' dir='ltr'>nec</span> <span class='ocrx_word' id='word_1_42' title='bbox 427 1020 516 1085; x_wconf 86' lang='lat' dir='ltr'>eliud</span> <span class='ocrx_word' id='word_1_43' title='bbox 531 1021 705 1086; x_wconf 90' lang='lat' dir='ltr'>seruicium</span> <span class='ocrx_word' id='word_1_44' title='bbox 721 1022 774 1086; x_wconf 90' lang='lat' dir='ltr'>uel</span> <span class='ocrx_word' id='word_1_45' title='bbox 795 1020 926 1086; x_wconf 83' lang='lat' dir='ltr'>feodum</span> <span class='ocrx_word' id='word_1_46' title='bbox 946 1021 1048 1085; x_wconf 81' lang='lat' dir='ltr'>habet</span> <span class='ocrx_word' id='word_1_47' title='bbox 1066 1020 1131 1085; x_wconf 88' lang='lat' dir='ltr'>nisi</span> <span class='ocrx_word' id='word_1_48' title='bbox 1149 1020 1243 1107; x_wconf 91' lang='lat' dir='ltr'>quod·</span> 
     </span>
     <span class='ocr_line' id='line_1_7' title="bbox 135 1123 1242 1191; baseline 0 -2"><span class='ocrx_word' id='word_1_49' title='bbox 135 1126 217 1190; x_wconf 88' lang='lat' dir='ltr'>idem</span> <span class='ocrx_word' id='word_1_50' title='bbox 241 1126 333 1191; x_wconf 85' lang='lat' dir='ltr'>Serio</span> <span class='ocrx_word' id='word_1_51' title='bbox 357 1133 451 1190; x_wconf 85' lang='lat' dir='ltr'>tenet</span> <span class='ocrx_word' id='word_1_52' title='bbox 470 1133 505 1189; x_wconf 89' lang='lat' dir='ltr'>et</span> <span class='ocrx_word' id='word_1_53' title='bbox 524 1147 589 1190; x_wconf 88' lang='lat' dir='ltr'>non</span> <span class='ocrx_word' id='word_1_54' title='bbox 604 1125 725 1190; x_wconf 77' lang='lat' dir='ltr'>dedicit</span> <span class='ocrx_word' id='word_1_55' title='bbox 740 1124 892 1190; x_wconf 85' lang='lat' dir='ltr'>seisinom</span> <span class='ocrx_word' id='word_1_56' title='bbox 908 1125 1050 1190; x_wconf 85' lang='lat' dir='ltr'>Sorlonis</span> <span class='ocrx_word' id='word_1_57' title='bbox 1063 1123 1105 1190; x_wconf 92' lang='lat' dir='ltr'>de</span> <span class='ocrx_word' id='word_1_58' title='bbox 1120 1125 1242 1189; x_wconf 77' lang='lat' dir='ltr'>ultimo</span> 
     </span>
     <span class='ocr_line' id='line_1_8' title="bbox 135 1228 383 1313; baseline 0 -22"><span class='ocrx_word' id='word_1_59' title='bbox 135 1228 383 1313; x_wconf 81' lang='lat' dir='ltr'>presentecione.</span> 
     </span>
    </p>

    <p class='ocr_par' dir='ltr' id='par_1_4' title="bbox 131 1330 1285 2247">
     <span class='ocr_line' id='line_1_9' title="bbox 195 1330 1240 1419; baseline 0 -22"><span class='ocrx_word' id='word_1_60' title='bbox 195 1333 239 1398; x_wconf 88' lang='lat' dir='ltr'>Et</span> <span class='ocrx_word' id='word_1_61' title='bbox 261 1333 340 1419; x_wconf 80' lang='lat' dir='ltr'>quis</span> <span class='ocrx_word' id='word_1_62' title='bbox 361 1332 452 1397; x_wconf 83' lang='lat' dir='ltr'>Prior</span> <span class='ocrx_word' id='word_1_63' title='bbox 472 1332 636 1419; x_wconf 76' lang='lat' dir='ltr'>cognoscit</span> <span class='ocrx_word' id='word_1_64' title='bbox 658 1332 756 1397; x_wconf 87' lang='lat' dir='ltr'><strong>finem</strong></span> <span class='ocrx_word' id='word_1_65' title='bbox 779 1340 815 1396; x_wconf 85' lang='lat' dir='ltr'>et</span> <span class='ocrx_word' id='word_1_66' title='bbox 836 1332 1072 1418; x_wconf 79' lang='lat' dir='ltr'><strong>cyrographum</strong></span> <span class='ocrx_word' id='word_1_67' title='bbox 1094 1339 1131 1396; x_wconf 83' lang='lat' dir='ltr'>et</span> <span class='ocrx_word' id='word_1_68' title='bbox 1151 1330 1240 1418; x_wconf 91' lang='lat' dir='ltr'>quod</span> 
     </span>
     <span class='ocr_line' id='line_1_10' title="bbox 134 1435 1239 1503; baseline 0 -2"><span class='ocrx_word' id='word_1_69' title='bbox 134 1437 256 1502; x_wconf 89' lang='lat' dir='ltr'>nullum</span> <span class='ocrx_word' id='word_1_70' title='bbox 280 1436 381 1502; x_wconf 83' lang='lat' dir='ltr'>hebet</span> <span class='ocrx_word' id='word_1_71' title='bbox 402 1435 601 1503; x_wconf 85' lang='lat' dir='ltr'>dominicum</span> <span class='ocrx_word' id='word_1_72' title='bbox 624 1437 678 1502; x_wconf 85' lang='lat' dir='ltr'>uel</span> <span class='ocrx_word' id='word_1_73' title='bbox 700 1436 831 1501; x_wconf 83' lang='lat' dir='ltr'>feodum</span> <span class='ocrx_word' id='word_1_74' title='bbox 853 1436 888 1501; x_wconf 91' lang='lat' dir='ltr'>in</span> <span class='ocrx_word' id='word_1_75' title='bbox 910 1436 1025 1501; x_wconf 81' lang='lat' dir='ltr'>eadem</span> <span class='ocrx_word' id='word_1_76' title='bbox 1046 1436 1127 1502; x_wconf 81' lang='lat' dir='ltr'>uilla</span> <span class='ocrx_word' id='word_1_77' title='bbox 1147 1436 1239 1501; x_wconf 82' lang='lat' dir='ltr'>uliud</span> 
     </span>
     <span class='ocr_line' id='line_1_11' title="bbox 135 1538 1285 1626; baseline 0 -23"><span class='ocrx_word' id='word_1_78' title='bbox 135 1562 228 1625; x_wconf 82' lang='lat' dir='ltr'>quem</span> <span class='ocrx_word' id='word_1_79' title='bbox 251 1539 335 1604; x_wconf 91' lang='lat' dir='ltr'>illud</span> <span class='ocrx_word' id='word_1_80' title='bbox 357 1538 444 1626; x_wconf 94' lang='lat' dir='ltr'>quod</span> <span class='ocrx_word' id='word_1_81' title='bbox 466 1539 554 1604; x_wconf 83' lang='lat' dir='ltr'>idom</span> <span class='ocrx_word' id='word_1_82' title='bbox 578 1540 669 1604; x_wconf 84' lang='lat' dir='ltr'>Serlo</span> <span class='ocrx_word' id='word_1_83' title='bbox 691 1538 732 1603; x_wconf 87' lang='lat' dir='ltr'>de</span> <span class='ocrx_word' id='word_1_84' title='bbox 754 1562 793 1603; x_wconf 91' lang='lat' dir='ltr'>eo</span> <span class='ocrx_word' id='word_1_85' title='bbox 816 1546 917 1617; x_wconf 87' lang='lat' dir='ltr'>tenet,</span> <span class='ocrx_word' id='word_1_86' title='bbox 932 1548 967 1603; x_wconf 88' lang='lat' dir='ltr'>et</span> <span class='ocrx_word' id='word_1_87' title='bbox 986 1547 1137 1625; x_wconf 81' lang='lat' dir='ltr'>pretereo</span> <span class='ocrx_word' id='word_1_88' title='bbox 1150 1539 1238 1605; x_wconf 89' lang='lat' dir='ltr'>idem</span> <span class='ocrx_word' id='word_1_89' title='bbox 1282 1586 1285 1592; x_wconf 82' lang='lat'>-</span> 
     </span>
     <span class='ocr_line' id='line_1_12' title="bbox 134 1641 1241 1728; baseline 0 -21"><span class='ocrx_word' id='word_1_90' title='bbox 134 1642 220 1707; x_wconf 86' lang='lat' dir='ltr'>Serio</span> <span class='ocrx_word' id='word_1_91' title='bbox 240 1642 380 1728; x_wconf 85' lang='lat' dir='ltr'>protulit</span> <span class='ocrx_word' id='word_1_92' title='bbox 401 1650 525 1706; x_wconf 83' lang='lat' dir='ltr'>cartam</span> <span class='ocrx_word' id='word_1_93' title='bbox 543 1641 682 1727; x_wconf 74' lang='lat' dir='ltr'>predicti</span> <span class='ocrx_word' id='word_1_94' title='bbox 697 1641 824 1727; x_wconf 86' lang='lat' dir='ltr'>Augsri</span> <span class='ocrx_word' id='word_1_95' title='bbox 837 1642 878 1705; x_wconf 93' lang='lat' dir='ltr'>de</span> <span class='ocrx_word' id='word_1_96' title='bbox 894 1641 1008 1706; x_wconf 81' lang='lat' dir='ltr'>eedem</span> <span class='ocrx_word' id='word_1_97' title='bbox 1024 1642 1241 1707; x_wconf 77' lang='lat' dir='ltr'>aduocacions</span> 
     </span>
     <span class='ocr_line' id='line_1_13' title="bbox 132 1746 1238 1834; baseline -0.001 -23"><span class='ocrx_word' id='word_1_98' title='bbox 132 1770 202 1812; x_wconf 91' lang='lat' dir='ltr'>cum</span> <span class='ocrx_word' id='word_1_99' title='bbox 217 1747 365 1834; x_wconf 79' lang='lat' dir='ltr'>predicto</span> <span class='ocrx_word' id='word_1_100' title='bbox 378 1754 473 1825; x_wconf 73' lang='lat' dir='ltr'>tenu,</span> <span class='ocrx_word' id='word_1_101' title='bbox 488 1746 726 1811; x_wconf 77' lang='lat' dir='ltr'>consideratum</span> <span class='ocrx_word' id='word_1_102' title='bbox 741 1754 792 1811; x_wconf 86' lang='lat' dir='ltr'>est</span> <span class='ocrx_word' id='word_1_103' title='bbox 812 1746 898 1832; x_wconf 88' lang='lat' dir='ltr'>quod</span> <span class='ocrx_word' id='word_1_104' title='bbox 920 1746 1013 1811; x_wconf 83' lang='lat' dir='ltr'>Serio</span> <span class='ocrx_word' id='word_1_105' title='bbox 1032 1746 1238 1832; x_wconf 74' lang='lat' dir='ltr'>recuperauit</span> 
     </span>
     <span class='ocr_line' id='line_1_14' title="bbox 131 1849 1240 1934; baseline 0 -19"><span class='ocrx_word' id='word_1_106' title='bbox 131 1852 280 1917; x_wconf 84' lang='lat' dir='ltr'>seisinam</span> <span class='ocrx_word' id='word_1_107' title='bbox 302 1874 394 1915; x_wconf 86' lang='lat' dir='ltr'>suam</span> <span class='ocrx_word' id='word_1_108' title='bbox 414 1850 456 1915; x_wconf 87' lang='lat' dir='ltr'>de</span> <span class='ocrx_word' id='word_1_109' title='bbox 476 1850 689 1917; x_wconf 78' lang='lat' dir='ltr'>aduocscione</span> <span class='ocrx_word' id='word_1_110' title='bbox 709 1850 768 1915; x_wconf 83' lang='lat' dir='ltr'>illa</span> <span class='ocrx_word' id='word_1_111' title='bbox 786 1858 822 1915; x_wconf 86' lang='lat' dir='ltr'>et</span> <span class='ocrx_word' id='word_1_112' title='bbox 841 1849 929 1934; x_wconf 91' lang='lat' dir='ltr'>quod</span> <span class='ocrx_word' id='word_1_113' title='bbox 942 1850 1017 1913; x_wconf 89' lang='lat' dir='ltr'>finis</span> <span class='ocrx_word' id='word_1_114' title='bbox 1031 1857 1183 1915; x_wconf 79' lang='lat' dir='ltr'>tencatur</span> <span class='ocrx_word' id='word_1_115' title='bbox 1202 1858 1240 1915; x_wconf 83' lang='lat' dir='ltr'>et</span> 
     </span>
     <span class='ocr_line' id='line_1_15' title="bbox 133 1952 1240 2039; baseline -0.001 -20"><span class='ocrx_word' id='word_1_116' title='bbox 133 1955 219 2019; x_wconf 86' lang='lat' dir='ltr'><strong>Prior</strong></span> <span class='ocrx_word' id='word_1_117' title='bbox 232 1956 268 2019; x_wconf 88' lang='lat' dir='ltr'>in</span> <span class='ocrx_word' id='word_1_118' title='bbox 291 1955 509 2019; x_wconf 76' lang='lat' dir='ltr'>misericordia</span> <span class='ocrx_word' id='word_1_119' title='bbox 530 1963 564 2019; x_wconf 86' lang='lat' dir='ltr'>et</span> <span class='ocrx_word' id='word_1_120' title='bbox 584 1954 762 2020; x_wconf 79' lang='lat' dir='ltr'>satisfaciat</span> <span class='ocrx_word' id='word_1_121' title='bbox 776 1953 884 2019; x_wconf 84' lang='lat' dir='ltr'>eidem</span> <span class='ocrx_word' id='word_1_122' title='bbox 900 1953 1026 2019; x_wconf 84' lang='lat' dir='ltr'>Serloni</span> <span class='ocrx_word' id='word_1_123' title='bbox 1041 1952 1082 2018; x_wconf 88' lang='lat' dir='ltr'>de</span> <span class='ocrx_word' id='word_1_124' title='bbox 1096 1953 1240 2039; x_wconf 77' lang='lat' dir='ltr'>dampno</span> 
     </span>
     <span class='ocr_line' id='line_1_16' title="bbox 132 2054 1239 2143; baseline 0 -22"><span class='ocrx_word' id='word_1_125' title='bbox 132 2080 180 2123; x_wconf 80' lang='lat' dir='ltr'>xx.</span> <span class='ocrx_word' id='word_1_126' title='bbox 203 2080 393 2123; x_wconf 78' lang='lat' dir='ltr'>marcarum.</span> <span class='ocrx_word' id='word_1_127' title='bbox 440 2056 484 2121; x_wconf 79' lang='lat' dir='ltr'>Et</span> <span class='ocrx_word' id='word_1_128' title='bbox 509 2057 711 2143; x_wconf 88' lang='lat' dir='ltr'>prohibitum</span> <span class='ocrx_word' id='word_1_129' title='bbox 738 2064 788 2121; x_wconf 88' lang='lat' dir='ltr'>est</span> <span class='ocrx_word' id='word_1_130' title='bbox 814 2079 857 2121; x_wconf 91' lang='lat' dir='ltr'>ne</span> <span class='ocrx_word' id='word_1_131' title='bbox 882 2054 923 2120; x_wconf 87' lang='lat' dir='ltr'>dc</span> <span class='ocrx_word' id='word_1_132' title='bbox 949 2063 1056 2121; x_wconf 90' lang='lat' dir='ltr'>cetero</span> <span class='ocrx_word' id='word_1_133' title='bbox 1082 2064 1239 2142; x_wconf 80' lang='lat' dir='ltr'>sequatur</span> 
     </span>
     <span class='ocr_line' id='line_1_17' title="bbox 132 2157 759 2247; baseline 0.003 -24"><span class='ocrx_word' id='word_1_134' title='bbox 132 2161 288 2247; x_wconf 76' lang='lat' dir='ltr'>placitum</span> <span class='ocrx_word' id='word_1_135' title='bbox 303 2160 338 2224; x_wconf 89' lang='lat' dir='ltr'>in</span> <span class='ocrx_word' id='word_1_136' title='bbox 353 2159 444 2224; x_wconf 79' lang='lat' dir='ltr'>ouria</span> <span class='ocrx_word' id='word_1_137' title='bbox 460 2157 686 2225; x_wconf 79' lang='lat' dir='ltr'>cristianitatis</span> <span class='ocrx_word' id='word_1_138' title='bbox 700 2167 759 2225; x_wconf 87' lang='lat' dir='ltr'>etc.</span> 
     </span>
    </p>

    <p class='ocr_par' dir='ltr' id='par_1_5' title="bbox 20 2262 1361 3595">
     <span class='ocr_line' id='line_1_18' title="bbox 20 2262 1361 2349; baseline -0.002 -20"><span class='ocrx_word' id='word_1_139' title='bbox 20 2268 97 2334; x_wconf 87' lang='lat'>1016.</span> <span class='ocrx_word' id='word_1_140' title='bbox 193 2265 363 2331; x_wconf 79' lang='lat' dir='ltr'>Johannes</span> <span class='ocrx_word' id='word_1_141' title='bbox 376 2263 464 2328; x_wconf 82' lang='lat' dir='ltr'>lilius</span> <span class='ocrx_word' id='word_1_142' title='bbox 479 2262 620 2328; x_wconf 79' lang='lat' dir='ltr'>Simonis</span> <span class='ocrx_word' id='word_1_143' title='bbox 640 2285 698 2349; x_wconf 90' lang='lat' dir='ltr'>per</span> <span class='ocrx_word' id='word_1_144' title='bbox 717 2269 921 2327; x_wconf 83' lang='lat' dir='ltr'>ottomatum</span> <span class='ocrx_word' id='word_1_145' title='bbox 941 2284 1038 2326; x_wconf 91' lang='lat' dir='ltr'>suum</span> <span class='ocrx_word' id='word_1_146' title='bbox 1062 2262 1185 2348; x_wconf 89' lang='lat' dir='ltr'>optulit</span> <span class='ocrx_word' id='word_1_147' title='bbox 1203 2284 1239 2327; x_wconf 88' lang='lat' dir='ltr'>se</span> <span class='ocrx_word' id='word_1_148' title='bbox 1354 2300 1361 2313; x_wconf 92' lang='lat'><strong>·</strong></span> 
     </span>
     <span class='ocr_line' id='line_1_19' title="bbox 132 2363 1241 2451; baseline -0.001 -20"><span class='ocrx_word' id='word_1_149' title='bbox 132 2376 244 2451; x_wconf 68' lang='lat' dir='ltr'>quarto</span> <span class='ocrx_word' id='word_1_150' title='bbox 259 2366 315 2431; x_wconf 87' lang='lat' dir='ltr'>die</span> <span class='ocrx_word' id='word_1_151' title='bbox 330 2388 443 2431; x_wconf 88' lang='lat' dir='ltr'>uorsus</span> <span class='ocrx_word' id='word_1_152' title='bbox 458 2365 654 2431; x_wconf 80' lang='lat' dir='ltr'>Motillidem</span> <span class='ocrx_word' id='word_1_153' title='bbox 668 2364 709 2430; x_wconf 85' lang='lat' dir='ltr'>de</span> <span class='ocrx_word' id='word_1_154' title='bbox 725 2363 920 2429; x_wconf 81' lang='lat' dir='ltr'>Flsmauilla</span> <span class='ocrx_word' id='word_1_155' title='bbox 934 2384 998 2449; x_wconf 86' lang='lat' dir='ltr'>que</span> <span class='ocrx_word' id='word_1_156' title='bbox 1013 2386 1048 2428; x_wconf 86' lang='lat' dir='ltr'>se</span> <span class='ocrx_word' id='word_1_157' title='bbox 1062 2364 1241 2430; x_wconf 76' lang='lat' dir='ltr'>essenisuit</span> 
     </span>
     <span class='ocr_line' id='line_1_20' title="bbox 130 2468 1239 2556; baseline -0.001 -21"><span class='ocrx_word' id='word_1_158' title='bbox 130 2470 169 2535; x_wconf 88' lang='lat' dir='ltr'>de</span> <span class='ocrx_word' id='word_1_159' title='bbox 183 2471 270 2537; x_wconf 87' lang='lat' dir='ltr'>malo</span> <span class='ocrx_word' id='word_1_160' title='bbox 287 2470 365 2535; x_wconf 88' lang='lat' dir='ltr'>lecti</span> <span class='ocrx_word' id='word_1_161' title='bbox 379 2492 493 2535; x_wconf 85' lang='lat' dir='ltr'>uersus</span> <span class='ocrx_word' id='word_1_162' title='bbox 507 2492 584 2534; x_wconf 91' lang='lat' dir='ltr'>eum</span> <span class='ocrx_word' id='word_1_163' title='bbox 598 2469 639 2534; x_wconf 86' lang='lat' dir='ltr'>de</span> <span class='ocrx_word' id='word_1_164' title='bbox 653 2468 774 2556; x_wconf 78' lang='lat' dir='ltr'>placito</span> <span class='ocrx_word' id='word_1_165' title='bbox 790 2478 875 2533; x_wconf 88' lang='lat' dir='ltr'>terre</span> <span class='ocrx_word' id='word_1_166' title='bbox 889 2468 924 2532; x_wconf 90' lang='lat' dir='ltr'>in</span> <span class='ocrx_word' id='word_1_167' title='bbox 936 2490 1015 2533; x_wconf 84' lang='lat' dir='ltr'>oom</span> <span class='ocrx_word' id='word_1_168' title='bbox 1025 2468 1058 2531; x_wconf 92' lang='lat' dir='ltr'>N</span> <span class='ocrx_word' id='word_1_169' title='bbox 1061 2468 1239 2535; x_wconf 88' lang='lat' dir='ltr'>orthumbr.</span> 
     </span>
     <span class='ocr_line' id='line_1_21' title="bbox 131 2573 1240 2659; baseline 0 -21"><span class='ocrx_word' id='word_1_170' title='bbox 131 2583 189 2638; x_wconf 87' lang='lat' dir='ltr'>etc.</span> <span class='ocrx_word' id='word_1_171' title='bbox 234 2575 280 2638; x_wconf 90' lang='lat' dir='ltr'>Et</span> <span class='ocrx_word' id='word_1_172' title='bbox 298 2574 434 2638; x_wconf 81' lang='lat' dir='ltr'>Mutillis</span> <span class='ocrx_word' id='word_1_173' title='bbox 449 2597 514 2638; x_wconf 90' lang='lat' dir='ltr'>non</span> <span class='ocrx_word' id='word_1_174' title='bbox 529 2573 622 2638; x_wconf 85' lang='lat' dir='ltr'>uenit</span> <span class='ocrx_word' id='word_1_175' title='bbox 636 2581 696 2638; x_wconf 90' lang='lat' dir='ltr'>etc.</span> <span class='ocrx_word' id='word_1_176' title='bbox 712 2581 747 2637; x_wconf 91' lang='lat' dir='ltr'>et</span> <span class='ocrx_word' id='word_1_177' title='bbox 761 2581 952 2659; x_wconf 84' lang='lat' dir='ltr'>preceptum</span> <span class='ocrx_word' id='word_1_178' title='bbox 972 2573 1036 2637; x_wconf 85' lang='lat' dir='ltr'>fuit</span> <span class='ocrx_word' id='word_1_179' title='bbox 1055 2573 1240 2639; x_wconf 88' lang='lat' dir='ltr'>uicecomiti</span> 
     </span>
     <span class='ocr_line' id='line_1_22' title="bbox 130 2675 1241 2764; baseline -0.003 -21"><span class='ocrx_word' id='word_1_180' title='bbox 130 2678 237 2764; x_wconf 83' lang='lat' dir='ltr'>sepius</span> <span class='ocrx_word' id='word_1_181' title='bbox 252 2676 343 2764; x_wconf 91' lang='lat' dir='ltr'>quod</span> <span class='ocrx_word' id='word_1_182' title='bbox 358 2698 431 2740; x_wconf 80' lang='lat' dir='ltr'>oum</span> <span class='ocrx_word' id='word_1_183' title='bbox 445 2675 557 2740; x_wconf 86' lang='lat' dir='ltr'>uidere</span> <span class='ocrx_word' id='word_1_184' title='bbox 573 2675 693 2740; x_wconf 77' lang='lat' dir='ltr'>feceret</span> <span class='ocrx_word' id='word_1_185' title='bbox 707 2682 742 2739; x_wconf 88' lang='lat' dir='ltr'>et</span> <span class='ocrx_word' id='word_1_186' title='bbox 757 2675 937 2740; x_wconf 87' lang='lat' dir='ltr'>uioecomes</span> <span class='ocrx_word' id='word_1_187' title='bbox 950 2675 1052 2740; x_wconf 89' lang='lat' dir='ltr'>nichil</span> <span class='ocrx_word' id='word_1_188' title='bbox 1071 2675 1148 2740; x_wconf 86' lang='lat' dir='ltr'>inde</span> <span class='ocrx_word' id='word_1_189' title='bbox 1163 2676 1241 2741; x_wconf 82' lang='lat' dir='ltr'>fecit</span> 
     </span>
     <span class='ocr_line' id='line_1_23' title="bbox 131 2779 1242 2866; baseline 0 -22"><span class='ocrx_word' id='word_1_190' title='bbox 131 2781 229 2846; x_wconf 91' lang='lat' dir='ltr'>immo</span> <span class='ocrx_word' id='word_1_191' title='bbox 249 2780 425 2846; x_wconf 74' lang='lat' dir='ltr'>mandauit</span> <span class='ocrx_word' id='word_1_192' title='bbox 444 2779 531 2866; x_wconf 89' lang='lat' dir='ltr'>quod</span> <span class='ocrx_word' id='word_1_193' title='bbox 554 2779 626 2865; x_wconf 79' lang='lat' dir='ltr'>ipsu</span> <span class='ocrx_word' id='word_1_194' title='bbox 644 2780 729 2844; x_wconf 83' lang='lat' dir='ltr'>iacet</span> <span class='ocrx_word' id='word_1_195' title='bbox 749 2779 838 2866; x_wconf 85' lang='lat' dir='ltr'>apud</span> <span class='ocrx_word' id='word_1_196' title='bbox 857 2779 1013 2844; x_wconf 80' lang='lat' dir='ltr'>Dsutonu</span> <span class='ocrx_word' id='word_1_197' title='bbox 1026 2779 1062 2844; x_wconf 89' lang='lat' dir='ltr'>in</span> <span class='ocrx_word' id='word_1_198' title='bbox 1076 2788 1242 2865; x_wconf 81' lang='lat' dir='ltr'>potestate</span> 
     </span>
     <span class='ocr_line' id='line_1_24' title="bbox 132 2880 1243 2970; baseline -0.002 -20"><span class='ocrx_word' id='word_1_199' title='bbox 132 2884 373 2950; x_wconf 80' lang='lat' dir='ltr'>Constebularii</span> <span class='ocrx_word' id='word_1_200' title='bbox 402 2883 547 2948; x_wconf 89' lang='lat' dir='ltr'>Richem’</span> <span class='ocrx_word' id='word_1_201' title='bbox 572 2883 631 2947; x_wconf 93' lang='lat' dir='ltr'>ubi</span> <span class='ocrx_word' id='word_1_202' title='bbox 660 2880 744 2946; x_wconf 81' lang='lat' dir='ltr'>man&#39;</span> <span class='ocrx_word' id='word_1_203' title='bbox 768 2905 833 2948; x_wconf 88' lang='lat' dir='ltr'>non</span> <span class='ocrx_word' id='word_1_204' title='bbox 858 2883 990 2970; x_wconf 84' lang='lat' dir='ltr'>sppon&#39;¹</span> <span class='ocrx_word' id='word_1_205' title='bbox 1011 2892 1048 2948; x_wconf 84' lang='lat' dir='ltr'>ct</span> <span class='ocrx_word' id='word_1_206' title='bbox 1068 2883 1142 2949; x_wconf 84' lang='lat' dir='ltr'>ideo</span> <span class='ocrx_word' id='word_1_207' title='bbox 1166 2905 1243 2970; x_wconf 81' lang='lat' dir='ltr'>prc-</span> 
     </span>
     <span class='ocr_line' id='line_1_25' title="bbox 130 2987 1244 3076; baseline 0 -23"><span class='ocrx_word' id='word_1_208' title='bbox 130 2998 262 3076; x_wconf 86' lang='lat' dir='ltr'>ceptum</span> <span class='ocrx_word' id='word_1_209' title='bbox 275 2997 327 3055; x_wconf 89' lang='lat' dir='ltr'>est</span> <span class='ocrx_word' id='word_1_210' title='bbox 339 2989 465 3053; x_wconf 88' lang='lat' dir='ltr'>duobus</span> <span class='ocrx_word' id='word_1_211' title='bbox 477 2987 665 3052; x_wconf 79' lang='lat' dir='ltr'>custodibus</span> <span class='ocrx_word' id='word_1_212' title='bbox 675 2987 870 3072; x_wconf 74' lang='lat' dir='ltr'>placitorum</span> <span class='ocrx_word' id='word_1_213' title='bbox 881 3010 996 3052; x_wconf 88' lang='lat' dir='ltr'>corone</span> <span class='ocrx_word' id='word_1_214' title='bbox 1007 2989 1093 3074; x_wconf 94' lang='lat' dir='ltr'>quod</span> <span class='ocrx_word' id='word_1_215' title='bbox 1105 2987 1244 3053; x_wconf 80' lang='lat' dir='ltr'>mittant</span> 
     </span>
     <span class='ocr_line' id='line_1_26' title="bbox 130 3091 1242 3181; baseline -0.002 -24"><span class='ocrx_word' id='word_1_216' title='bbox 130 3093 185 3178; x_wconf 87' lang='lat' dir='ltr'>iiij.</span> <span class='ocrx_word' id='word_1_217' title='bbox 201 3092 327 3181; x_wconf 81' lang='lat' dir='ltr'>legales</span> <span class='ocrx_word' id='word_1_218' title='bbox 342 3092 464 3156; x_wconf 89' lang='lat' dir='ltr'>milites</span> <span class='ocrx_word' id='word_1_219' title='bbox 480 3091 522 3156; x_wconf 81' lang='lat' dir='ltr'>ed</span> <span class='ocrx_word' id='word_1_220' title='bbox 540 3092 618 3156; x_wconf 89' lang='lat' dir='ltr'>com&#39;</span> <span class='ocrx_word' id='word_1_221' title='bbox 634 3091 676 3156; x_wconf 84' lang='lat' dir='ltr'>sd</span> <span class='ocrx_word' id='word_1_222' title='bbox 696 3091 877 3156; x_wconf 90' lang='lat' dir='ltr'>uidendum</span> <span class='ocrx_word' id='word_1_223' title='bbox 897 3113 970 3156; x_wconf 83' lang='lat' dir='ltr'>eum</span> <span class='ocrx_word' id='word_1_224' title='bbox 990 3099 1060 3168; x_wconf 82' lang='lat' dir='ltr'>etc,</span> <span class='ocrx_word' id='word_1_225' title='bbox 1075 3099 1110 3155; x_wconf 90' lang='lat' dir='ltr'>et</span> <span class='ocrx_word' id='word_1_226' title='bbox 1129 3091 1157 3156; x_wconf 87' lang='lat' dir='ltr'>si</span> <span class='ocrx_word' id='word_1_227' title='bbox 1176 3113 1242 3156; x_wconf 86' lang='lat' dir='ltr'>non</span> 
     </span>
     <span class='ocr_line' id='line_1_27' title="bbox 131 3196 1244 3285; baseline -0.001 -23"><span class='ocrx_word' id='word_1_228' title='bbox 131 3198 171 3263; x_wconf 85' lang='lat' dir='ltr'>sit</span> <span class='ocrx_word' id='word_1_229' title='bbox 199 3199 341 3285; x_wconf 79' lang='lat' dir='ltr'>languor</span> <span class='ocrx_word' id='word_1_230' title='bbox 369 3205 449 3262; x_wconf 91' lang='lat' dir='ltr'>tunc</span> <span class='ocrx_word' id='word_1_231' title='bbox 477 3207 601 3283; x_wconf 79' lang='lat' dir='ltr'>ponunt</span> <span class='ocrx_word' id='word_1_232' title='bbox 630 3197 661 3262; x_wconf 88' lang='lat' dir='ltr'>ei</span> <span class='ocrx_word' id='word_1_233' title='bbox 690 3196 778 3262; x_wconf 87' lang='lat' dir='ltr'>diem</span> <span class='ocrx_word' id='word_1_234' title='bbox 807 3219 914 3261; x_wconf 86' lang='lat' dir='ltr'>coram</span> <span class='ocrx_word' id='word_1_235' title='bbox 944 3196 1131 3261; x_wconf 85' lang='lat' dir='ltr'>iusticiariis</span> <span class='ocrx_word' id='word_1_236' title='bbox 1154 3196 1244 3282; x_wconf 82' lang='lat' dir='ltr'>opud</span> 
     </span>
     <span class='ocr_line' id='line_1_28' title="bbox 131 3299 1242 3386; baseline 0 -22"><span class='ocrx_word' id='word_1_237' title='bbox 131 3299 459 3366; x_wconf 75' lang='lat' dir='ltr'>westmonasterium</span> <span class='ocrx_word' id='word_1_238' title='bbox 482 3299 541 3364; x_wconf 83' lang='lat' dir='ltr'>teli</span> <span class='ocrx_word' id='word_1_239' title='bbox 561 3299 615 3364; x_wconf 89' lang='lat' dir='ltr'>die</span> <span class='ocrx_word' id='word_1_240' title='bbox 635 3309 695 3364; x_wconf 86' lang='lat' dir='ltr'>etc.</span> <span class='ocrx_word' id='word_1_241' title='bbox 711 3310 746 3364; x_wconf 86' lang='lat' dir='ltr'>et</span> <span class='ocrx_word' id='word_1_242' title='bbox 765 3300 853 3386; x_wconf 86' lang='lat' dir='ltr'>quod</span> <span class='ocrx_word' id='word_1_243' title='bbox 872 3301 995 3364; x_wconf 88' lang='lat' dir='ltr'>sumon&#39;</span> <span class='ocrx_word' id='word_1_244' title='bbox 1015 3299 1182 3364; x_wconf 85' lang='lat' dir='ltr'>Simonem</span> <span class='ocrx_word' id='word_1_245' title='bbox 1201 3300 1242 3365; x_wconf 88' lang='lat' dir='ltr'>de</span> 
     </span>
     <span class='ocr_line' id='line_1_29' title="bbox 132 3403 1243 3491; baseline -0.004 -19"><span class='ocrx_word' id='word_1_246' title='bbox 132 3407 232 3473; x_wconf 83' lang='lat' dir='ltr'>Hales</span> <span class='ocrx_word' id='word_1_247' title='bbox 262 3406 345 3471; x_wconf 78' lang='lat' dir='ltr'>uic’⁸</span> <span class='ocrx_word' id='word_1_248' title='bbox 374 3405 460 3491; x_wconf 92' lang='lat' dir='ltr'>quod</span> <span class='ocrx_word' id='word_1_249' title='bbox 486 3406 531 3469; x_wconf 87' lang='lat' dir='ltr'>sit</span> <span class='ocrx_word' id='word_1_250' title='bbox 559 3405 732 3470; x_wconf 85' lang='lat' dir='ltr'>auditurus</span> <span class='ocrx_word' id='word_1_251' title='bbox 761 3406 802 3472; x_wconf 89' lang='lat' dir='ltr'>de</span> <span class='ocrx_word' id='word_1_252' title='bbox 827 3406 887 3470; x_wconf 90' lang='lat' dir='ltr'>hoc</span> <span class='ocrx_word' id='word_1_253' title='bbox 910 3405 1067 3470; x_wconf 90' lang='lat' dir='ltr'>iudicium</span> <span class='ocrx_word' id='word_1_254' title='bbox 1090 3405 1178 3491; x_wconf 94' lang='lat' dir='ltr'>quod</span> <span class='ocrx_word' id='word_1_255' title='bbox 1201 3403 1243 3468; x_wconf 91' lang='lat' dir='ltr'>de</span> 
     </span>
     <span class='ocr_line' id='line_1_30' title="bbox 132 3509 1161 3595; baseline -0.002 -19"><span class='ocrx_word' id='word_1_256' title='bbox 132 3511 244 3576; x_wconf 82' lang='lat' dir='ltr'>eudem</span> <span class='ocrx_word' id='word_1_257' title='bbox 260 3509 427 3575; x_wconf 81' lang='lat' dir='ltr'>Motillide</span> <span class='ocrx_word' id='word_1_258' title='bbox 441 3509 550 3574; x_wconf 87' lang='lat' dir='ltr'>uisum</span> <span class='ocrx_word' id='word_1_259' title='bbox 565 3510 635 3575; x_wconf 87' lang='lat' dir='ltr'>fieri</span> <span class='ocrx_word' id='word_1_260' title='bbox 650 3533 714 3575; x_wconf 90' lang='lat' dir='ltr'>non</span> <span class='ocrx_word' id='word_1_261' title='bbox 730 3510 808 3575; x_wconf 86' lang='lat' dir='ltr'>fecit</span> <span class='ocrx_word' id='word_1_262' title='bbox 821 3511 907 3576; x_wconf 91' lang='lat' dir='ltr'>sicut</span> <span class='ocrx_word' id='word_1_263' title='bbox 921 3511 953 3576; x_wconf 87' lang='lat' dir='ltr'>ei</span> <span class='ocrx_word' id='word_1_264' title='bbox 966 3510 1087 3595; x_wconf 86' lang='lat' dir='ltr'>pluries</span> <span class='ocrx_word' id='word_1_265' title='bbox 1102 3519 1161 3574; x_wconf 83' lang='lat' dir='ltr'>etc</span> 
     </span>
    </p>

    <p class='ocr_par' dir='ltr' id='par_1_6' title="bbox 22 3612 1352 4010">
     <span class='ocr_line' id='line_1_31' title="bbox 22 3612 1352 3700; baseline 0.002 -25"><span class='ocrx_word' id='word_1_266' title='bbox 22 3614 98 3682; x_wconf 80' lang='lat'>1017.</span> <span class='ocrx_word' id='word_1_267' title='bbox 196 3615 352 3680; x_wconf 76' lang='lat' dir='ltr'>Susanna</span> <span class='ocrx_word' id='word_1_268' title='bbox 366 3634 429 3699; x_wconf 85' lang='lat' dir='ltr'>que</span> <span class='ocrx_word' id='word_1_269' title='bbox 450 3612 513 3677; x_wconf 84' lang='lat' dir='ltr'>luit</span> <span class='ocrx_word' id='word_1_270' title='bbox 534 3636 614 3677; x_wconf 83' lang='lat' dir='ltr'>uxor</span> <span class='ocrx_word' id='word_1_271' title='bbox 628 3612 785 3678; x_wconf 88' lang='lat' dir='ltr'>Willelmi</span> <span class='ocrx_word' id='word_1_272' title='bbox 800 3615 860 3679; x_wconf 85' lang='lat' dir='ltr'>filii</span> <span class='ocrx_word' id='word_1_273' title='bbox 876 3614 1013 3678; x_wconf 78' lang='lat' dir='ltr'>Aufredi</span> <span class='ocrx_word' id='word_1_274' title='bbox 1027 3636 1086 3700; x_wconf 87' lang='lat' dir='ltr'>per</span> <span class='ocrx_word' id='word_1_275' title='bbox 1099 3621 1243 3678; x_wconf 80' lang='lat' dir='ltr'>ottornu·</span> <span class='ocrx_word' id='word_1_276' title='bbox 1339 3639 1352 3667; x_wconf 81' lang='grc' dir='ltr'><strong>ο</strong></span> 
     </span>
     <span class='ocr_line' id='line_1_32' title="bbox 134 3713 1241 3801; baseline 0 -21"><span class='ocrx_word' id='word_1_277' title='bbox 134 3722 202 3781; x_wconf 88' lang='lat' dir='ltr'>tum</span> <span class='ocrx_word' id='word_1_278' title='bbox 217 3737 318 3782; x_wconf 89' lang='lat' dir='ltr'>suum</span> <span class='ocrx_word' id='word_1_279' title='bbox 333 3713 420 3801; x_wconf 87' lang='lat' dir='ltr'>petit</span> <span class='ocrx_word' id='word_1_280' title='bbox 433 3735 548 3779; x_wconf 86' lang='lat' dir='ltr'>uersus</span> <span class='ocrx_word' id='word_1_281' title='bbox 563 3714 765 3781; x_wconf 88' lang='lat' dir='ltr'>Willclmum</span> <span class='ocrx_word' id='word_1_282' title='bbox 785 3715 814 3779; x_wconf 87' lang='lat' dir='ltr'><strong>F</strong></span> <span class='ocrx_word' id='word_1_283' title='bbox 814 3738 869 3780; x_wconf 86' lang='lat' dir='ltr'>ose</span> <span class='ocrx_word' id='word_1_284' title='bbox 889 3724 925 3781; x_wconf 89' lang='lat' dir='ltr'>et</span> <span class='ocrx_word' id='word_1_285' title='bbox 939 3716 1094 3780; x_wconf 83' lang='lat' dir='ltr'>Ysoldum</span> <span class='ocrx_word' id='word_1_286' title='bbox 1109 3738 1241 3780; x_wconf 83' lang='lat' dir='ltr'>uxorem</span> 
     </span>
     <span class='ocr_line' id='line_1_33' title="bbox 132 3818 1243 3906; baseline 0.002 -22"><span class='ocrx_word' id='word_1_287' title='bbox 132 3843 223 3886; x_wconf 80' lang='lat' dir='ltr'>susm</span> <span class='ocrx_word' id='word_1_288' title='bbox 245 3820 384 3885; x_wconf 79' lang='lat' dir='ltr'>terciam</span> <span class='ocrx_word' id='word_1_289' title='bbox 409 3827 538 3905; x_wconf 84' lang='lat' dir='ltr'>partem</span> <span class='ocrx_word' id='word_1_290' title='bbox 562 3818 700 3884; x_wconf 79' lang='lat' dir='ltr'>duorum</span> <span class='ocrx_word' id='word_1_291' title='bbox 725 3820 871 3906; x_wconf 79' lang='lat' dir='ltr'>porcium</span> <span class='ocrx_word' id='word_1_292' title='bbox 893 3819 970 3884; x_wconf 89' lang='lat' dir='ltr'>dim.</span> <span class='ocrx_word' id='word_1_293' title='bbox 994 3820 1075 3906; x_wconf 84' lang='lat' dir='ltr'>uirg.</span> <span class='ocrx_word' id='word_1_294' title='bbox 1099 3828 1184 3884; x_wconf 85' lang='lat' dir='ltr'>terre</span> <span class='ocrx_word' id='word_1_295' title='bbox 1208 3829 1243 3886; x_wconf 86' lang='lat' dir='ltr'>et</span> 
     </span>
     <span class='ocr_line' id='line_1_34' title="bbox 133 3921 1192 4010; baseline -0.006 -18"><span class='ocrx_word' id='word_1_296' title='bbox 133 3935 202 3992; x_wconf 89' lang='lat' dir='ltr'>octo</span> <span class='ocrx_word' id='word_1_297' title='bbox 216 3947 282 3990; x_wconf 81' lang='lat' dir='ltr'>scr.</span> <span class='ocrx_word' id='word_1_298' title='bbox 299 3932 385 3988; x_wconf 83' lang='lat' dir='ltr'>terre</span> <span class='ocrx_word' id='word_1_299' title='bbox 401 3945 476 3988; x_wconf 90' lang='lat' dir='ltr'>cum</span> <span class='ocrx_word' id='word_1_300' title='bbox 491 3932 573 4010; x_wconf 90' lang='lat' dir='ltr'>pert.</span> <span class='ocrx_word' id='word_1_301' title='bbox 588 3923 623 3988; x_wconf 87' lang='lat' dir='ltr'>iu</span> <span class='ocrx_word' id='word_1_302' title='bbox 638 3922 777 3988; x_wconf 84' lang='lat' dir='ltr'>Tilicotu</span> <span class='ocrx_word' id='word_1_303' title='bbox 791 3930 831 3987; x_wconf 87' lang='lat' dir='ltr'>nt</span> <span class='ocrx_word' id='word_1_304' title='bbox 846 3921 956 3986; x_wconf 87' lang='lat' dir='ltr'>dotem</span> <span class='ocrx_word' id='word_1_305' title='bbox 971 3943 1064 3986; x_wconf 78' lang='lat' dir='ltr'>susm</span> <span class='ocrx_word' id='word_1_306' title='bbox 1079 3930 1141 3987; x_wconf 85' lang='lat' dir='ltr'>etc.</span> <span class='ocrx_word' id='word_1_307' title='bbox 1188 3959 1192 3966; x_wconf 90' lang='lat'>·</span> 
     </span>
    </p>

    <p class='ocr_par' dir='ltr' id='par_1_7' title="bbox 134 4023 1244 4215">
     <span class='ocr_line' id='line_1_35' title="bbox 196 4023 1244 4110; baseline -0.002 -18"><span class='ocrx_word' id='word_1_308' title='bbox 196 4029 241 4093; x_wconf 86' lang='lat' dir='ltr'>Et</span> <span class='ocrx_word' id='word_1_309' title='bbox 263 4025 450 4091; x_wconf 87' lang='lat' dir='ltr'>Willelmus</span> <span class='ocrx_word' id='word_1_310' title='bbox 474 4034 508 4091; x_wconf 88' lang='lat' dir='ltr'>et</span> <span class='ocrx_word' id='word_1_311' title='bbox 528 4024 626 4090; x_wconf 81' lang='lat' dir='ltr'>Fosa⁴</span> <span class='ocrx_word' id='word_1_312' title='bbox 646 4024 786 4089; x_wconf 89' lang='lat' dir='ltr'>ueniunt</span> <span class='ocrx_word' id='word_1_313' title='bbox 807 4032 842 4088; x_wconf 90' lang='lat' dir='ltr'>et</span> <span class='ocrx_word' id='word_1_314' title='bbox 861 4023 976 4088; x_wconf 90' lang='lat' dir='ltr'>dicunt</span> <span class='ocrx_word' id='word_1_315' title='bbox 990 4023 1077 4110; x_wconf 90' lang='lat' dir='ltr'>quod</span> <span class='ocrx_word' id='word_1_316' title='bbox 1092 4023 1164 4110; x_wconf 83' lang='lat' dir='ltr'>ipss</span> <span class='ocrx_word' id='word_1_317' title='bbox 1177 4047 1244 4090; x_wconf 86' lang='lat' dir='ltr'>non</span> 
     </span>
     <span class='ocr_line' id='line_1_36' title="bbox 134 4127 1244 4215; baseline -0.004 -17"><span class='ocrx_word' id='word_1_318' title='bbox 134 4133 230 4198; x_wconf 84' lang='lat' dir='ltr'>debet</span> <span class='ocrx_word' id='word_1_319' title='bbox 252 4129 333 4196; x_wconf 86' lang='lat' dir='ltr'>inde</span> <span class='ocrx_word' id='word_1_320' title='bbox 355 4129 465 4195; x_wconf 91' lang='lat' dir='ltr'>dotem</span> <span class='ocrx_word' id='word_1_321' title='bbox 487 4130 607 4195; x_wconf 79' lang='lat' dir='ltr'>habere</span> <span class='ocrx_word' id='word_1_322' title='bbox 629 4129 707 4215; x_wconf 82' lang='lat' dir='ltr'>quis</span> <span class='ocrx_word' id='word_1_323' title='bbox 727 4129 800 4215; x_wconf 81' lang='lat' dir='ltr'>ipsu</span> <span class='ocrx_word' id='word_1_324' title='bbox 820 4128 904 4193; x_wconf 82' lang='lat' dir='ltr'>Fusa</span> <span class='ocrx_word' id='word_1_325' title='bbox 925 4127 991 4193; x_wconf 86' lang='lat' dir='ltr'>fuit</span> <span class='ocrx_word' id='word_1_326' title='bbox 1011 4151 1093 4193; x_wconf 80' lang='lat' dir='ltr'>uxor</span> <span class='ocrx_word' id='word_1_327' title='bbox 1112 4129 1244 4194; x_wconf 82' lang='lat' dir='ltr'>Aufridi</span> 
     </span>
    </p>
   </div>
   <div class='ocr_carea' id='block_1_3' title="bbox 137 4273 1244 4536">
    <p class='ocr_par' dir='ltr' id='par_1_8' title="bbox 137 4273 1244 4536">
     <span class='ocr_line' id='line_1_37' title="bbox 166 4273 1244 4328; baseline -0.004 0"><span class='ocrx_word' id='word_1_328' title='bbox 166 4275 458 4328; x_wconf 79' lang='lat' dir='ltr'>¹Fornonreodinde.</span> <span class='ocrx_word' id='word_1_329' title='bbox 747 4273 867 4325; x_wconf 74' lang='lat' dir='ltr'>⁸Simon</span> <span class='ocrx_word' id='word_1_330' title='bbox 878 4274 960 4324; x_wconf 82' lang='lat' dir='ltr'>Hulss</span> <span class='ocrx_word' id='word_1_331' title='bbox 971 4288 1053 4324; x_wconf 84' lang='lat' dir='ltr'>seems</span> <span class='ocrx_word' id='word_1_332' title='bbox 1064 4278 1092 4324; x_wconf 90' lang='lat' dir='ltr'>to</span> <span class='ocrx_word' id='word_1_333' title='bbox 1103 4273 1170 4324; x_wconf 79' lang='lat' dir='ltr'>heve</span> <span class='ocrx_word' id='word_1_334' title='bbox 1178 4273 1244 4324; x_wconf 83' lang='lat' dir='ltr'>been</span> 
     </span>
     <span class='ocr_line' id='line_1_38' title="bbox 166 4339 1242 4403; baseline -0.004 -9"><span class='ocrx_word' id='word_1_335' title='bbox 166 4344 247 4394; x_wconf 76' lang='lat' dir='ltr'>&#39;The</span> <span class='ocrx_word' id='word_1_336' title='bbox 269 4342 363 4392; x_wconf 77' lang='lat' dir='ltr'>shend</span> <span class='ocrx_word' id='word_1_337' title='bbox 384 4345 487 4390; x_wconf 80' lang='lat' dir='ltr'>returns</span> <span class='ocrx_word' id='word_1_338' title='bbox 506 4340 566 4392; x_wconf 77' lang='lat' dir='ltr'>thet</span> <span class='ocrx_word' id='word_1_339' title='bbox 585 4339 665 4391; x_wconf 75' lang='lat' dir='ltr'>Muud</span> <span class='ocrx_word' id='word_1_340' title='bbox 715 4341 744 4390; x_wconf 85' lang='lat' dir='ltr'>ut</span> <span class='ocrx_word' id='word_1_341' title='bbox 761 4339 817 4389; x_wconf 88' lang='lat' dir='ltr'>this</span> <span class='ocrx_word' id='word_1_342' title='bbox 833 4340 896 4388; x_wconf 85' lang='lat' dir='ltr'>time</span> <span class='ocrx_word' id='word_1_343' title='bbox 913 4339 1010 4391; x_wconf 84' lang='lat' dir='ltr'>sherill.</span> <span class='ocrx_word' id='word_1_344' title='bbox 1044 4340 1117 4401; x_wconf 76' lang='lat' dir='ltr'>Eous,</span> <span class='ocrx_word' id='word_1_345' title='bbox 1135 4341 1242 4403; x_wconf 64' lang='lat' dir='ltr'>dodon,</span> 
     </span>
     <span class='ocr_line' id='line_1_39' title="bbox 137 4404 912 4470; baseline -0.004 -13"><span class='ocrx_word' id='word_1_346' title='bbox 137 4409 183 4458; x_wconf 81' lang='lat' dir='ltr'>lios</span> <span class='ocrx_word' id='word_1_347' title='bbox 197 4413 225 4459; x_wconf 75' lang='lat' dir='ltr'>st</span> <span class='ocrx_word' id='word_1_348' title='bbox 242 4409 352 4465; x_wconf 76' lang='lat' dir='ltr'>Deltom</span> <span class='ocrx_word' id='word_1_349' title='bbox 370 4405 462 4456; x_wconf 84' lang='lat' dir='ltr'>within</span> <span class='ocrx_word' id='word_1_350' title='bbox 479 4405 524 4456; x_wconf 85' lang='lat' dir='ltr'>the</span> <span class='ocrx_word' id='word_1_351' title='bbox 535 4407 627 4470; x_wconf 78' lang='lat' dir='ltr'>liberty</span> <span class='ocrx_word' id='word_1_352' title='bbox 638 4406 667 4456; x_wconf 86' lang='lat' dir='ltr'>ol</span> <span class='ocrx_word' id='word_1_353' title='bbox 716 4404 767 4456; x_wconf 86' lang='lat' dir='ltr'>vol.</span> <span class='ocrx_word' id='word_1_354' title='bbox 782 4406 806 4463; x_wconf 66' lang='grc' dir='ltr'>Β,</span> <span class='ocrx_word' id='word_1_355' title='bbox 817 4419 843 4467; x_wconf 88' lang='lat' dir='ltr'>p.</span> <span class='ocrx_word' id='word_1_356' title='bbox 855 4405 912 4454; x_wconf 82' lang='grc'>360.</span> 
     </span>
     <span class='ocr_line' id='line_1_40' title="bbox 138 4468 1010 4536; baseline -0.007 -12"><span class='ocrx_word' id='word_1_357' title='bbox 138 4473 284 4524; x_wconf 80' lang='lat' dir='ltr'>lliohmond</span> <span class='ocrx_word' id='word_1_358' title='bbox 295 4471 349 4522; x_wconf 77' lang='lat' dir='ltr'>und</span> <span class='ocrx_word' id='word_1_359' title='bbox 360 4471 461 4536; x_wconf 76' lang='lat' dir='ltr'>beyond</span> <span class='ocrx_word' id='word_1_360' title='bbox 472 4471 514 4522; x_wconf 88' lang='lat' dir='ltr'>his</span> <span class='ocrx_word' id='word_1_361' title='bbox 525 4486 618 4535; x_wconf 82' lang='lat' dir='ltr'>power.</span> <span class='ocrx_word' id='word_1_362' title='bbox 749 4471 849 4520; x_wconf 71' lang='lat' dir='ltr'>⁴Gorr.</span> <span class='ocrx_word' id='word_1_363' title='bbox 865 4471 955 4520; x_wconf 76' lang='lat' dir='ltr'>Yroldu</span> <span class='ocrx_word' id='word_1_364' title='bbox 968 4468 1010 4533; x_wconf 59' lang='grc' dir='ltr'>(ἲ).</span> 
     </span>
    </p>
   </div>
   <div class='ocr_carea' id='block_1_4' title="bbox 0 0 1589 5075">
    <p class='ocr_par' dir='ltr' id='par_1_9' title="bbox 0 0 1589 5075">
     <span class='ocr_line' id='line_1_41' title="bbox 0 0 1589 5075; baseline 0 0"><span class='ocrx_word' id='word_1_365' title='bbox 0 0 1589 5075; x_wconf 95' lang='lat' dir='ltr'> </span> 
     </span>
    </p>
   </div>
  </div>
 </body>
</html>
