3167 5075
376 357 439 420 tta
672 368 815 429 uniar,
836 366 903 418 an.
927 355 1105 430 126616.
1130 357 1179 418 ld

440 541 483 608 Et
505 541 659 608 Matheus
678 541 757 608 dicit
778 541 865 628 qued
878 541 1001 607 iniuste
1015 541 1076 607 hec
1090 541 1171 607 dicit
1185 541 1265 629 quia
1278 542 1457 608 Willelmus¹

373 646 608 734 primogenitus
623 648 722 711 frater
736 647 838 732 ipsius
853 645 985 711 Ricardi
998 656 1112 732 postea
1126 646 1243 711 habuit
1254 656 1373 712 terram
1385 647 1458 712 illnn

374 758 412 815 ut
434 750 527 816 heres
548 750 721 816 willelmi*
743 751 846 836 patris
867 750 927 825 sui,
949 759 984 814 et
1006 750 1096 814 illam
1118 751 1275 816 concessit
1296 760 1333 816 et
1353 751 1460 816 dimisit

373 854 553 919 Willelmc⁸
573 853 615 918 de
638 855 751 918 Monte
767 854 874 918 Acuta
896 853 983 939 patri
1004 852 1144 939 predicti
1164 854 1336 941 Drogcnis,
1349 864 1383 920 et
1400 854 1460 919 ideo

372 956 472 1020 debet
487 956 579 1020 heres
594 977 671 1020 suus
687 955 717 1019 ei
732 955 939 1020 warentizare
954 963 1015 1019 etc

439 1060 483 1123 Et
501 1059 658 1124 Ricardus
673 1058 753 1123 dicit
768 1058 854 1144 quod
870 1057 1071 1124 Willelmus⁴
1084 1058 1185 1124 irater
1198 1082 1277 1123 suus
1291 1081 1358 1124 non
1370 1059 1462 1146 putuit

374 1163 435 1228 hcc
449 1164 552 1228 facere
567 1162 644 1248 quia
658 1162 727 1247 ipsc
741 1184 911 1248 nunquam
925 1162 1148 1227 terramillam
1160 1162 1278 1228 habuit
1288 1185 1350 1228 nec
1360 1164 1462 1228 habere

374 1269 489 1334 debuit
511 1291 548 1333 eo
571 1267 657 1354 quod
678 1266 849 1332 bastardus
870 1267 944 1344 fuit,
963 1275 999 1331 et
1020 1266 1081 1331 hcc
1102 1267 1186 1331 bene
1208 1276 1304 1353 patet
1324 1268 1401 1354 quia
1417 1289 1464 1353 per

373 1372 660 1437 summonicionem
675 1371 792 1436 factam
809 1370 917 1435 uenit⁶
932 1371 968 1435 in
981 1371 1104 1436 curiam
1120 1371 1215 1438 Dum.
1231 1372 1333 1460 Regia
1352 1382 1386 1438 et
1401 1395 1464 1457 cog·

373 1477 466 1541 nouit
481 1499 515 1541 se
530 1497 599 1541 esse
613 1475 802 1540 bastardum
817 1481 852 1537 et
866 1474 953 1559 quod
972 1473 1073 1538 nichil
1092 1475 1213 1539 clamat
1232 1474 1274 1540 de
1297 1475 1465 1540 hereditate

371 1581 474 1667 patris
497 1579 556 1656 sui,
577 1601 614 1644 eo
638 1577 724 1665 quod
744 1585 842 1642 natus
862 1577 926 1640 fuit
945 1585 1022 1642 ante
1043 1578 1206 1664 sponsalia
1228 1579 1344 1644 matris
1362 1602 1424 1655 sue,
1436 1587 1465 1642 et

371 1683 447 1749 inde
462 1683 555 1770 ponit
569 1705 603 1748 sc
619 1704 716 1768 super
730 1681 898 1746 recordum
913 1681 1009 1746 curie

437 1787 481 1850 Et
496 1786 649 1850 Matheus
664 1783 811 1871 quesitus
825 1784 853 1848 si
867 1783 988 1849 habeat
1002 1785 1125 1870 prolem
1140 1786 1182 1851 de
1201 1808 1302 1851 uxore
1322 1809 1383 1851 sua
1399 1785 1468 1858 dicit

370 1890 457 1976 quod
473 1890 572 1955 habet
587 1911 690 1953 unum
704 1887 810 1952 filium
824 1887 1042 1952 Willelmum⁰
1055 1889 1196 1965 nomine,
1210 1889 1268 1974 qui
1282 1912 1415 1976 presens
1427 1897 1470 1954 et

372 2003 407 2058 et
421 1994 504 2059 bene
519 1993 665 2058 concedit
680 1990 868 2056 warentiam
880 2013 978 2077 quam
990 1989 1143 2057 hietheus
1153 2003 1338 2078 paterenus
1348 1993 1469 2058 uocauit

372 2098 412 2162 (16
428 2097 494 2162 filio
508 2097 645 2183 predicti
659 2096 829 2182 DrogoniS,
844 2104 880 2160 et
894 2095 1046 2160 similiter
1058 2119 1134 2161 cum
1147 2096 1218 2182 ipsu
1234 2095 1372 2162 hlathec
1385 2108 1471 2162 uetat

371 2203 447 2268 inde
462 2203 504 2268 ad
518 2210 698 2267 warantum
714 2200 936 2265 Willelmum'
951 2199 1135 2285 predictum
1149 2199 1255 2266 filium
1276 2211 1312 2266 ct
1326 2201 1471 2267 heredem

371 2307 509 2393 predicti
523 2305 692 2392 Drogonis.
1541 2284 1542 2311 ¹

438 2413 481 2477 Et
495 2411 653 2482 Ricardus
667 2409 752 2474 sicut
765 2409 857 2494 prius
870 2407 952 2473 dicit
970 2408 1057 2494 quod
1077 2431 1142 2473 non
1161 2409 1286 2475 debent
1306 2419 1472 2496 expectare

371 2524 551 2582 warantum
572 2538 610 2581 66
630 2513 715 2601 quod
735 2521 830 2599 pater
844 2511 937 2577 suus⁸
952 2512 1034 2578 obiit
1048 2513 1186 2591 saisitus,
1201 2537 1262 2580 nec
1278 2513 1473 2581 Willelmm’

370 2644 453 2687 auus
476 2620 614 2708 predicti
637 2618 766 2684 heredis
791 2617 916 2704 aliquid
938 2616 1016 2683 inde
1038 2617 1156 2684 habuit
1180 2620 1244 2684 nisi
1269 2620 1305 2684 in
1330 2618 1474 2687 custodia
1541 2647 1542 2674 i

371 2724 455 2790 sicut
470 2722 653 2810 predictum
668 2729 727 2786 cst.
1541 2685 1543 2782 l

436 2830 480 2893 Et
503 2829 656 2893 Matheus
679 2826 827 2913 quesitus
846 2824 875 2890 ai
894 2834 989 2910 pater
1011 2824 1143 2890 Ricardi
1161 2824 1245 2890 obiit
1267 2826 1404 2893 saisitus
1425 2826 1474 2891 uel

370 2953 444 3009 non,
458 2930 538 2996 dicit
558 2928 644 3017 quod
662 2929 763 2993 nichil
785 2926 862 2993 inde
882 2927 943 2991 scit
963 2928 1063 2992 immo
1083 2934 1176 2993 tenet
1189 2950 1226 2992 se
1238 2928 1282 2993 ad
1295 2940 1473 2995 warantum

369 3057 465 3099 auum
482 3041 541 3099 etc.
558 3030 712 3119 quicquid
727 3030 953 3118 cirographum
968 3030 1057 3095 dicat
1070 3031 1124 3095 uel
1138 3029 1236 3095 aliud
1541 3025 1542 3036 ¹

436 3140 480 3204 Et
508 3138 586 3225 quia
615 3135 767 3201 Matheus
796 3157 861 3198 non
891 3132 1012 3198 dedicit
1041 3134 1140 3199 finem
1169 3134 1263 3199 illum
1289 3158 1354 3221 per
1383 3159 1475 3223 quem
1541 3121 1542 3202 l

370 3240 554 3307 Willelmus
559 3242 580 3273 ¹⁰
595 3239 634 3305 (16
648 3240 760 3303 Monte
772 3239 880 3303 Acutc
891 3260 973 3303 auus
987 3237 1126 3324 predicti
1136 3240 1273 3304 waranti
1285 3262 1356 3305 non
1370 3243 1477 3327 potuit
1541 3267 1542 3332 j

369 3344 446 3410 inde
461 3344 579 3409 habere
595 3342 658 3407 nisi
673 3340 855 3418 seminium,
864 3363 924 3405 nec
935 3338 1023 3405 idem
1037 3341 1190 3407 hlatheus
1205 3352 1312 3429 potest
1328 3344 1476 3410 dedicere
1541 3335 1542 3418 l

370 3450 551 3537 predictum
567 3448 755 3533 ingressum,
770 3445 1009 3511 consideratum
1025 3454 1075 3509 est
1096 3447 1182 3532 quod
1202 3447 1298 3512 assisa
1321 3453 1476 3534 procedat
1541 3465 1542 3548 J

370 3560 404 3617 et
420 3550 505 3638 quod
520 3558 681 3615 warantns
696 3570 761 3613 non
775 3547 874 3613 debet
889 3547 1061 3633 expectari
1095 3548 1139 3612 Et
1153 3548 1227 3614 ideo
1241 3549 1353 3617 iurata
1368 3554 1476 3619 ueniat
1541 3565 1542 3586 ³

370 3656 430 3721 tali
444 3655 497 3721 die
513 3654 555 3721 ad
569 3651 861 3741 recognoscendum
876 3652 1002 3717 siidem
1014 3652 1223 3717 Willelmus¹¹
1233 3663 1329 3739 pater
1339 3657 1477 3741 predicti

370 3759 501 3825 Ricardi
516 3760 578 3823 fuit
593 3758 669 3823 inde
684 3757 814 3822 saisitus
828 3757 864 3820 in
878 3755 1039 3822 dominico
1053 3778 1112 3821 suo
1126 3765 1165 3821 ut
1180 3757 1220 3823 de
1234 3757 1329 3822 feodo
1344 3759 1403 3826 die
1419 3784 1478 3847 quc
1541 3779 1542 3836 l

370 3866 452 3930 obiit
466 3872 536 3942 etc,
552 3862 630 3949 quia
644 3856 798 3926 Matheus
812 3882 877 3925 ncn
891 3859 1014 3926 dedicit
1028 3860 1115 3947 quod
1133 3860 1223 3925 idem
1236 3860 1403 3929 Ricardus
1417 3888 1476 3929 non

469 4062 576 4111 ¹N0.4.

468 4127 579 4177 Ἰ1161.

469 4191 582 4242 ’Nea

469 4258 544 4307 *Na
556 4256 580 4305 4.
1054 4251 1067 4284 ⁸
1162 4288 1170 4302 .

468 4322 547 4371 ¹⁵For
563 4322 635 4372 these
651 4318 817 4385 proceedings
833 4334 875 4370 see
897 4318 962 4368 Ceae
1044 4318 1086 4415 Νὴ
1107 4332 1132 4400 6.
1161 4353 1168 4367 .

487 4420 493 4436 .
1128 4398 1151 4433 ο.
