3167 5075
319 424 363 487 94
635 434 777 495 nmen,
800 433 863 482 nn.
889 418 982 494 1225,
1005 432 1067 481 nn
1091 419 1121 482 9.

320 607 466 693 loquitur
486 606 526 672 de
545 607 570 693 j.
586 605 715 693 uirgato
735 612 821 670 terre
841 604 969 690 integre
989 612 1024 668 et
1044 603 1192 689 ipsi·non
1206 610 1323 667 tenent
1337 602 1427 666 illam

319 709 420 775 immo
434 709 534 774 Dowe
549 708 690 773 Vincent
705 714 799 772 tenet
819 706 954 771 temiem
973 713 1101 791 portem
1121 702 1271 790 capitalis
1291 702 1430 789 menagii

320 814 409 879 illius
422 814 549 901 uirgete
565 820 650 878 terre
665 821 700 877 et
715 833 780 876 non
795 819 888 876 tenet
902 810 943 876 de
957 810 1005 875 eis
1020 833 1080 876 nec
1094 810 1130 874 in
1143 809 1305 874 dominico
1318 830 1380 874 nec
1394 808 1430 872 in

320 916 455 982 seruicio
477 924 512 981 et
533 915 606 981 ideo
627 915 744 980 nolunt
766 914 809 979 ed
830 914 891 978 hoc
911 913 1012 978 breue
1035 912 1227 1000 respondere
1251 912 1316 977 nisi
1339 910 1431 976 curie

320 1018 579 1085 considerauerit.

386 1122 430 1186 Et
452 1129 635 1186 ettomotus
658 1119 816 1187 Willelmi
838 1118 919 1183 dicit
941 1117 1028 1204 quod
1053 1117 1157 1183 nescit
1185 1126 1299 1182 utrum
1329 1116 1429 1182 Deve

320 1225 411 1291 illam
427 1233 539 1290 teneat
554 1224 608 1289 uel
623 1246 688 1288 non
704 1231 737 1287 et
752 1222 810 1287 alii
823 1222 938 1288 dicunt
953 1220 1041 1308 quod
1055 1222 1137 1286 bene
1152 1221 1260 1286 sciunt
1275 1221 1345 1286 hoc.
1385 1221 1429 1285 Et

321 1328 394 1394 ideo
409 1328 472 1414 ipsi
486 1328 554 1393 sine
570 1326 623 1393 die
638 1334 673 1391 et
688 1326 873 1391 Willelmus
887 1325 923 1389 in
937 1324 1173 1389 misericordin¹
1191 1323 1197 1412 Ι

386 1430 616 1497 'Herewerdus
631 1430 718 1495 filius
733 1428 853 1516 Rogeri
868 1428 954 1515 petit
968 1451 1082 1494 uersus
1096 1429 1276 1494 Henricum
1298 1428 1430 1515 Fughe·

321 1534 396 1601 bir'¹
418 1544 452 1599 et
474 1536 496 1600 J
498 1533 640 1599 ulianam
663 1556 796 1598 uxorem
819 1533 891 1598 eius
908 1533 932 1618 j.
949 1533 1131 1620 mesegium
1145 1541 1180 1598 et
1194 1554 1251 1597 sex
1265 1556 1328 1597 acr.
1344 1541 1430 1597 terre

322 1662 396 1704 cum
411 1646 493 1724 pert.
507 1637 542 1702 in
557 1635 721 1724 Eggewer’
737 1645 776 1701 ut
790 1635 843 1700 ius
857 1658 962 1714 suum,
977 1635 1064 1701 unde
1080 1636 1228 1724 Rogems
1241 1646 1338 1722 peter
1351 1659 1430 1701 suus

321 1742 385 1808 suit
407 1741 536 1807 seisitus
557 1750 597 1806 ut
618 1741 659 1806 de
681 1740 773 1806 feodo
800 1748 835 1805 et
863 1740 933 1806 ium
964 1748 999 1805 et
1027 1740 1062 1804 in
1091 1739 1252 1805 dominico
1281 1749 1429 1827 tempore

321 1844 451 1911 Ricardi
466 1844 565 1933 Regis
579 1852 639 1909 etc
655 1842 812 1929 capiendo
826 1842 903 1908 inde
918 1842 1050 1928 expieta
1063 1842 1105 1907 ed
1120 1844 1303 1909 uelenciam
1319 1866 1348 1910 v.
1363 1844 1430 1922 soi,

320 1956 355 2014 et
377 1949 418 2015 de
440 1950 566 2036 Rogero
588 1947 755 2013 descendit
776 1947 829 2012 ius
850 1956 936 2013 terre
958 1948 1048 2012 illius
1069 1948 1133 2033 ipsi
1162 1948 1362 2014 Herewerdo
1389 1958 1430 2014 ut

320 2054 387 2120 filio
407 2063 442 2120 et
461 2053 573 2120 heredi
593 2076 652 2119 suo
667 2062 701 2118 et
715 2053 776 2118 hoc
791 2054 886 2117 offert
901 2062 960 2118 etc.
1006 2054 1051 2117 Et
1066 2054 1230 2118 Henricus
1245 2061 1279 2118 et
1293 2054 1430 2119 Juliena

320 2156 459 2221 ueniunt
473 2166 507 2221 et
523 2154 702 2221 defendunt
716 2152 768 2218 ius
782 2176 877 2218 suum
893 2162 927 2218 et
942 2154 1094 2219 seisinem
1109 2155 1238 2242 Rogeri,
1249 2164 1302 2220 set
1312 2178 1428 2221 uerum

319 2262 436 2326 uolunt
458 2260 570 2325 dicere.
616 2258 759 2339 Quidam
782 2258 946 2323 Geutems
968 2267 1151 2323 antecessor
1170 2260 1274 2345 ipsius
1292 2260 1430 2325 Henrici

320 2364 428 2428 tenuit
449 2371 568 2427 terram
588 2362 678 2426 illem
699 2369 734 2425 et
756 2360 839 2425 obiit
862 2360 993 2425 scisitus
1012 2369 1047 2426 et
1062 2370 1136 2447 post
1150 2383 1227 2427 eum
1242 2362 1430 2428 Willelmus

319 2464 406 2529 filius
431 2486 509 2529 suus
534 2471 569 2527 et
592 2464 691 2528 frater
716 2462 856 2549 predicti
882 2462 1002 2551 Rogeri
1027 2465 1264 2552 primogenitus
1290 2473 1327 2530 et
1355 2474 1430 2554 post

320 2568 460 2633 eundem
475 2567 676 2632 Willelmum
690 2568 801 2634 uenit⁴
814 2569 887 2654 ipse
901 2569 923 2633 J
925 2568 1036 2633 uliano
1050 2578 1089 2633 ut
1103 2570 1172 2635 filie
1191 2579 1227 2635 et
1246 2571 1341 2637 heres
1360 2595 1430 2648 sue,

319 2681 354 2738 et
383 2672 529 2758 Rogerus
558 2671 622 2735 fuit
650 2679 823 2756 postnotus
852 2672 952 2737 fmtcr
980 2671 1140 2737 Willelmi
1175 2681 1211 2738 et
1247 2673 1322 2738 ideo
1358 2675 1430 2760 ipse

319 2775 536 2840 Herewardus
558 2775 684 2840 nullum
707 2775 759 2840 ius
781 2775 901 2840 hebere
923 2783 1033 2861 potest
1054 2797 1130 2840 cum
1152 2774 1197 2839 sit
1219 2775 1260 2841 de
1275 2785 1430 2863 postneto

319 2879 427 2944 fratre.

384 2984 428 3048 Et
457 2983 672 3048 Herewendus
700 2984 864 3070 cognoscit
893 2983 980 3070 quod
1006 2983 1170 3049 Geuterus
1191 2985 1275 3051 obiit
1296 2986 1429 3053 seisitus

318 3096 368 3154 set
384 3088 567 3153 Willelmus
581 3087 667 3153 filius
682 3111 759 3153 suus
775 3097 921 3174 tempoie
935 3088 992 3153 illo
1007 3089 1072 3153 fuit
1085 3089 1174 3176 apud
1192 3089 1426 3177 Dunstspiinm

318 3202 352 3258 et
382 3193 528 3279 Rogems
557 3199 591 3257 et
622 3191 802 3257 Gilibertus
831 3193 931 3256 freter
960 3192 1030 3256 eius
1060 3201 1095 3256 et
1124 3193 1241 3258 fietres
1278 3194 1428 3260 eiusdem

319 3296 476 3362 Willelmi
498 3295 599 3361 locuti
617 3297 752 3364 fuerunt¹
772 3319 847 3360 cum
867 3297 961 3361 eoin
981 3305 1112 3361 tentum
1132 3297 1220 3383 quod
1238 3298 1365 3363 remisit
1380 3299 1429 3364 eis

317 3401 369 3465 ius
391 3423 495 3476 suum,
518 3408 567 3464 set
589 3421 702 3463 reuera
723 3407 797 3485 post
819 3407 956 3464 mortem
976 3399 1150 3464 Gaunteri⁵
1172 3401 1320 3488 Rogerus
1333 3415 1430 3490 peter

310 3519 395 3568 ‘suus
410 3502 530 3568 mansit
544 3501 579 3566 in
594 3501 767 3577 Londonia,
782 3502 852 3588 ipse
868 3502 997 3566 diuisit⁸
1011 3511 1131 3568 terram
1150 3504 1241 3569 illem
1262 3506 1429 3574 Willelmo

318 3607 409 3672 fratri
428 3629 487 3671 suo
507 3607 549 3671 ad
569 3606 745 3671 terminum
766 3616 801 3671 et
820 3607 869 3672 ite
887 3606 930 3671 ed
950 3607 1128 3672 terminum
1148 3608 1239 3673 illem
1259 3612 1369 3676 tenuit
1392 3621 1429 3677 et

318 3731 382 3774 non
396 3711 460 3774 alio
475 3708 578 3773 modo.

384 3815 428 3878 Et
458 3814 536 3900 quio
563 3813 726 3899 cognoscit
755 3813 907 3878 seisinom
938 3813 1095 3879 Willelmi
1123 3816 1195 3882 siue
1232 3816 1319 3881 iuste
1355 3817 1428 3882 siue

318 3915 438 3981 iniuste
454 3924 487 3980 et
503 3915 589 4002 quod
603 3915 666 3979 fuit
682 3917 780 3980 freter
794 3915 1030 4004 primogenitus
1045 3928 1079 3982 et
1094 3918 1195 3984 nichil
1210 3919 1354 3984 ostendit
1368 3941 1430 4006 per

352 4051 361 4083 ¹
378 4049 491 4100 Bmcton
505 4050 570 4100 cites
586 4047 640 4099 this
655 4050 844 4113 oese‚1.304b‚
897 4049 1429 4116 isthstWelterdiedleevingthreesons,

320 4115 497 4180 immediately
508 4117 574 4165 estes
585 4115 651 4165 Cese
662 4117 735 4166 1065.
897 4116 1020 4175 william,
1038 4117 1122 4178 Boger
1139 4118 1311 4180 (Herewerd’s
1327 4121 1427 4185 father)

353 4183 364 4214 ¹
379 4181 410 4231 B.
424 4196 459 4230 m.
473 4182 512 4229 14.
897 4181 950 4231 end
967 4181 1080 4242 Gilbert3
1097 4181 1214 4233 william
1230 4183 1276 4234 the
1292 4185 1429 4236 met-bom

352 4246 545 4309 ’tentatam
556 4244 587 4295 B.
897 4260 961 4307 gete
977 4245 1070 4309 ophis
1086 4247 1164 4297 claim
1182 4249 1212 4298 in
1228 4249 1319 4299 favour
1337 4251 1367 4300 oi
1383 4251 1429 4302 nis

352 4310 572 4369 ⁴0m.uenit‚B.
897 4309 1031 4370 brothers3
1058 4312 1209 4363 afterwards
1235 4313 1351 4366 Williem
1374 4331 1429 4367 m

353 4377 364 4410 ⁸
381 4375 479 4440 Supply
490 4379 560 4440 quta,
574 4374 605 4426 B.
898 4376 1004 4427 allowed
1015 4379 1043 4427 to
1053 4391 1151 4442 occupy
1161 4393 1192 4428 es
1202 4385 1306 4431 tormer.

353 4441 364 4472 ⁶
380 4441 451 4491 Oorr.
459 4443 564 4498 dimisit,
572 4441 602 4492 B.
624 4441 848 4493 Herewerd'scose
