3167 5075
303 424 421 475 consu
443 425 540 486 snos,
562 424 626 475 ιι).
652 412 810 487 1234-5,
832 426 896 477 sn
920 415 1057 479 18—19.
1167 415 1229 479 133

137 602 258 690 quidum
273 626 351 669 uero
366 603 565 669 conueniunt
585 603 619 668 in
641 612 786 690 tempore
806 612 858 669 set
879 604 1062 671 discordant
1083 606 1118 670 in
1140 605 1232 693 signo

136 706 207 794 quis
233 707 347 773 dicunt
372 706 459 794 qnod
485 730 549 772 non
574 707 691 773 hahuit
715 709 880 774 stellulsm
904 718 954 775 set
979 710 1069 775 albos
1091 710 1174 797 pilos
1196 710 1232 775 in

136 814 238 889 fronte,
253 812 385 899 quidam
401 813 514 878 dicunt
528 811 615 899 quod
629 812 753 877 nullom
769 812 886 877 habuit
900 813 1036 881 stellam.

193 918 235 982 Et
249 917 441 983 wakelinus
456 915 606 1003 producit
621 924 743 982 sectam
759 939 822 1004 que
837 917 1008 984 concordat
1028 918 1064 983 in
1083 918 1233 984 omnihus

134 1030 165 1085 et
178 1045 232 1109 per
245 1023 363 1100 omnis,
377 1031 412 1087 et
426 1021 541 1087 dicunt
555 1044 667 1087 omnes
681 1044 761 1108 quos
776 1022 846 1109 ipse
862 1022 1012 1110 producit
1025 1045 1083 1110 pro
1098 1046 1132 1088 se
1146 1023 1233 1110 quod

133 1126 172 1192 sd
205 1126 290 1193 diem
329 1128 429 1192 talem
467 1134 525 1193 etc
557 1134 697 1213 quatuor
732 1127 827 1192 annis
863 1127 981 1213 elapsis
1016 1128 1110 1193 uenit
1145 1128 1231 1193 idem

133 1231 316 1298 wakelinus
330 1240 364 1298 ct
379 1232 460 1297 emit
475 1254 592 1318 equum
606 1254 706 1296 unam
721 1254 827 1296 soram
848 1254 922 1297 cum
937 1232 1027 1317 pullo
1041 1232 1183 1297 lactente
1198 1240 1233 1297 et

132 1336 259 1401 hudidit
295 1337 423 1423 pullum
460 1336 553 1402 illum
584 1334 831 1401 custodiendum
861 1334 990 1399 cnidum
1019 1336 1162 1401 Johsnni
1191 1335 1232 1402 de

132 1439 229 1506 Pareo.
275 1440 320 1505 Et
335 1440 454 1527 quesiti
465 1439 506 1505 do
522 1440 614 1527 signo
630 1447 665 1505 et
679 1438 804 1505 uerbis¹
818 1438 1013 1505 concordant
1028 1440 1105 1526 quia
1118 1440 1233 1506 dicunt

131 1544 210 1629 quod
223 1546 335 1632 pullus
349 1545 465 1611 hebuit
480 1544 644 1609 sinistram
659 1544 839 1610 suriculam
854 1545 963 1609 fissam
974 1552 1009 1609 θὴ
1023 1544 1160 1610 candum
1175 1568 1232 1632 pro

131 1658 216 1735 parte
230 1650 388 1716 abscisam
403 1658 437 1715 et
457 1650 573 1716 dicunt
593 1647 680 1737 quod
700 1649 811 1735 pullus
829 1648 922 1735 niger
942 1649 1013 1713 fuit.
1059 1650 1102 1713 Et
1124 1651 1232 1736 pullus

131 1754 213 1819 uisus
227 1762 278 1820 ost
294 1762 328 1819 θὴ
344 1754 523 1819 nonhabet
539 1761 662 1819 etatem
677 1753 741 1818 nisi
762 1762 902 1839 quatuor
921 1776 1077 1818 annorum
1098 1753 1139 1818 ud
1159 1756 1232 1841 plus

132 1858 179 1923 uel
204 1859 305 1925 trium
331 1866 365 1924 ct
392 1858 520 1923 dimidii
544 1856 586 1923 sd
612 1858 728 1923 minus.
783 1858 828 1922 Εὴ
857 1858 1000 1924 Thomas
1024 1857 1065 1923 dc
1095 1859 1232 1925 Perham

131 1964 267 2029 seruiens
286 1964 424 2029 manerii
444 1963 525 2029 dicit
548 1962 633 2049 quod
655 1962 821 2049 predictus
842 1962 1035 2028 Wslrclinus
1056 1973 1231 2050 antequam

130 2087 239 2152 equam
269 2066 411 2153 petitum
441 2065 578 2131 uidisset
607 2065 691 2131 dixit
717 2065 826 2131 omnis
854 2064 948 2152 signs
976 2072 1011 2129 et
1034 2066 1171 2131 colorem
1198 2075 1232 2130 et

130 2169 232 2234 omnis
245 2192 388 2256 perque
408 2168 555 2256 cognosci
575 2168 691 2254 potuit,
708 2176 742 2233 et
758 2167 943 2233 Willelmus
962 2189 1037 2231 cum
1057 2190 1154 2254 supro
1172 2168 1233 2233 hoc

130 2281 209 2336 esset
222 2272 443 2359 interrogatus
457 2270 557 2335 nichil
569 2280 694 2336 certum
706 2270 836 2336 dicebat
848 2270 911 2335 nisi
922 2270 1008 2357 quod
1020 2271 1051 2336 ei
1062 2272 1234 2357 pullunste

130 2375 196 2455 fuit,
211 2384 244 2443 θὴ
258 2376 360 2441 nichil
376 2376 472 2441 sciuit
487 2376 527 2441 de
542 2384 639 2442 etate.
684 2375 728 2440 Et
743 2375 822 2461 quis
836 2383 924 2440 secta
939 2398 1037 2461 quam
1048 2376 1233 2443 Willelmus

130 2480 272 2567 producit
287 2504 354 2547 non
369 2490 419 2549 θεὴ
434 2480 595 2548 sufficiens
610 2503 670 2547 nec
684 2479 808 2567 aliquid
823 2480 947 2567 probet,
963 2488 998 2547 ct
1013 2481 1091 2569 quis
1104 2482 1233 2568 loquela

130 2582 254 2672 incepto.
283 2585 349 2650 fuit
378 2585 462 2650 infru
498 2584 683 2649 libertatern
721 2584 873 2672 Episcopi
910 2586 1161 2651 Serrisbiriensis
1197 2596 1241 2652 θὴ·

130 2688 264 2755 bulliuus
280 2689 433 2776 Episcopi
448 2689 534 2776 petit
548 2688 670 2754 curiam
685 2711 787 2767 susm,
798 2712 947 2754 concessa
961 2698 1011 2754 est
1025 2691 1056 2756 ei
1071 2700 1106 2756 θὴ
1121 2699 1232 2757 teneat

130 2793 300 2880 unicuique
331 2792 501 2858 iusticiam
548 2793 593 2857 Et
617 2791 802 2856 Willelmus
827 2800 861 2858 et
884 2792 1027 2858 Gunilds
1047 2802 1153 2859 mater
1174 2818 1233 2860 sus

131 2906 322 2984 cognoscunt
348 2895 589 2984 quodquidam
612 2897 758 2984 Rogerus
779 2896 820 2962 de
845 2898 953 2964 Etons
975 2899 1124 2964 uendidit
1147 2901 1233 2986 petri

130 3000 225 3087 ipsius
254 3001 414 3068 Willelmi
444 3008 581 3066 matrem
611 3000 700 3066 illius
726 3001 811 3087 'eque
841 3001 883 3088 vj.
912 3002 1006 3067 annis
1034 3003 1151 3090 clapsis
1179 3004 1233 3069 uel

131 3115 257 3191 septem,
273 3115 309 3172 θὴ
324 3105 440 3171 dicunt
459 3104 545 3192 quod
567 3115 647 3170 tunc
666 3105 731 3170 fuit
750 3128 920 3194 pregnans,
935 3117 969 3173 et
991 3131 1075 3196 equs
1096 3132 1160 3174 non
1183 3118 1234 3176 est

131 3207 229 3273 sdhuc
244 3207 308 3274 nisi
324 3207 383 3293 iiij.
399 3229 556 3272 annornm
571 3207 613 3272 sd
628 3208 701 3293 plus
716 3216 775 3273 etc.

36 3311 100 3378 lllt.
189 3310 370 3377 'Bestricis
390 3333 473 3376 uxor
496 3311 644 3378 Gsuhidi
669 3311 710 3377 de
733 3312 941 3379 Dichefordis
964 3314 1057 3400 ponit
1083 3315 1152 3381 loco
1175 3338 1233 3381 suo
1341 3336 1372 3366 m

132 3415 319 3482 (lanfridum
336 3416 444 3481 uirum
464 3438 560 3482 suum
580 3417 635 3482 ucl
655 3417 856 3483 Willolmum
876 3417 917 3482 dc
938 3418 1100 3484 Eneshem
1122 3443 1234 3486 uersus

135 3517 330 3588 Willelmum
361 3523 498 3588 Trsucrs
527 3521 568 3587 de
597 3522 717 3609 placito
747 3531 840 3587 terre.
885 3521 929 3586 Et
957 3522 1123 3588 sciendum
1147 3524 1234 3610 quod

134 3622 287 3690 Bcetricis
302 3623 481 3690 essonisuit
494 3647 528 3690 sc
544 3623 584 3689 de
600 3625 684 3689 malo
705 3623 781 3688 lecti
802 3632 836 3688 θὴ
855 3623 971 3688 habuit
991 3624 1179 3712 languorem
1199 3635 1234 3690 θὴ

133 3728 212 3795 undo
226 3730 346 3796 habuit
362 3729 449 3795 diem
464 3728 551 3816 apud
572 3728 699 3794 Turrim
720 3727 886 3794 Londonie
906 3751 927 3793 a
945 3728 998 3794 die
1018 3728 1109 3794 nisus
1127 3729 1179 3794 sui
1198 3730 1232 3794 in

134 3854 227 3899 unum
242 3858 368 3901 annum
384 3842 418 3899 et
438 3856 540 3898 unum
558 3833 644 3898 diem
668 3841 702 3898 et
720 3833 777 3919 qui
792 3830 924 3898 trunsit³
940 3832 999 3897 tuli
1014 3832 1066 3898 die
1085 3842 1143 3898 etc.
1189 3834 1233 3898 Et

133 3935 247 4004 dictum
263 3949 315 4006 cst
331 3939 363 4004 ci
377 3937 464 4025 quod
480 3939 591 4004 ueniat
605 3939 641 4003 in
656 3937 769 4004 eodem
784 3946 874 4002 statu
889 3938 924 4001 in
939 3960 1003 4023 quo
1017 3960 1104 4002 nunc
1122 3946 1173 4002 cst
1191 3938 1233 4003 od

134 4043 262 4126 primam
273 4043 561 4110 summonicioncm
572 4043 700 4130 quando
710 4042 881 4109 iusticisrii
889 4041 1078 4108 residebunt
1088 4041 1234 4109 inhsnco

136 4147 183 4212 uel
193 4147 226 4213 in
237 4149 386 4216 aduentu
398 4149 648 4216 iusticisriorum
657 4173 731 4216 curn
741 4149 776 4214 in
785 4157 894 4236 partos
904 4157 964 4214 etc.
977 4148 1047 4213 sine
1058 4149 1188 4213 essonio.
1208 4147 1214 4236 Ι

166 4341 174 4373 ¹
190 4342 270 4394 dhes
282 4349 335 4394 tuo
345 4342 430 4394 words
446 4343 530 4395 which
547 4358 591 4395 sro
608 4348 656 4396 not
706 4345 735 4396 ol
746 4343 925 4394 Michsolmes

137 4409 264 4466 ιὴιθνὴὶις
283 4409 570 4460 losnnotrcsdthsm.
739 4409 840 4460 ⁸(lorr.
854 4410 966 4471 transiit,
979 4408 1010 4458 A.

165 4471 267 4525 ’dm
278 4475 319 4526 14.
352 4473 656 4536 northmannorum
