3167 5075
155 383 380 449 rnrmnum’s
402 399 493 448 nrnn
516 399 554 449 ru
577 399 748 461 nonnoni,
770 400 838 450 nn.
862 384 956 463 1227,
977 400 1043 451 nn
1066 387 1117 452 12.
1161 385 1225 455 637

121 572 323 658 recuperauit
337 571 488 637 seisinem
504 593 596 636 sunm
612 579 647 636 et
661 571 821 636 Rieherus
835 579 870 637 et
887 571 944 638 alii
959 572 994 638 in
1008 571 1227 639 misericordia

121 684 177 742 ete
491 675 494 684 ’

42 785 87 853 t37.
182 779 293 844 Amisa
314 777 407 844 uenit
428 776 634 864 recognitum
653 777 681 841 si
694 777 861 842 Walterus
881 778 912 842 le
928 778 1092 864 Heywerd
1106 779 1227 845 iniuste

120 891 175 949 eto
192 883 370 967 dieeeisiuit
384 882 565 947 Hernicum
586 881 691 946 filium
706 881 845 946 walteri
867 890 903 947 et
924 883 1071 948 Thedam
1093 907 1226 950 uxorem

120 989 186 1052 eius
196 988 236 1053 de
251 987 353 1052 libero
362 993 550 1050 tenemento
559 1007 617 1049 suo
626 985 662 1048 in
672 986 833 1050 Suafhem
844 986 929 1051 infra
938 989 1227 1054 summonioionem

119 1092 244 1158 itineris
269 1091 530 1156 iusticieriorum.
575 1090 620 1154 Et
647 1089 813 1155 walterus
837 1091 932 1156 uenit
961 1099 996 1156 et
1021 1092 1122 1158 nichil
1147 1093 1228 1160 dicit

120 1219 217 1282 quere
233 1196 334 1260 assisa
347 1202 523 1260 remaneat.

180 1301 350 1365 Juratores
373 1297 488 1363 dicunt
510 1297 597 1383 quod
619 1298 783 1364 Hernicus
805 1306 840 1364 et
862 1298 976 1364 Thede
1000 1299 1115 1365 uillani
1139 1311 1226 1379 eunt,

118 1411 166 1468 set
189 1424 305 1467 reuera
329 1401 392 1487 ipsi
417 1408 533 1466 tenent
559 1423 615 1464 sex
637 1423 726 1465 acrae
750 1410 836 1466 terre
858 1424 917 1487 per
938 1403 1055 1467 liberos
1079 1403 1227 1469 denarios

117 1527 189 1570 suos
204 1502 292 1570 unde
305 1502 369 1588 ipsi
383 1501 472 1566 dies'¹
489 1524 543 1566 eos
558 1511 593 1566 et
607 1501 692 1567 sicut
707 1502 780 1567 illas
800 1526 881 1589 quas
901 1503 1081 1590 Reymerus
1102 1505 1227 1591 primus
1300 1537 1314 1566 n

118 1608 167 1672 uir
179 1607 269 1672 dicte
284 1605 394 1670 Thede
410 1604 519 1669 tenuit
530 1604 580 1669 ita
594 1604 680 1691 quod
695 1627 750 1670 ens
765 1613 890 1670 emerat
902 1606 943 1671 de
958 1607 1090 1672 belliuis
1103 1607 1228 1674 domini

117 1713 165 1777 sui
179 1711 223 1777 ed
238 1708 417 1776 tenendum
432 1709 532 1774 libere
546 1732 605 1796 per
619 1709 767 1774 denarios
781 1733 865 1790 enos,
879 1719 930 1775 set
951 1734 1065 1776 reuera
1084 1712 1227 1777 uillanue

116 1817 178 1882 fuit
206 1816 295 1881 sicut
324 1823 358 1880 et
387 1813 559 1892 Hernicus,
587 1823 621 1878 et
651 1822 737 1880 terre
766 1815 825 1879 ille
852 1823 927 1900 poet
956 1825 1094 1880 mortem
1124 1816 1227 1901 ipsius
1303 1850 1316 1878 ο

115 1921 269 2008 Reymeii
296 1919 453 1985 remansit
482 1917 594 1985 Thede
623 1941 682 2004 per
710 1917 799 1984 idem
828 1919 1010 1986 seruicium.
1070 1920 1114 1985 Et
1149 1921 1227 2006 quie

116 2027 294 2114 Reymerus
317 2025 442 2112 primus
466 2024 518 2088 uir
542 2047 620 2088 suus
646 2023 728 2088 obiit
757 2023 887 2088 seisitus
914 2023 957 2088 de
986 2024 1137 2090 libertate
1167 2047 1227 2110 per

116 2130 320 2194 uoluntatem
336 2126 540 2192 dominorum
555 2149 695 2202 suorum,
711 2135 745 2192 et
766 2127 860 2212 pueri
880 2126 1031 2192 similiter
1052 2129 1147 2193 liberi
1167 2151 1227 2214 per

116 2231 253 2298 eandem
276 2231 489 2307 uoluntatem,
512 2239 546 2296 et
568 2231 639 2316 ipsa
661 2229 812 2294 similiter
834 2230 898 2294 fuit
920 2231 954 2295 in
977 2231 1128 2296 libertate
1151 2241 1225 2318 poet

116 2344 252 2401 mortem
265 2335 328 2401 uiri
337 2335 396 2411 sui,
405 2335 493 2399 unde
502 2334 530 2398 si
539 2332 641 2398 uidua
652 2340 737 2398 esset
751 2334 799 2418 [et
810 2357 874 2398 non
889 2335 1044 2400 maritate
1058 2336 1223 2422 Hernico¹J
1237 2331 1362 2427 {3123}ss

115 2440 325 2505 menifestum
347 2452 398 2502 eet
419 2436 507 2523 quod
527 2436 627 2501 emisa
648 2436 768 2501 iaceret
788 2445 823 2501 et
844 2437 931 2523 quod
951 2438 1113 2504 disseisita
1131 2449 1224 2513 esset,
1237 2426 1367 2511 fflisst„

115 2544 267 2610 similiter
288 2550 421 2630 propter
445 2541 555 2606 uirum
580 2564 677 2606 suum
703 2542 760 2628 qui
782 2542 925 2607 uillanus
947 2552 997 2607 est
1022 2566 1088 2608 non
1109 2544 1225 2609 debuit
1237 2518 1343 2651 {ffi'iu'i'
1344 2524 1388 2606 iii

115 2648 270 2715 disseisiri
291 2649 332 2712 de
354 2648 456 2712 libero
482 2652 671 2711 tenemento
696 2645 783 2711 unde
807 2646 920 2711 seisite
942 2647 1014 2726 fuit,
1038 2656 1089 2712 eet
1111 2648 1140 2713 si
1162 2649 1226 2735 ipsi
1238 2613 1361 2745 ffffin

114 2764 225 2839 petere
250 2752 375 2817 uellent
399 2773 513 2815 uersus
538 2750 680 2835 aliquem
706 2750 851 2836 aliquam
876 2758 997 2815 terrem
1022 2773 1088 2815 non
1116 2717 1361 2838 posset&

1238 2847 1334 2895 quamue

114 2866 225 2943 petere
257 2856 399 2920 'uiuente
436 2854 554 2919 marito
590 2876 657 2931 suo,
686 2853 760 2919 ideo
789 2854 1029 2920 consideratum
1058 2864 1109 2921 est
1138 2857 1304 2978 qufflnuffi
1313 2893 1377 2933 mm

115 2962 279 3027 Hernicus
294 2968 328 3025 et
343 2959 432 3024 Tedn
446 2966 720 3051 reeupereuerunt
735 2958 887 3024 seieinem
901 2982 1003 3039 suam,
1014 2969 1049 3026 et
1061 2961 1225 3027 Walterus
1237 2940 1374 3025 iinn‘iii‘m

113 3062 456 3130 inmiserioordiaete
1236 3037 1359 3127 minim

42 3178 79 3243 38,
177 3168 293 3234 Assisa
306 3166 399 3232 uenit
413 3166 619 3253 recognitum
632 3166 660 3230 si
675 3165 781 3231 Adam
798 3165 839 3231 de
854 3166 975 3253 Knylli
989 3167 1156 3233 Walterus
1171 3168 1224 3233 del
1272 3180 1352 3223 Forte

112 3273 204 3351 Aere,
220 3270 408 3337 Willelmus
429 3268 470 3334 de
492 3268 749 3356 Hornigefendia
765 3268 888 3333 iniuste
903 3277 962 3334 etc.
978 3270 1224 3335 disseisiuerunt

113 3377 294 3443 Radulfum
309 3376 350 3439 de
365 3374 464 3438 Munt
479 3374 603 3437 Pinzun
618 3373 659 3438 de
674 3372 776 3438 libero
790 3381 979 3438 tenemento
988 3396 1046 3438 suo
1056 3374 1091 3438 in
1103 3375 1225 3461 Magne

113 3483 261 3569 Riburge
276 3487 350 3566 post
364 3479 423 3544 ult'
440 3486 499 3544 etc.

178 3588 224 3653 Et
239 3585 349 3650 Adam
363 3584 456 3649 uenit
472 3591 506 3648 et
521 3582 601 3648 dicit
617 3582 703 3669 quod
722 3583 822 3648 uesieu
840 3604 906 3646 non
925 3581 1024 3647 debet
1046 3581 1122 3648 inde
1144 3582 1223 3661 fieri,

113 3692 190 3777 quia
211 3690 316 3755 Fuleo
337 3695 431 3774 peter
452 3687 553 3773 ipsius
574 3687 707 3751 Radulfi
729 3685 812 3751 obiit
831 3685 961 3751 seisitus
980 3686 1021 3750 de
1035 3694 1224 3752 tenemento

113 3794 199 3860 unde
215 3794 308 3859 uisus
323 3794 426 3857 fectus
442 3798 502 3869 est,
515 3791 563 3855 ite
578 3791 664 3876 quod
679 3791 766 3855 idem
781 3790 942 3855 Rodulfus
960 3812 1128 3876 nunquam
1150 3801 1224 3876 post

113 3908 253 3963 mortem
268 3918 361 3960 suem
376 3894 439 3959 fuit
453 3893 489 3957 in
503 3893 629 3972 seisine,
641 3901 692 3958 set
706 3893 820 3958 stetim
833 3900 908 3979 post
922 3900 1061 3957 mortem
1073 3892 1224 3956 Fuloonis

144 4034 246 4083 ¹Gorr.
259 4031 474 4094 insedissetoiuit.
696 4028 831 4089 diesoieim
857 4028 906 4078 but
927 4028 972 4078 the
993 4028 1068 4091 point
1091 4042 1174 4078 seems
1195 4032 1225 4079 to

144 4099 155 4131 ²
170 4096 353 4159 Interpoluted
364 4096 397 4159 by
409 4098 557 4145 annotator.
694 4094 762 4144 heve
772 4095 837 4144 been
848 4093 1006 4157 disputeble:
1018 4095 1051 4143 of.
1063 4094 1082 4143 1.
1094 4096 1152 4143 202.
1174 4095 1224 4145 oo

144 4164 230 4213 'The
247 4176 354 4211 reasons
376 4161 416 4209 for
438 4160 493 4209 thie
508 4159 646 4222 judgment
697 4174 768 4210 serve
779 4160 825 4209 the
835 4160 997 4209 annotator'e
1009 4158 1186 4208 introduction
1197 4160 1227 4209 of

114 4244 157 4279 nro
173 4228 252 4291 given
267 4226 330 4275 with
344 4225 459 4276 unusual
475 4224 644 4275 elebomtion.
696 4224 742 4274 the
757 4224 853 4286 phrase
870 4227 899 4274 in
915 4232 986 4274 staur
1003 4225 1092 4281 litem
1110 4225 1224 4274 Bmoton

114 4296 238 4351 Bronton,
263 4292 281 4341 1.
304 4292 353 4341 202
370 4291 396 4349 b,
413 4290 566 4353 apparently
584 4289 646 4339 held
695 4290 842 4353 hebitunlly
853 4290 946 4352 speaks
956 4289 986 4339 of
1000 4303 1016 4340 e
1030 4288 1119 4339 villein
1132 4289 1189 4339 who
1201 4290 1225 4339 in

115 4360 172 4411 thot
188 4359 217 4409 in
236 4356 302 4407 snnh
318 4372 335 4407 e
350 4370 411 4407 ense
427 4369 457 4406 es
473 4354 527 4405 this
542 4354 586 4405 the
599 4354 646 4404 vil·
697 4357 727 4405 de
741 4356 816 4418 sacto
835 4355 957 4420 enjoying
976 4354 1089 4407 sreedom
1107 4368 1137 4405 es
1156 4362 1226 4405 notu

115 4426 190 4475 lein's
202 4423 264 4473 wife
274 4422 357 4485 might
368 4435 472 4472 reoover
482 4420 510 4470 in
519 4420 563 4472 the
571 4420 647 4471 novel
699 4422 772 4471 liter.
