3167 5075
287 368 350 432 606
395 381 486 430 arcs
509 381 552 430 or
575 380 776 430 Pirrssonn
799 381 837 430 ni
860 381 964 442 sacr,
985 381 1052 433 iin.
1076 366 1169 442 1227,
1191 382 1255 431 iin
1279 370 1329 432 ll.

286 553 386 620 assisa
407 577 472 619 non
493 553 591 619 debet
613 552 689 618 inde
712 552 782 618 fieri
804 553 882 640 quia
903 553 967 641 ipsi
988 555 1162 621 Geruasins
1184 564 1220 620 et
1246 555 1396 643 Rogems

286 669 363 726 sunt
388 660 533 726 bastardi
556 682 594 724 eo
617 658 703 745 quod
729 658 800 724 neti
826 659 960 724 fuerunt
982 667 1060 724 ante
1083 658 1339 737 matrimonium,
1360 671 1398 726 et

285 763 369 829 bene
392 763 485 849 ponit
510 785 545 828 se
570 785 668 848 super
689 762 831 828 iuratam
852 763 940 849 quod
961 786 1027 828 non
1049 772 1126 829 sunt
1150 764 1398 852 propinquiores

285 868 427 946 heredes,
450 867 528 955 quia
548 868 619 933 nati
642 868 774 932 fuerunt
795 866 831 932 in
852 866 1021 946 adulterio,
1046 875 1097 934 set
1121 869 1206 935 bene
1230 868 1398 957 cognoscit

285 973 372 1060 quod
399 972 561 1038 Henricus
586 971 668 1037 obiit
697 971 773 1037 inde
803 972 934 1038 scisitus
962 981 1002 1037 iit
1030 973 1072 1037 de
1100 973 1201 1038 feodo
1248 974 1292 1038 Et
1317 973 1399 1060 quia

286 1079 432 1165 Rogerus
447 1086 481 1142 et
497 1077 672 1143 Geruasius
686 1085 764 1142 sunt
778 1077 863 1144 infra
877 1085 1001 1144 etatem
1016 1078 1089 1143 ideo
1103 1079 1258 1164 procedat
1271 1079 1380 1144 assisa

124 1191 274 1278 ffiuffi
352 1183 519 1248 Juretores
543 1182 657 1247 dicunt
680 1182 767 1268 quod
791 1183 960 1247 Jeruasius
988 1191 1022 1248 et
1042 1184 1194 1270 segerus
1222 1205 1288 1248 non
1317 1191 1398 1247 sunt

123 1285 260 1372 33:¹3²ss
286 1285 528 1374 propinquiores
551 1286 685 1351 heredes
711 1286 789 1372 quia
814 1286 885 1351 nati
908 1287 1041 1351 fuerunt
1067 1286 1103 1350 in
1128 1287 1288 1352 adulterio
1317 1296 1398 1351 ante

138 1379 275 1466 “aram'‘
286 1392 536 1458 matrimonium.
582 1392 626 1455 Et
641 1390 714 1456 ideo
728 1389 967 1456 consideratum
983 1390 1134 1477 estquod
1148 1391 1250 1456 nichil
1263 1392 1399 1478 capiant

124 1472 205 1522 W
286 1517 345 1581 per
365 1495 507 1571 assisam,
522 1501 556 1558 et
578 1493 735 1558 Ricardus
757 1493 835 1558 inde
856 1493 926 1558 sine
947 1492 1009 1559 die.
1055 1493 1099 1558 Et
1115 1493 1268 1560 similiter
1279 1495 1399 1560 dicunt

287 1601 373 1688 quod
388 1601 457 1665 filia
471 1599 615 1666 eiusdem
631 1598 766 1664 Henrici
780 1607 860 1664 nats
874 1599 939 1663 fuit
956 1607 1034 1664 ante
1053 1599 1306 1665 matrimonium
1349 1600 1399 1666 Et

287 1703 444 1770 Riosidus
459 1703 613 1768 concessit
628 1701 726 1768 matri
740 1724 851 1767 eorum
865 1702 976 1767 dotem
990 1725 1090 1768 suam
1110 1701 1116 1790 Ι

159 1790 237 1843 [Μ
352 1807 479 1874 ’mssa
500 1807 593 1873 uenit
615 1807 822 1894 recognituri
841 1807 870 1872 si
892 1807 1059 1873 Dromius
1078 1807 1120 1872 de
1140 1807 1289 1873 Hechim
1303 1816 1403 1894 pater

156 1862 249 2002 lii}
287 1914 423 1980 Roberti
437 1915 478 1979 de
493 1914 641 1979 Hechsm
657 1913 720 1978 fuit
735 1913 866 1979 seisitus
885 1913 921 1977 in
941 1913 1103 1979 dominico
1122 1937 1181 1978 suo
1195 1923 1234 1979 ut
1248 1915 1289 1979 de
1303 1914 1402 1979 feodo

125 2050 250 2090 cesinia
287 2019 328 2084 de
343 2018 448 2085 tribus
464 2018 543 2105 uirg.
560 2026 645 2084 terre
660 2041 735 2083 cnm
750 2026 832 2104 pert.
848 2018 883 2082 in
897 2018 1048 2084 Hecham
1062 2017 1115 2083 die
1137 2027 1206 2097 etc,
1221 2028 1256 2084 et
1276 2021 1306 2084 si
1327 2031 1402 2097 etc,

125 2098 268 2219 iiiiiiiip:ru
288 2145 385 2209 quam
401 2130 521 2187 terram
537 2121 699 2187 Gersrdus
718 2121 807 2186 filius
828 2121 989 2186 Hemonis
1011 2131 1112 2188 tenet.
1157 2122 1226 2203 Qui
1246 2122 1340 2189 uenit
1363 2133 1402 2188 et

124 2191 242 2241 imm
287 2227 367 2294 dicit
382 2227 468 2314 quod
483 2226 582 2292 assisa
596 2249 662 2292 non
676 2226 776 2292 debet
789 2226 867 2290 inde
882 2226 953 2291 fieri
967 2227 1046 2313 quia
1059 2226 1129 2314 ipse
1144 2250 1209 2292 non
1227 2237 1321 2293 tenet
1334 2230 1404 2294 nisi

288 2331 498 2398 medietatem
513 2330 601 2395 illius
616 2338 700 2395 terre
716 2329 795 2415 quia
805 2329 828 2394 J
829 2329 971 2394 ohannes
986 2330 1086 2395 frater
1099 2353 1178 2395 suus
1191 2338 1286 2396 tenet
1298 2331 1404 2396 sliam

288 2438 507 2504 medietatem.
553 2436 596 2500 Et
611 2434 635 2501 J
635 2434 778 2500 ohannes
793 2457 925 2521 presens
939 2444 990 2499 est
1006 2443 1040 2501 et
1055 2435 1115 2500 hoc
1135 2435 1308 2522 cognoscit.
1355 2437 1406 2502 Et

289 2544 361 2609 ideo
377 2542 539 2609 Gerardus
553 2541 629 2606 inde
644 2540 714 2605 sine
729 2541 782 2606 die
804 2548 838 2605 et
857 2540 1020 2606 Robertus
1041 2541 1209 2629 perquirat
1230 2564 1264 2607 se
1286 2564 1409 2608 uersus

290 2669 344 2712 eos
357 2668 415 2733 per
429 2646 519 2711 aliud
533 2646 632 2711 breue
647 2645 675 2710 si
691 2644 841 2710 uoluerit.

244 2814 250 2829 ,
354 2751 510 2816 ⁴Isobellii
524 2749 564 2815 de
580 2750 698 2815 Hotoit
720 2772 779 2835 per
802 2749 984 2815 Galfridum
1007 2748 1178 2836 Gunquest
1196 2760 1407 2818 attornatum

291 2878 386 2922 suum
401 2855 500 2943 peciit
512 2877 624 2922 uersus
636 2856 821 2929 Homonem
833 2853 979 2941 Colekyn
989 2854 1077 2940 quod
1088 2854 1208 2920 faceret
1219 2856 1251 2922 ei
1264 2857 1411 2924 seruicia

292 2969 326 3025 et
341 2959 591 3025 consuetudines
606 2958 646 3023 de
662 2967 851 3023 tenemento
867 2958 953 3045 quod
967 2958 1009 3023 de
1024 2981 1064 3024 ea
1077 2967 1170 3024 tenet
1191 2960 1226 3024 in
1248 2960 1410 3028 Fsewaut

290 3065 416 3131 desicut
431 3065 502 3151 ipsa
516 3064 657 3130 Isobella
671 3071 722 3129 est
736 3070 892 3129 antenate
906 3084 993 3128 soror
1007 3072 1042 3128 et
1052 3062 1140 3129 idem
1151 3064 1283 3130 Hamon
1297 3075 1350 3131 est
1362 3066 1410 3132 de

291 3190 396 3234 sorore
411 3190 470 3233 sua
484 3176 643 3254 postrata

356 3275 401 3339 Et
416 3274 547 3338 Hsmon
564 3273 657 3338 uenit
673 3282 707 3338 et
722 3272 807 3338 dixit
822 3273 909 3358 quod
924 3272 1090 3339 Galfridus
1108 3273 1151 3340 de
1173 3274 1239 3361 Say
1252 3276 1412 3363 capitalis

292 3377 442 3443 dominus
465 3385 514 3442 est
536 3376 571 3441 in
593 3376 713 3442 seisina
732 3377 774 3442 de
797 3376 932 3442 seruicio
954 3399 1013 3442 suo
1033 3384 1067 3441 et
1087 3399 1163 3442 eum
1177 3378 1347 3446 distrinxit
1363 3382 1412 3448 ad

291 3481 475 3547 faciendum
498 3480 530 3545 ei
550 3481 738 3568 homagium
761 3503 858 3546 suum
880 3489 915 3546 et
936 3481 1028 3547 indc⁸
1046 3482 1154 3548 adhuc
1175 3482 1354 3573 distringit,
1372 3498 1412 3553 et

291 3586 366 3652 inde
383 3594 479 3652 uocat
493 3586 601 3673 ipsum
617 3587 800 3652 Galfridum
815 3587 857 3652 ad
871 3596 1059 3653 warantum.

357 3692 401 3756 Et
417 3691 581 3757 Galfridus
596 3714 654 3779 per
668 3690 957 3757 commonicionem
971 3692 1066 3757 uenit
1084 3701 1119 3757 et
1140 3692 1293 3781 cognouit
1314 3698 1413 3781 quod

292 3794 368 3862 inde
384 3798 503 3863 faceret
517 3796 671 3883 quicquid
687 3797 777 3863 curia
795 3797 1021 3875 consideraret,
1036 3806 1070 3863 et
1092 3819 1157 3864 non
1177 3798 1301 3865 dedicit
1321 3802 1413 3887 quin

292 3968 820 4111 tttttts‘hstttstt
871 3967 1414 4112 {tristissimam

290 4099 514 4152 siricianis.
547 4100 697 4149 Itisoiim
731 4106 821 4150 rtanoe
873 4102 926 4161 hoc,
940 4100 1371 4154 nnoemboihmiliesme
1386 4106 1416 4156 is

290 4164 821 4294 mici
871 4164 989 4281 cim
1015 4164 1050 4229 i
1161 4167 1189 4217 0¹
1214 4167 1309 4231 ΜΝ
1336 4183 1415 4221 20¹·-

290 4296 356 4347 need
366 4296 405 4346 be.
903 4296 1008 4346 ⁴A.m.
1021 4296 1062 4345 12.

323 4360 378 4413 Ἀ
393 4376 429 4411 m.
443 4362 482 4411 12.
903 4360 989 4411 ⁸0m.
1001 4362 1111 4421 indas.

322 4424 415 4476 ⁸This
436 4425 579 4489 seemingly
600 4424 678 4476 refers
703 4430 731 4477 to
753 4426 820 4477 Gaas
