3167 5075
378 381 443 450 476
691 397 830 458 unsrun,
852 397 916 446 nn.
941 384 1034 459 1223,
1055 397 1118 448 nn
1141 383 1169 450 7.

377 571 628 638 conuencionem
657 573 742 639 sicut
771 573 955 659 predictum
981 579 1032 638 est
1057 581 1091 638 et
1116 571 1192 637 inde
1218 571 1303 658 petit
1324 571 1456 636 iudicium

376 687 435 743 etc
1214 682 1219 690 '

441 783 485 847 Et
515 782 593 868 quin
621 781 785 868 predictus
816 783 961 868 Rogerus
990 781 1031 846 de
1062 781 1241 847 Sulefondia
1266 781 1383 846 nullam
1401 801 1457 866 per-

375 887 586 974 petuitatem¹
602 886 719 951 habuit
733 885 768 950 in
782 886 864 950 uilla
878 886 918 951 de
933 887 1087 972 Aspeleiu
1101 887 1178 973 quia
1193 887 1284 952 illam
1298 886 1398 950 tenuit
1414 907 1459 972 per

374 990 595 1055 condicionem
625 1012 791 1075 quousque
819 989 984 1074 predictus
1014 989 1127 1055 Simon
1157 991 1197 1054 de
1231 989 1322 1054 Bello
1357 989 1459 1073 Campo

374 1096 517 1160 dedisset
532 1095 563 1160 ei
577 1117 606 1160 n
623 1095 756 1158 libratas
771 1102 864 1169 terre,
885 1102 919 1158 et
940 1093 1028 1158 idem
1052 1093 1165 1158 Simon
1185 1095 1217 1159 ei
1230 1094 1308 1158 fecit
1329 1091 1459 1158 escambi-

377 1223 432 1264 um
448 1199 483 1263 in
498 1199 579 1264 uilla
592 1199 633 1263 de
650 1197 831 1264 Stodfoldia
845 1197 1022 1262 secundum
1034 1198 1284 1262 conuencionem
1297 1197 1460 1283 predictum,

375 1311 409 1367 et
424 1312 572 1389 preterea
587 1302 678 1366 Prior
692 1302 733 1366 de
749 1301 947 1388 Dunstaplin
965 1301 1019 1366 cui
1041 1302 1207 1386 predictus
1226 1301 1370 1388 Rogeme
1387 1299 1460 1365 dedit

375 1405 623 1471 aduocacionem
646 1405 735 1470 illam
759 1405 912 1469 nonfuit
936 1405 970 1470 in
1000 1405 1118 1470 seisina
1146 1405 1367 1470 eduocacionis
1392 1404 1462 1467 illius

375 1511 453 1595 quia
467 1510 633 1575 ecclesiam
649 1509 740 1574 illam
762 1533 930 1596 nunquam
951 1509 1051 1588 dedit,
1070 1510 1308 1580 consideratum
1329 1506 1463 1594 estquod

374 1614 475 1679 nichil
498 1622 606 1700 potest
629 1613 767 1679 clamare
791 1613 826 1678 in
849 1613 1062 1680 nduocucioue
1083 1613 1140 1680 ille
1159 1622 1193 1678 et
1213 1614 1286 1679 ideo
1307 1613 1340 1678 in
1360 1611 1462 1677 miseri-

375 1719 484 1784 cordia
498 1741 556 1804 pro
571 1718 693 1782 iniusto
707 1717 948 1804 impedimento.

440 1823 485 1887 Et
514 1844 616 1909 quum
644 1821 742 1886 Wido
770 1822 812 1887 de
843 1822 875 1888 S.
906 1821 1053 1886 Valerico
1083 1830 1117 1887 et
1147 1822 1291 1887 Albredn
1312 1845 1391 1886 uxor
1409 1819 1464 1885 eius

375 1933 649 2012 recuperauerunt
668 1924 821 1989 seisinam
844 1925 885 1990 de
907 1924 988 1989 uilla
1007 1924 1154 2011 predicta
1173 1947 1286 1990 uersus
1302 1925 1464 2011 predictum

375 2031 539 2116 Rogemm
568 2052 627 2114 per
655 2029 856 2093 concordiam
882 2029 1002 2094 sectam
1027 2029 1062 2092 in
1089 2029 1179 2094 curia
1204 2030 1298 2094 Doni
1326 2029 1419 2115 Regis
1439 2037 1465 2092 et

369 2128 539 2194 ‘dederint'
559 2129 807 2193 aduocucionem
828 2128 915 2193 illum
938 2128 1083 2214 predicto
1104 2127 1206 2192 Priori
1223 2128 1265 2194 do
1281 2129 1316 2192 N
1316 2129 1465 2214 ywenhnn

377 2243 548 2321 postquam
564 2241 837 2319 recuperauerunt
851 2233 1002 2297 seisinam
1018 2255 1119 2310 sunm,
1133 2232 1299 2318 ‘pretereo
1320 2233 1467 2296 Fallrffiius

376 2337 476 2403 nichil
506 2337 625 2401 clamat
654 2336 689 2402 in
718 2335 932 2401 aduocecione
961 2335 1018 2400 illa
1047 2335 1110 2399 nisi
1140 2343 1179 2399 ut
1208 2335 1372 2400 firmarius
1403 2332 1467 2398 uille

376 2442 529 2527 predicte,
552 2464 650 2527 quem
671 2440 770 2506 habet
793 2441 835 2506 de
856 2440 1028 2505 herodibus
1048 2439 1266 2526 predictorum
1283 2439 1425 2505 Widonis
1440 2445 1467 2502 et

374 2547 526 2623 Albrede,
549 2554 583 2611 et
602 2545 703 2610 nichil
726 2545 808 2610 dicit
831 2553 943 2610 contra
965 2544 1086 2609 donum
1110 2545 1196 2630 quod
1219 2542 1309 2609 idem
1334 2546 1424 2610 Wido
1442 2560 1469 2608 et

375 2650 519 2716 Albreda
533 2650 679 2715 fecerunt
693 2649 838 2735 predicto
854 2648 955 2714 Priori
970 2650 1011 2713 de
1025 2648 1239 2713 eduocacioue
1250 2647 1319 2727 illa,
1330 2648 1469 2714 consider·

376 2762 469 2817 etum
493 2760 543 2817 est
565 2753 651 2839 quod
667 2752 757 2817 Prior
770 2752 812 2817 de
828 2752 1029 2817 Newenham
1044 2752 1163 2817 hubent
1178 2752 1334 2818 neieinam
1348 2776 1431 2818 sunm
1443 2760 1469 2814 et

377 2855 547 2921 Fallresius
561 2854 596 2920 iu
610 2854 835 2921 misericordie

442 2960 626 3024 Willelmus
640 2960 727 3024 filius
742 2959 867 3023 Wnrini
881 2982 939 3046 pro
954 2982 988 3025 se
1008 2966 1042 3025 et
1063 2959 1194 3045 Agnete
1216 2982 1319 3027 uxore
1340 2960 1406 3027 eius
1422 2966 1470 3023 etc

377 3063 463 3149 petit
477 3086 591 3128 uersus
606 3064 817 3128 Godelridum
832 3065 873 3129 de
889 3064 1022 3129 Linholt
1037 3064 1217 3129 custodium
1232 3065 1377 3151 Agnetis
1390 3064 1471 3129 unius

377 3167 517 3233 filiorum
536 3167 541 3255 Ι
561 3177 596 3233 et
619 3168 775 3233 heredum
799 3168 930 3233 Milonis
953 3168 994 3233 de
1019 3169 1105 3254 Bray
1128 3178 1163 3233 et
1188 3169 1378 3235 medietatis
1402 3178 1471 3233 terre

377 3293 441 3357 que
457 3271 520 3336 fuit
535 3272 680 3337 eiusdem
695 3272 826 3337 Milonis
841 3281 875 3337 et
890 3294 953 3358 que
967 3272 1009 3337 ad
1024 3272 1128 3358 ipsam
1147 3274 1316 3360 Agnetem
1336 3274 1471 3361 pertinet.

377 3384 411 3442 et
431 3375 524 3441 cuius
546 3376 694 3440 custodia
711 3376 754 3440 ud
774 3398 828 3441 eos
849 3376 991 3462 pertinet
1006 3399 1046 3442 ea
1059 3377 1186 3443 racione
1201 3378 1289 3464 quod
1306 3380 1394 3445 idern
1407 3377 1472 3443 Milo

377 3481 486 3546 tenuit
501 3481 542 3545 de
556 3481 580 3546 J
580 3480 707 3545 ohanne
721 3482 762 3545 de
778 3480 931 3545 Wuhulln
946 3481 1044 3545 fratre
1065 3480 1210 3546 eiusdem
1233 3484 1378 3569 Agnetis
1396 3483 1473 3547 cuius

377 3586 470 3650 heres
485 3585 556 3671 ipsu
570 3593 619 3651 est
634 3607 692 3670 per
705 3584 880 3649 seruicium
894 3584 1035 3649 militare
1050 3593 1120 3663 etc,
1136 3594 1171 3650 et
1191 3586 1278 3672 quod
1300 3587 1353 3653 ita
1374 3586 1414 3653 ad
1431 3606 1473 3650 eoo

377 3690 521 3776 pertinet
535 3688 682 3753 custodia
696 3688 753 3753 ille
767 3690 861 3753 offert
877 3696 936 3754 etc.

442 3794 485 3857 Et
502 3792 693 3858 Godefridus
708 3792 802 3858 uenit
817 3800 852 3858 et
866 3790 1012 3858 defendit
1027 3792 1095 3857 uim
1111 3801 1146 3858 et
1165 3792 1332 3873 iniurium,
1355 3803 1389 3861 et
1408 3792 1474 3859 dicit

376 3898 462 3983 quod
486 3897 651 3984 predictus
674 3896 753 3960 Milo
776 3896 812 3959 in
835 3897 907 3961 uita
930 3919 989 3961 sua
1016 3896 1125 3982 posuit
1155 3898 1294 3962 eundem
1325 3899 1474 3987 Agneten

376 4002 477 4066 filium
497 4022 590 4066 suam
609 4000 645 4064 in
664 3999 853 4087 religionem
873 4000 960 4087 apud
981 4000 1174 4078 Alnestowe‚
1195 4000 1246 4065 ita
1264 4004 1356 4088 quod
1370 4003 1474 4089 ipsese

376 4104 517 4170 reddidit
532 4104 580 4170 ibi
593 4104 629 4169 in
642 4104 832 4191 religionem
847 4127 905 4191 por
918 4106 1124 4171 uoluntatem
1138 4104 1240 4191 patris
1255 4106 1318 4186 sui,
1335 4116 1370 4172 et
1382 4103 1475 4171 entibi

377 4208 526 4275 monialis
540 4216 574 4273 et
588 4208 708 4287 uelato,
722 4218 757 4275 et
771 4209 832 4275 hoc
846 4209 910 4275 fuit
925 4218 1070 4296 tempore
1085 4210 1108 4275 J
1109 4209 1248 4276 ohmmis
1270 4211 1313 4276 de
1335 4209 1475 4277 Wuhulln

410 4352 419 4384 ¹
438 4353 472 4403 So
489 4353 611 4411 Bructon.
628 4354 648 4404 f.
666 4354 741 4405 55h:
766 4354 828 4417 quie
850 4369 905 4418 per·
989 4355 1070 4406 ’Sic

375 4418 594 4481 petuitntemnon
605 4418 691 4470 habet.
989 4418 1161 4485 *Supplyen
