3167 5075
367 404 433 468 400
673 414 825 475 rururrr,
848 413 912 465 xo.
940 400 1033 474 1220,
1055 414 1118 462 nn
1143 402 1173 461 4.

366 588 461 655 Doni
477 588 578 676 Regis
592 588 683 654 misit
701 588 790 653 idem
809 588 975 654 Welterus
994 596 1127 674 propter
1145 588 1252 674 ipsum
1273 588 1450 653 Willelnun

365 715 424 780 per
438 693 538 758 talem
553 701 613 758 ete
629 700 665 757 et
684 691 762 758 fecit
779 692 888 778 ipsum
908 692 1020 757 uenire
1040 693 1128 785 opud
1148 692 1328 779 Tyrintons
1347 700 1379 757 et
1394 716 1451 757 eun
1529 732 1530 736 =

363 798 442 864 illue
457 798 607 876 uenisset,
622 797 709 862 idem
724 796 889 861 Walterus
904 818 979 861 oum
993 796 1066 861 eliis
1080 796 1137 883 qui
1152 796 1305 861 feloniam
1320 798 1451 871 fecenut,

364 903 512 969 fecerunt
526 924 602 968 eum
616 901 727 966 bibere
742 899 791 965 ite
806 898 892 986 quod
908 900 1088 965 inebriatus
1103 900 1175 978 fuit,
1187 910 1222 966 et
1237 923 1310 965 oum
1326 901 1452 966 eubenet

364 1010 400 1075 in
414 1010 498 1074 lecto
513 1029 580 1085 suo,
591 1006 679 1072 idem
694 1006 860 1071 Walterus
874 1005 968 1071 uenit
982 1027 1058 1070 cum
1073 1005 1146 1070 eliis
1156 1014 1192 1070 et
1206 1028 1283 1071 eum
1297 1006 1452 1079 assuunt,

365 1111 414 1175 ite
436 1109 523 1197 quod
547 1107 620 1174 ubi¹
643 1108 739 1195 plage
765 1106 917 1172 mortales
947 1107 979 1171 ei
1007 1106 1084 1171 dete
1113 1107 1247 1172 fuerunt
1276 1108 1361 1173 sieut
1384 1104 1453 1171 idem

365 1215 549 1281 Willelmus
584 1211 690 1277 uoluit
725 1232 858 1297 surgere
887 1210 973 1274 idem
1003 1210 1169 1275 Walter-us
1197 1211 1286 1297 cepit
1313 1232 1386 1275 eum
1410 1232 1455 1295 per

364 1316 529 1404 gurgitem
552 1321 588 1379 et
609 1311 711 1377 traxit
732 1333 809 1375 eum
831 1310 872 1376 de
895 1311 978 1376 lecto
1001 1334 1059 1376 suo
1086 1320 1120 1377 et
1146 1312 1320 1398 prostrauit
1346 1312 1455 1399 pellium

364 1440 551 1505 supereum
566 1426 601 1482 et
615 1416 725 1504 ignem
739 1415 891 1501 apposuit
906 1416 955 1480 ita
973 1416 1060 1501 quod
1082 1416 1225 1481 extinxit
1246 1438 1331 1493 eum,
1348 1415 1454 1481 undesi

365 1523 463 1588 eliam
485 1523 615 1609 plegem
639 1543 704 1586 non
727 1520 904 1598 habuisset,
924 1520 1000 1585 inde
1022 1528 1171 1585 mortuus
1191 1521 1313 1597 fuisset,
1337 1530 1370 1585 et
1387 1518 1456 1607 quod

365 1627 426 1693 hoe
448 1626 526 1692 feeit
547 1626 699 1712 nequiter
719 1633 754 1690 et
775 1625 811 1689 in
833 1624 953 1690 felonis
973 1632 1008 1689 et
1029 1624 1064 1688 in
1086 1646 1165 1711 poce
1185 1632 1245 1690 ete
1262 1626 1356 1690 offert
1376 1624 1455 1689 dinu-

365 1732 491 1797 eionare
503 1754 616 1796 uersus
627 1753 702 1795 eum
713 1752 898 1816 percorpus
909 1751 1005 1793 suum
1016 1736 1114 1815 prout
1124 1730 1215 1795 curie
1225 1728 1456 1795 considerauen't

364 1836 450 1901 sicut
463 1835 519 1900 ille
534 1836 591 1922 qui
604 1836 796 1921 superuenit
811 1834 868 1900 ubi
883 1834 943 1900 hoe
958 1834 1081 1899 fautum
1097 1834 1160 1899 luit
1175 1834 1211 1899 in
1225 1856 1354 1900 camere
1366 1843 1397 1898 et
1410 1833 1455 1897 hoc

365 1939 460 2016 uidit,
475 1938 525 2004 ite
539 1938 626 2025 quod
639 1937 806 2003 Walterus
826 1944 861 2002 et
882 1937 938 2001 elii
958 1936 1036 2001 socii
1055 1938 1107 2003 sui
1126 1960 1203 2003 eum
1223 1939 1327 2003 secuti
1347 1940 1458 2003 fixerunt

365 2050 401 2111 et
415 2042 589 2107 uoluerunt
603 2041 664 2106 hoe
678 2039 766 2121 idem
781 2041 885 2106 faeere
900 2039 941 2106 de
956 2062 1004 2121 eo,
1020 2040 1107 2126 quod
1122 2041 1271 2107 fecerunt
1285 2041 1326 2107 de
1346 2040 1457 2106 domino

365 2169 432 2213 suo.

431 2250 593 2315 Robertus
614 2249 655 2316 de
677 2248 843 2315 Weswille
863 2270 963 2335 nepos
987 2248 1126 2335 predicti
1151 2249 1310 2315 Willelmi
1334 2250 1459 2337 appellit

366 2354 600 2443 Regineldum¹
621 2354 822 2440 prepositum
846 2353 888 2419 de
912 2353 1087 2419 Stiuetone
1112 2362 1148 2419 et
1176 2354 1333 2419 Thomsm
1356 2354 1458 2419 Mustel

366 2460 453 2546 quod
475 2459 538 2547 ipsi
564 2460 696 2524 fitemnt
721 2457 763 2523 ed
789 2456 912 2523 festum
937 2456 1020 2523 illud
1046 2465 1081 2523 et
1106 2458 1142 2523 in
1167 2459 1266 2523 loreis
1289 2458 1346 2524 illa
1373 2457 1459 2523 etde

366 2563 497 2630 consilio
512 2587 570 2629 suo
584 2565 644 2630 hoo
659 2566 781 2629 laetum
797 2563 869 2641 fuit,
884 2563 1035 2649 nequiter
1048 2571 1083 2629 et
1098 2565 1133 2628 in
1153 2563 1273 2629 felonia
1288 2571 1322 2629 et
1342 2564 1376 2628 in
1394 2585 1458 2650 pere

366 2665 460 2730 Doni
476 2665 576 2752 Regis
591 2673 652 2730 ete.
667 2673 703 2729 et
716 2664 777 2729 hoc
792 2664 887 2729 offert
900 2665 1037 2751 prebere
1051 2689 1109 2752 per
1129 2689 1245 2753 eorpus
1265 2691 1360 2733 suum
1379 2676 1459 2754 prout

367 2769 456 2835 curie
470 2769 729 2835 considerauerit.

432 2874 477 2938 Et
498 2873 662 2938 Walterus
682 2873 775 2938 uenit
795 2880 829 2937 et
846 2873 993 2938 defendit
1008 2896 1121 2960 pacem
1135 2875 1230 2940 Dom.
1246 2875 1346 2964 Regis
1360 2877 1460 2941 intu-

366 2987 436 3044 tam
450 2985 485 3042 et
500 2977 651 3042 feloniem
665 2986 701 3042 et
715 2977 802 3063 quod
816 2986 949 3064 propter
961 2999 1038 3042 eum
1052 3000 1117 3042 non
1129 2978 1219 3044 misit
1231 3002 1292 3046 nee
1302 2980 1458 3046 adlectum

365 3105 463 3148 suum
491 3081 593 3159 uenit,
618 3103 678 3146 nee
707 3103 783 3146 eum
808 3103 867 3168 per
890 3081 1055 3169 gurgitem
1079 3083 1175 3168 oepit,
1199 3106 1259 3149 nee
1285 3107 1380 3171 super
1399 3105 1461 3148 eum

366 3194 509 3252 stramen
533 3185 672 3251 iaetuuit
695 3208 756 3251 nec
781 3187 891 3273 ignem
921 3187 1073 3272 apposuit
1101 3210 1163 3252 neo
1190 3209 1251 3274 per
1279 3188 1382 3275 ipsum
1410 3186 1460 3250 fuit

366 3289 463 3355 morti
485 3288 710 3376 appropietus⁸
730 3313 791 3356 nec
813 3313 834 3356 e
855 3291 926 3356 uita
948 3291 1128 3379 elongatus,
1142 3315 1202 3358 nee
1225 3292 1312 3358 idem
1332 3293 1463 3382 Rogems

367 3393 427 3458 hoe
441 3393 535 3470 uidit,
550 3401 585 3457 et
599 3393 659 3457 hoc
673 3393 768 3457 offert
782 3393 954 3460 defendere
969 3417 1028 3482 per
1047 3416 1161 3481 eorpus
1181 3419 1278 3461 suum
1293 3396 1375 3462 sieut
1388 3393 1464 3460 curis

367 3496 626 3573 considemuerit,
649 3503 684 3561 et
708 3497 796 3583 petit
819 3497 882 3562 sibi
907 3497 1036 3563 elloesri
1062 3497 1149 3584 quod
1174 3499 1231 3564 elii
1257 3499 1409 3587 appellati
1431 3497 1463 3560 de

366 3596 472 3684 plagis
493 3605 528 3661 et
549 3596 589 3661 de
612 3597 696 3662 facto
717 3618 783 3661 non
804 3597 937 3662 fuerunt
959 3599 1107 3666 conuicti
1151 3599 1244 3666 Dicit
1266 3601 1364 3668 eeioni
1390 3596 1464 3686 quod

367 3711 462 3769 nocte
476 3702 533 3768 ille
547 3701 675 3789 quando
689 3703 749 3769 hoe
763 3704 887 3770 factum
899 3705 971 3783 fuit,
982 3705 1051 3792 ipse
1063 3706 1127 3771 fuit
1142 3706 1177 3771 in
1191 3707 1333 3794 hospicio
1344 3707 1404 3771 teli
1414 3715 1465 3769 ete

434 3804 680 3871 consideratum
690 3812 741 3870 est
751 3806 838 3897 quod
850 3805 996 3872 duellum
1008 3808 1066 3873 fiet
1078 3809 1165 3874 inter
1176 3809 1306 3875 eosdem
1315 3809 1465 3896 Rogemm

369 3918 404 3974 et
417 3909 599 3975 Walterum
615 3917 649 3974 et
664 3911 800 3975 uenient
815 3911 874 3976 teli
889 3911 942 3978 die
957 3914 1076 3978 armati
1090 3921 1152 3979 ete

433 4011 503 4077 ‘Ad
518 4013 611 4077 illum
626 4013 713 4079 diem
728 4024 892 4080 uenerunt
907 4025 942 4080 et
957 4016 1104 4082 duellum
1119 4039 1306 4104 pereussum
1317 4017 1380 4081 fuit
1392 4017 1468 4080 inter

402 4166 563 4226 ¹sio‚s‚u.
947 4171 1467 4236 term.1nthemsrglnollis.ree.lr.sj.
1532 4177 1534 4202 ²

401 4232 414 4265 ¹
430 4234 502 4282 Gerr.
513 4235 644 4294 Rogemus,
656 4234 686 4296 A,
699 4234 730 4285 B.
947 4238 972 4299 d,
990 4237 1130 4300 signilying
1144 4237 1190 4288 tho
1204 4239 1256 4288 fine
1270 4240 1309 4288 for
1322 4251 1466 4296 memneyt

402 4296 482 4347 ⁸Sio.
494 4297 525 4355 Δ,
536 4298 568 4347 Β.
947 4315 1026 4366 spen
1042 4301 1173 4353 hasbeen
1189 4303 1278 4354 drawn
1289 4301 1400 4366 through
1411 4301 1467 4356 this.

403 4363 415 4395 ⁴
431 4362 651 4438 Thispsregrsph
661 4365 709 4414 not
719 4363 748 4414 in
759 4364 791 4413 B.
814 4363 895 4416 Inter·
947 4371 975 4417 to
985 4367 1058 4418 show
1069 4367 1127 4419 that
1139 4366 1161 4420 it
1172 4369 1195 4419 is
1207 4367 1321 4420 exonsed.

371 4427 475 4491 poleted
492 4441 520 4476 m
532 4428 553 4476 Δ
566 4429 632 4478 lrom
647 4433 710 4479 next
726 4429 896 4481 Michaelmss
