3167 5075
451 437 593 501 unser,
615 439 680 489 sn.
705 426 799 502 1225,
821 438 884 489 nn
908 425 936 490 9.
1198 424 1243 494 73

150 608 194 674 sui
212 609 356 674 fecerunt
377 609 523 695 predicto
544 608 641 675 Petro
662 618 698 675 et
718 609 975 676 antecessoribus
995 610 1063 675 suis
1083 610 1125 676 de
1151 619 1243 678 tene·

149 719 250 776 mento
272 712 358 799 quod
378 712 465 778 idem
486 712 645 778 Ricardus
665 721 758 778 tenet
777 712 819 779 de
838 713 953 778 eodem
974 712 1071 779 Petro
1090 714 1125 779 in
1141 713 1243 781 Punc-

148 814 249 891 wrthe,
263 823 298 879 et
312 814 341 880 si
354 814 467 902 Agnes
480 838 563 879 uxor
580 815 729 880 Guufridi
743 816 844 881 Boret
857 838 945 881 soror
958 816 1097 903 predicti
1111 817 1243 884 Ricardi

147 918 237 983 finem
260 918 338 984 fecit
364 941 439 984 cum
462 926 555 1005 petre
585 918 687 1005 ipsius
710 919 802 984 Petri
826 942 886 1005 per
913 919 1026 986 decem
1056 922 1174 987 solidos
1201 923 1242 987 de

146 1023 317 1089 merchcc0¹
333 1046 391 1089 suo
411 1032 451 1088 ut
471 1023 557 1089 idem
578 1023 695 1089 Petrus
715 1024 805 1090 dicit.
849 1025 894 1089 Et
914 1024 1074 1089 Ricardus
1095 1024 1188 1090 uenit
1208 1034 1243 1091 et

145 1125 284 1210 producit
298 1126 502 1212 parentelam
516 1148 609 1191 suem
625 1126 691 1190 scil.
707 1125 882 1211 quemdam
902 1126 1123 1213 Regincldum
1136 1127 1243 1193 filium

145 1228 227 1293 Petri
240 1229 297 1315 qui
311 1229 392 1295 dicit
412 1231 498 1317 quod
519 1230 641 1295 Editha
659 1238 765 1296 mater
784 1230 860 1296 sua²
879 1254 966 1296 soror
984 1232 1123 1317 predicti
1137 1233 1243 1297 Thur-

145 1332 209 1396 killi
227 1333 329 1417 petris
352 1332 483 1397 Ricardi
505 1354 545 1397 ex
567 1341 660 1419 purte
682 1334 785 1419 petris
806 1342 841 1398 et
860 1332 990 1398 metris⁸
1009 1342 1044 1398 et
1059 1333 1145 1420 quod
1160 1334 1244 1400 liber

144 1435 231 1502 homo
260 1437 330 1502 est.⁴
374 1436 528 1502 Producit
558 1438 660 1503 eciam
691 1437 904 1503 Humfridum
934 1439 1068 1503 fratrem
1095 1438 1241 1505 eiusdem

144 1538 315 1627 Reginsldi.
361 1541 515 1606 Producit
539 1541 641 1605 eciam
661 1540 797 1605 Petrum
817 1539 923 1605 filium
937 1540 1082 1626 predicte
1101 1542 1242 1629 Agnetis

144 1646 249 1711 sororis
262 1646 315 1711 sui
338 1653 373 1711 et
394 1668 506 1711 omnes
525 1644 582 1710 isti
601 1645 716 1711 dicunt
731 1646 818 1731 quod
832 1645 927 1711 liberi
942 1645 1089 1711 homines
1108 1654 1187 1711 sunt
1206 1655 1242 1712 et

143 1747 187 1813 ita
198 1760 349 1835 parentes
364 1749 442 1816 eius

201 1855 243 1919 Et
264 1855 384 1920 Petrus
405 1853 499 1920 uenit
521 1862 555 1919 et
576 1854 657 1919 dicit
679 1853 765 1940 quod
786 1853 908 1919 iniuste
930 1853 1055 1919 faciunt
1074 1876 1108 1919 se
1123 1855 1242 1921 liberos

143 1958 212 2043 quie
224 1959 358 2045 quidum
373 1959 536 2025 Wlmerus
551 1960 634 2024 Bose
649 1960 713 2024 fuit
727 1959 869 2024 uillenus
884 1958 1004 2046 Rogeri
1026 1958 1067 2024 de
1082 1960 1191 2037 Ulmo,
1205 1967 1242 2025 et

142 2060 220 2126 idem
241 2062 407 2127 Wlmerus
427 2062 544 2127 habuit
565 2084 669 2128 unum
688 2062 792 2127 filium
808 2061 1011 2126 Willelmum
1032 2062 1161 2125 nominc
1183 2062 1241 2148 qui

142 2163 282 2230 similiter
303 2166 369 2231 fuit
392 2165 535 2230 uillenus
558 2172 593 2231 ct
612 2164 704 2231 dedit
723 2188 773 2230 xx.
790 2166 845 2229 sol.
866 2186 926 2251 per
944 2164 990 2229 sic
1012 2163 1098 2250 quod
1118 2166 1240 2230 intrare

141 2278 240 2351 posset
259 2269 423 2357 quoddam
443 2270 645 2357 uilenagium
664 2269 706 2334 sd
726 2268 890 2355 quandem
910 2269 1074 2334 Aiuensm
1092 2291 1156 2356 que
1176 2269 1241 2335 fuit

141 2371 254 2438 uiilcns
267 2374 302 2439 in
316 2374 447 2459 Uphal’,
463 2382 497 2438 et
511 2373 552 2439 de
568 2371 732 2438 Willelmo
747 2374 842 2437 uenit
856 2373 1047 2438 Thurkillus
1061 2373 1148 2438 filius
1162 2396 1241 2439 suus

140 2483 226 2561 poter
257 2476 398 2564 predicti
433 2475 572 2554 Ricsrdi,
603 2484 637 2543 et
674 2476 714 2544 de
749 2476 864 2543 eedem
893 2478 1052 2563 Aluenyc,
1082 2498 1146 2564 que
1176 2477 1241 2543 fuit

141 2581 281 2648 similiter
314 2582 445 2647 uillana
491 2581 535 2645 Et
564 2581 713 2667 producit
742 2581 917 2668 quemdem
952 2582 1146 2669 Ordgerium
1183 2583 1241 2670 qui

141 2685 320 2774 dicitquod
343 2685 501 2751 Ricardus
523 2709 605 2751 uuus
627 2686 765 2773 predicti
787 2686 918 2752 Ricardi
942 2707 981 2752 ex
1007 2696 1101 2772 parte
1125 2687 1240 2752 matris

141 2787 275 2855 eiusdem
290 2788 426 2856 Ricardi
441 2797 476 2854 et
490 2789 649 2854 Atheline
662 2799 769 2854 mater
783 2788 928 2854 eiusdem
941 2789 1092 2876 Ordgurii
1107 2783 1240 2856 fuerunt

141 2891 245 2958 fratres
266 2902 301 2960 et
324 2915 447 2958 sorores
468 2900 503 2957 ct
525 2893 689 2979 cognoscit
711 2893 798 2981 quod
819 2893 961 2959 uillsnus
983 2903 1040 2960 est.
1085 2895 1240 2961 Producit

141 2997 234 3062 eciam
258 2999 427 3062 Simonem
451 2995 552 3082 Grym
572 2997 630 3082 qui
649 2998 764 3062 codem
784 2997 880 3062 modo
900 3005 950 3062 est
970 3020 1086 3084 petens
1107 2999 1240 3064 Ricardi

140 3099 216 3165 sicut
237 3101 417 3188 Ordgorius
438 3099 503 3164 scil.
527 3122 567 3164 err
589 3109 683 3186 purte
704 3100 819 3165 metris
840 3108 876 3165 et
897 3108 948 3165 est
969 3101 1117 3167 uillcnus
1162 3102 1240 3168 Pro·

141 3203 222 3269 ducit
250 3205 355 3270 eciam
387 3203 579 3269 Gsufn'dum
609 3202 714 3269 filium
743 3204 876 3269 Redulfi
905 3204 963 3291 qui
988 3205 1149 3272 Redulfus
1174 3207 1240 3272 fuit

141 3307 231 3375 freter
248 3307 382 3374 Ricardi
403 3307 458 3373 eui
479 3306 617 3394 predicti
639 3307 769 3372 Ricardi
791 3329 832 3372 ex
854 3316 947 3393 purte
969 3308 1083 3373 matris
1102 3315 1137 3373 et
1158 3308 1239 3375 dicit

142 3412 219 3496 quod
229 3420 278 3478 est
288 3412 440 3478 uillanus.
478 3410 631 3476 Producit
642 3410 745 3475 eciam
758 3410 977 3498 Reginaldum
991 3411 1095 3476 filium
1107 3413 1239 3479 Ranulfi

142 3515 192 3600 qui
210 3516 288 3582 dicit
312 3515 399 3602 quod
421 3516 559 3581 Alditha
579 3514 656 3579 uuis
677 3537 737 3579 sue
758 3515 822 3579 suit
844 3537 931 3579 soror
949 3515 1088 3601 predicti
1107 3515 1238 3581 Ricardi

142 3619 190 3683 eui
203 3620 295 3685 istius
310 3619 442 3685 Ricardi
457 3642 497 3684 ex
516 3627 610 3706 perte
631 3618 745 3683 metris
765 3626 801 3683 et
820 3627 871 3683 est
891 3619 1040 3686 uillenus
1084 3619 1239 3687 Producit

143 3722 234 3788 eciem
248 3723 450 3788 Willelmum
473 3721 617 3786 Fabrum
639 3721 753 3786 eodem
775 3721 871 3786 modo
892 3743 933 3786 ex
954 3730 1048 3808 purte
1070 3722 1184 3788 matris
1203 3732 1239 3789 et

143 3834 378 3910 cognoscentem
399 3847 434 3890 se
456 3847 524 3890 esse
546 3823 714 3890 uillenum.
760 3823 914 3889 Producit
935 3824 1038 3889 eciem
1060 3825 1238 3893 Radulfum

143 3925 224 3993 Brun
237 3937 272 3994 et
287 3929 463 3995 Osbertum
480 3927 544 3994 Coc
563 3927 620 4014 qui
640 3926 805 3992 duxerunt
824 3927 860 3992 in
881 3949 997 3992 uxores
1016 3927 1097 3993 duas
1116 3951 1239 3997 sorores

145 4027 218 4094 filins
234 4031 367 4097 Ricnrdi
381 4030 442 4095 filii
457 4029 589 4094 Wlfridi
608 4027 680 4115 qui⁵
702 4029 861 4094 Wlfridus
879 4029 944 4094 fuit
964 4029 1051 4095 filius
1071 4030 1239 4099 Godefridi

145 4129 241 4198 fiutris
255 4133 368 4199 Bonde
383 4142 418 4200 et
433 4133 540 4199 hstiis
554 4133 688 4199 Wluine
702 4131 776 4198 nuic
792 4131 924 4198 Ricardi
943 4140 979 4197 et
998 4155 1110 4199 omnes
1124 4134 1238 4202 dicunt

175 4265 265 4318 1(ΐοιτ.
275 4271 415 4329 merem,-
430 4271 571 4329 narthecio,
582 4269 613 4321 B.
744 4267 853 4318 ‘what
887 4267 988 4319 follows
1014 4268 1039 4318 is
1064 4269 1182 4334 wanting
1207 4270 1237 4321 in

175 4329 364 4398 'Supplysuit
377 4335 409 4385 B.
710 4333 742 4382 B.
775 4332 903 4396 Probably
919 4333 942 4383 it
958 4349 1011 4384 που
1027 4348 1096 4386 ons
1117 4336 1238 4388 sohedule

175 4394 400 4528 :gplpatpphtgffi
710 4397 979 4450 attachedtomemb.
991 4402 1016 4451 2.
