3167 5075
394 378 544 437 remur,
566 378 629 426 un.
655 365 748 438 1220,
770 376 833 427 uu.
858 366 885 425 4.
1126 364 1189 427 403

108 548 157 613 hoc
166 548 245 634 quod
255 549 323 635 ipse
333 558 464 614 secutus
477 550 542 615 fuit
555 549 713 637 placitum
723 548 806 615 illud
817 558 928 615 contre
938 549 1190 635 prohibicionem

107 652 298 717 deterioretus
312 661 371 718 etc
417 654 461 718 Et
475 654 622 740 Rogerus
636 660 672 719 et
686 654 820 720 Juliene
839 653 953 719 dicunt
972 654 1059 740 quod
1077 654 1195 719 reuere'

106 755 370 842 implucituuerunt
384 757 492 843 ipsum
506 758 548 823 de
563 759 814 845 transgressione
825 758 902 823 fidei
913 757 953 824 de
969 758 1082 823 eadem
1097 765 1191 835 terre,
1238 814 1240 818 .

106 859 171 944 quia
189 868 271 926 terra
291 861 349 926 itta
369 862 402 927 ei
424 862 594 928 inuediate
618 863 682 927 suit
703 862 746 928 nd
766 862 944 929 terminum
966 862 1023 949 qui
1044 862 1192 948 preteriit

106 970 164 1039 etc,
183 972 214 1029 et
234 987 310 1030 cum
331 966 489 1031 terminus
510 968 710 1053 preteriisset
731 976 766 1032 et
787 968 889 1033 nollet
912 966 1084 1032 concedere
1107 964 1193 1052 quod

105 1065 162 1151 ipse
174 1068 369 1154 acquietaret
384 1078 504 1135 terram
519 1093 620 1149 suam,
635 1071 699 1157 ipsi
713 1071 1001 1158 implacitauerunt
1015 1094 1091 1136 eum
1109 1070 1197 1135 sicut

105 1170 266 1254 predictum
281 1180 340 1238 est.
384 1173 464 1239 Ideo
478 1174 710 1240 custodiantur.

64 1270 77 1333 ἶ
155 1273 278 1341 ¹Assise
307 1277 401 1342 uenit
429 1278 634 1363 recognitum
662 1278 690 1343 si
718 1264 818 1365 Hugh
854 1279 895 1344 de
933 1278 1065 1365 Gumay
1101 1286 1195 1365 peter
1264 1315 1290 1345 ue

104 1378 236 1464 Hugonis
249 1381 315 1446 fuit
329 1381 459 1447 seisitus
473 1381 509 1446 in
522 1381 683 1447 dominico
697 1404 756 1447 suo
770 1389 810 1446 ut
824 1382 865 1447 de
881 1382 974 1447 feodo
994 1382 1035 1447 de
1050 1383 1194 1447 manerio

102 1481 135 1545 de
148 1482 302 1548 Wendore
321 1506 396 1549 cum
414 1492 495 1570 pert
511 1484 565 1550 die
587 1506 651 1570 quo
673 1492 742 1562 etc,
757 1484 845 1570 quod
868 1484 1048 1551 manerium
1069 1486 1193 1551 Willel-

103 1605 163 1650 mus
181 1585 220 1651 de
241 1587 372 1652 Feimes
392 1594 492 1653 tenet
536 1587 602 1669 Qui
624 1588 718 1653 uenit
737 1596 772 1651 et
795 1586 874 1652 dicit
898 1587 985 1673 quod
1007 1587 1106 1653 assisa
1128 1610 1193 1651 non

102 1690 185 1756 debet
204 1692 281 1758 inde
304 1692 384 1769 fieri,
407 1692 484 1779 quie
505 1692 575 1778 ipse
598 1715 663 1757 non
687 1698 780 1756 tenet
806 1690 986 1756 manerium
1012 1691 1093 1757 illud
1119 1714 1193 1756 cum

102 1802 169 1877 pert
188 1794 288 1859 immo
313 1794 476 1859 Henricus
500 1794 542 1859 de
567 1794 732 1860 scaccario
754 1802 848 1859 tenet
874 1793 950 1859 inde
973 1795 1026 1881 vij.
1049 1794 1194 1881 uirgetes

102 1904 172 1962 terre
192 1906 250 1964 etc
272 1905 309 1963 et
330 1921 396 1963 non
418 1905 511 1964 tenet
531 1896 573 1964 de
595 1921 643 1977 eo,
657 1906 692 1963 et
714 1897 841 1964 desicut
862 1896 934 1963 illes
953 1921 1018 1963 non
1039 1898 1140 1964 hebet
1158 1900 1193 1963 in

100 2000 219 2066 seruicio
240 2002 297 2067 uel
318 2001 479 2067 dominico
493 2024 558 2067 non
572 2002 647 2067 uult
661 2000 853 2087 respondere
876 2002 918 2067 ed
939 2002 999 2066 hoc
1013 2001 1113 2066 breue
1130 2001 1199 2066 nisi

100 2105 175 2169 curie
200 2114 270 2183 etc,
295 2114 331 2170 et
352 2106 435 2171 bene
458 2114 551 2193 petet
575 2106 662 2193 quod
682 2106 783 2171 nichil
804 2106 881 2171 inde
903 2106 1003 2172 habet
1025 2105 1103 2192 quia
1123 2105 1193 2193 ipse

98 2206 267 2295 implacitat
289 2210 399 2297 ipsum
420 2212 601 2277 Henricum
625 2210 666 2277 de
690 2211 803 2277 cedem
827 2219 913 2275 terre
934 2211 969 2275 in
991 2210 1080 2275 curie
1099 2210 1191 2275 Dom.
1239 2258 1244 2269 .

151 2418 193 2483 Et
207 2419 311 2507 Hugo
325 2418 406 2484 dicit
420 2420 508 2505 quod
527 2429 719 2506 paterenus
739 2419 822 2484 obiit
842 2418 971 2484 scisitus
991 2418 1032 2483 de
1051 2418 1194 2483 manerio

98 2519 145 2585 illo
163 2545 235 2588 cum
257 2530 353 2610 pert,
373 2530 409 2588 et
429 2522 458 2588 si
480 2520 568 2588 idem
589 2522 774 2588 Willelmus
795 2544 860 2587 non
882 2520 997 2608 recipit
1021 2518 1194 2586 seruicium

98 2623 221 2692 Henrici
234 2627 300 2692 hoc
313 2649 379 2691 non
393 2634 461 2691 stat
479 2627 543 2691 nisi
562 2649 621 2714 per
639 2626 740 2705 eum',
755 2634 790 2692 et
812 2623 885 2692 ideo
905 2627 1038 2692 uidetur
1057 2626 1089 2691 ei
1109 2626 1196 2711 quod

97 2727 183 2794 debet
203 2731 247 2797 cd
268 2732 332 2796 hoc
354 2730 453 2795 breue
476 2730 677 2817 respondere,
699 2731 825 2796 desicut
848 2731 934 2818 petit
956 2731 1136 2796 manerium
1160 2731 1195 2795 in

95 2831 246 2901 dominico
260 2843 300 2900 et
314 2833 405 2899 aliud
419 2834 507 2920 quod
521 2833 630 2899 tenet⁸
643 2843 703 2900 etc.

152 2938 194 3004 Et
212 2939 402 3005 Willelmus
419 2938 499 3004 dicit
516 2939 604 3025 quod
625 2962 803 3026 numquam
826 2941 946 3026 optulit
969 2941 1000 3005 ei
1022 2940 1194 3005 seruicium

96 3043 251 3124 predictus
266 3042 454 3108 Henrious⁴.

151 3146 402 3213 Consideretum
417 3154 468 3212 est
482 3145 568 3232 quod
586 3147 663 3232 quic
679 3156 818 3234 utreque
840 3169 913 3234 pars
936 3149 1088 3236 cognouit
1109 3148 1195 3234 quod

95 3249 172 3316 idem
181 3252 371 3316 Willelmus
384 3273 450 3316 non
465 3258 557 3316 tenet
571 3251 698 3338 integre
712 3251 893 3316 manerium
907 3252 989 3317 illud
1003 3260 1038 3317 et
1048 3260 1196 3338 preterea

95 3356 237 3440 cognouit
251 3355 343 3442 quod
355 3354 500 3441 predicte
517 3354 572 3441 vij.
588 3354 716 3442 uirgnte
734 3364 813 3420 sunt
831 3355 872 3420 de
891 3355 1107 3442 pertinenciis,
1121 3355 1195 3420 ideo

94 3459 182 3523 assisa
194 3465 368 3524 remaneat
383 3467 417 3522 et
431 3464 548 3543 queret
562 3457 651 3522 aliud
665 3457 790 3524 breue⁶.

149 3560 353 3628 ‘wiscardus
373 3560 495 3626 Leidet
514 3567 549 3626 et
569 3559 739 3625 Mumorie'
761 3583 843 3625 uxor
863 3582 922 3626 sue
942 3567 1061 3648 petunt
1082 3582 1195 3626 uersus
1267 3597 1291 3628 οι

94 3663 235 3730 Bertrum
256 3665 301 3730 de
321 3663 507 3749 Cumpuille
526 3662 607 3727 dues
626 3662 763 3727 bonatus
783 3668 869 3728 terre
889 3685 963 3728 cum
983 3670 1064 3750 pert.
1079 3662 1146 3727 suis
1160 3663 1195 3727 in

93 3768 300 3838 hhnnefordie
313 3777 352 3835 ut
365 3769 418 3835 ius
431 3767 534 3855 ipsius
548 3766 666 3854 Murg'⁸
679 3765 788 3831 uxoris
803 3788 860 3832 sue
875 3775 936 3832 etc.

149 3875 194 3939 Et
207 3875 363 3940 Bertram
377 3873 458 3939 dicit
473 3871 559 3959 quod
573 3872 719 3958 predicte
732 3878 820 3935 terra
840 3879 891 3936 est
909 3869 960 3936 ius
979 3879 1014 3935 et
1033 3869 1196 3936 heredites

119 4066 487 4129 marchuinus
700 4067 769 4117 ¹⁵011
787 4067 806 4120 f.
829 4069 878 4118 4³8
900 4067 925 4126 b,
944 4067 1060 4118 Bronton
1080 4065 1210 4118 ronches

119 4132 250 4197 ’fliehg
269 4133 607 4199 hormetatpereumffl.
669 4131 799 4184 thiscuse.

119 4198 475 4263 'Supplytodomiuicuin
484 4201 616 4257 dorum,
699 4197 756 4249 οΔ,
769 4212 806 4247 m.
818 4199 850 4249 27
860 4213 867 4256 3
884 4197 915 4249 B.
928 4211 964 4247 m.
977 4199 1017 4248 18.

91 4266 274 4315 &tumido
290 4265 358 4327 quod
373 4271 441 4315 tenet
455 4266 484 4314 iu
499 4266 617 4323 seruitio,
699 4263 711 4295 ⁷
726 4265 866 4324 Mamerto,
879 4263 911 4312 B.

89 4328 215 4445 Auflfim
225 4395 250 4445 B
290 4398 316 4446 ιο
699 4327 710 4360 ⁸
725 4329 861 4390 Maraeu-ie,
874 4329 904 4391 A,
918 4328 948 4379 Β.

250 4434 258 4447 .
275 4408 289 4445 s
315 4408 356 4459 ps.

1002 4487 1107 4549 26—2
