3167 5075
318 395 637 457 mensunusum.
664 381 757 456 1223,
778 392 841 443 aa
865 376 959 445 7-8.
1129 375 1193 445 507

106 580 178 635 terre
199 579 256 635 etc
280 570 316 634 in
338 568 506 656 Hysordia,
529 568 617 633 unde
641 566 803 654 quoddam
823 566 979 652 scriptum
1000 566 1122 632 factum
1143 576 1194 633 est

105 673 179 738 inter
199 696 258 750 ecs,
272 673 359 738 unde
382 673 471 738 idem
494 671 652 738 Ricardus
675 671 857 757 dicitquod
873 671 1194 756 perconueneionem

104 778 181 842 illam
194 778 306 842 debuit
320 777 390 864 ipse
404 777 524 842 habere
538 799 642 841 unum
656 775 861 862 mesuagium
876 783 935 840 ete.

159 882 199 945 Et
219 882 382 948 Rcbertna
402 881 497 947 uenit
519 888 554 946 et
576 881 739 967 cognoscit
761 879 1012 944 conuencionem
1041 881 1131 945 illam
1161 889 1196 945 et

102 985 171 1050 dicit
197 979 282 1072 quod
310 985 345 1049 in
374 985 465 1048 nullo
494 991 545 1049 est
574 992 687 1047 contra
719 982 971 1047 conuencionem
1009 982 1106 1048 illam
1152 983 1197 1048 Et

102 1087 246 1152 Ricardns
268 1087 415 1173 quesitus
436 1087 465 1151 si
487 1086 604 1152 habuit
625 1085 777 1150 saisinam
799 1085 840 1150 de
855 1086 1021 1172 mesuagio
1035 1086 1100 1164 illo,
1116 1085 1197 1152 dicit

101 1191 176 1276 quod
189 1191 304 1256 habuit
318 1200 353 1256 et
367 1191 455 1277 quod
470 1191 545 1256 inde
560 1190 741 1258 dissaisitus
751 1200 803 1255 est
817 1190 996 1278 peripsum
1007 1191 1197 1256 Robertum.

99 1294 139 1358 Et
149 1293 220 1358 ideo
234 1295 400 1380 perquirat
415 1293 479 1359 sibi
493 1315 552 1378 per
565 1292 665 1357 breue
677 1291 718 1357 de
729 1315 816 1356 noua
827 1291 996 1358 disseisina
1008 1292 1036 1356 si
1048 1293 1198 1372 uoluerit,

101 1408 129 1462 et
148 1399 188 1462 sit
207 1397 245 1463 in
272 1397 493 1462 misericordia
521 1396 600 1482 quia
628 1396 821 1482 impetrauit
849 1396 940 1463 aliud
970 1397 1070 1462 breue
1100 1419 1198 1483 quam

99 1503 267 1568 secundum
281 1503 386 1589 legem
403 1510 488 1567 terre
503 1511 564 1567 etc

53 1612 69 1674 '.
155 1606 284 1670 ¹Eliena
296 1628 359 1692 qne
375 1605 439 1670 fuit
460 1628 541 1669 uxor
558 1605 697 1670 Walteri
716 1605 757 1670 de
779 1605 957 1691 Stepingas
977 1607 1065 1692 petit
1084 1628 1199 1672 narsus

100 1709 265 1797 Hugonem
279 1710 320 1776 de
336 1712 446 1797 Burgc
461 1710 688 1776 Justieiarium
703 1711 867 1776 redditum
883 1735 912 1777 x.
928 1735 1109 1777 marcarum
1124 1735 1198 1778 cum

98 1822 170 1896 pert.
185 1813 220 1878 in
235 1814 463 1879 Wechefcrdia
482 1822 517 1879 et
537 1813 723 1879 Billcbrolre
746 1814 782 1878 in
805 1815 965 1880 comitatu
990 1816 1196 1882 Sumersetie.

99 1916 136 1980 Et
159 1917 368 1983 Justiciarius
393 1918 526 1983 uocauit
551 1918 628 1982 inde
649 1917 692 1982 ad
717 1927 900 1982 warantum
928 1918 1130 1984 Gilebertum
1157 1921 1198 1984 de

99 2019 341 2106 Baningewrthe
356 2019 413 2105 qui
424 2030 601 2105 antequam
610 2019 833 2085 warantizaret
846 2020 936 2098 obiit,
946 2029 980 2086 et
991 2022 1014 2085 J
1015 2021 1199 2088 usticiarius

96 2143 148 2204 per
161 2122 332 2186 Warinum
347 2122 452 2188 filium
467 2123 593 2189 Johelis
609 2131 704 2187 uocat
723 2123 800 2187 inde
821 2123 862 2188 ad
878 2133 1057 2189 warantum
1072 2125 1197 2191 willel-

97 2245 179 2288 mum
193 2225 302 2289 filium
317 2232 350 2289 et
365 2224 519 2290 heredem
538 2225 677 2311 predicti
696 2225 865 2303 Gileberti,
880 2227 938 2312 qui
952 2250 1083 2313 presens
1098 2237 1147 2294 est
1163 2237 1197 2294 et

96 2325 271 2414 dicitquod
285 2328 411 2392 nullum
423 2328 510 2393 diem
522 2328 621 2393 habet
632 2329 717 2394 inde.
749 2329 792 2394 Et
803 2329 877 2395 ideo
886 2329 982 2395 datus
995 2339 1045 2396 est
1056 2331 1125 2396 dies
1136 2341 1196 2398 cte.

53 2441 65 2504 t.
154 2433 293 2519 ’Magna
314 2433 415 2496 assisa
437 2433 524 2498 inter
546 2432 721 2500 Ricardum
742 2433 847 2498 filium
870 2434 1011 2500 Simonis
1029 2444 1197 2522 petentem
1273 2478 1302 2508 a„

95 2545 125 2600 et
138 2538 280 2603 Aliciam
298 2538 503 2603 Comitissam
524 2538 564 2603 de
586 2540 682 2625 Auge
701 2539 742 2603 de
762 2540 976 2605 aduocacione
1000 2541 1131 2607 ecclesie
1155 2542 1196 2608 de

95 2641 305 2707 Bukeswrthe
325 2643 458 2729 ponitur
476 2644 511 2707 in
531 2654 714 2729 respectum
734 2644 900 2730 usquead
924 2645 1024 2709 talem
1048 2645 1135 2711 diem
1158 2670 1197 2711 ec

93 2747 173 2829 quod
192 2756 382 2812 attomatus
404 2747 578 2813 Comitisse
598 2744 694 2825 obiit‚'
705 2756 739 2813 et
754 2747 879 2811 dictum
895 2756 945 2813 ast
960 2748 1020 2812 tali
1034 2756 1094 2813 etc.
1111 2748 1197 2835 quod

93 2851 166 2917 scire
181 2852 283 2919 faciat
300 2852 470 2917 Comit'me
485 2861 546 2917 etc.

54 2981 61 3024 ι
151 2954 334 3020 ’Hearieus
348 2956 388 3019 de
405 2956 573 3021 Sandwico
587 2956 673 3041 petit
688 2978 802 3021 uersus
815 2956 1000 3021 Johannem
1021 2956 1061 3021 da
1077 2957 1196 3042 Reples
1275 2996 1301 3025 a

92 3059 173 3141 quod
199 3059 390 3123 warentizet
416 3059 448 3123 ei
473 3060 603 3124 feodum
628 3060 653 3146 j
677 3059 791 3123 militis
821 3081 894 3123 cum
924 3067 1005 3145 pert.
1034 3060 1070 3125 in
1099 3060 1196 3145 Riple

92 3163 233 3247 exceptis
258 3162 335 3227 etc.⁴
357 3161 444 3248 quod
468 3171 560 3227 tenet
583 3170 618 3226 et
642 3161 681 3226 de
706 3184 745 3225 eo
769 3169 880 3227 tenere
904 3162 1031 3239 clamat,
1052 3171 1087 3227 et
1108 3162 1195 3227 unde

92 3276 210 3331 cartam
243 3267 365 3331 Thema
395 3267 497 3352 patris
525 3266 671 3331 eiusdem
700 3266 860 3331 Johannis
889 3266 981 3331 cuius
1011 3266 1103 3331 heres
1135 3274 1194 3331 etc.

92 3368 188 3434 habet
203 3378 245 3434 ut
259 3369 349 3447 dicit,
363 3371 450 3435 unde
465 3370 554 3435 idem
569 3370 731 3434 Henricns
745 3370 827 3434 dicit
844 3369 931 3455 quod
950 3370 1076 3435 desicut
1096 3370 1196 3435 habet

91 3488 212 3538 (artam
227 3496 321 3539 snam
336 3475 377 3538 de
392 3475 599 3539 feoffamento
613 3474 736 3539 Thome
748 3474 851 3560 patria
862 3474 913 3539 sui
924 3497 982 3560 per
996 3496 1093 3560 quam
1108 3474 1195 3540 idem

91 3578 258 3643 Johannes
271 3579 370 3644 debet
385 3588 503 3644 terram
528 3577 618 3643 illam
640 3578 673 3643 ei
694 3578 910 3655 acrentinam,
924 3585 1030 3643 mater
1050 3576 1195 3643 eiusdem

90 3681 251 3746 Jchannis
273 3703 332 3767 per
354 3681 509 3746 defaltum
529 3681 632 3767 ipsius
652 3680 812 3753 Johannis
835 3679 1040 3766 recuperauit
1063 3679 1196 3744 terciam

90 3794 217 3869 partem
232 3786 377 3850 eiusdem
393 3794 478 3851 terre
494 3785 527 3849 in
544 3785 655 3849 dotem
670 3807 783 3849 uersus
798 3784 941 3861 sumita
955 3784 1041 3870 quod
1055 3784 1113 3849 ubi
1127 3784 1197 3869 ipse

89 3890 205 3954 debuit
231 3913 288 3976 per
310 3913 433 3955 annum
456 3890 590 3957 reddere
611 3890 651 3954 xl.
668 3890 722 3955 sol.
739 3889 781 3954 de
801 3888 931 3954 redditu
952 3911 1009 3975 pro
1029 3888 1196 3964 termille,

88 3993 155 4079 ipse
180 3994 397 4081 distringatur
420 3996 462 4060 ad
485 3995 685 4062 reddendum
710 3995 782 4060 illos
805 3995 847 4061 xl.
872 3995 926 4061 sol.
950 3995 1031 4060 adso
1054 3993 1197 4080 plenarie

88 4100 173 4164 sicut
198 4100 279 4165 fecit
302 4100 431 4186 quando
455 4108 559 4165 totam
577 4092 699 4164 terram
720 4099 848 4185 integre
869 4099 987 4175 tenuit,
1003 4106 1037 4163 et
1051 4105 1199 4184 preterea

119 4283 128 4314 ¹
146 4284 177 4332 A.
191 4298 230 4331 m.
243 4284 276 4331 20
286 4282 310 4334 d.
703 4282 714 4315 ⁴
731 4282 830 4345 Except
842 4281 884 4333 tha
896 4281 1032 4331 advoivson
1041 4282 1093 4332 and
1102 4282 1200 4332 certain

119 4350 130 4379 ²
146 4350 178 4397 A.
191 4363 231 4397 m.
244 4350 277 4396 20
287 4347 311 4395 d.
672 4346 755 4405 landa,
767 4348 798 4395 A.

119 4416 129 4444 ²
146 4414 178 4462 A.
192 4428 232 4461 m·
244 4415 277 4461 ⁵2¹1
288 4413 312 4461 d.
