3167 5075
342 413 579 473 nonantulis,
600 411 665 460 an.
690 397 783 473 1223,
804 412 867 460 nn
890 395 985 464 7—8.
1153 401 1215 462 503

111 585 256 652 defendit
271 585 356 671 quod
372 585 500 650 nullum
515 584 631 649 habuit
651 584 832 670 ingressum
853 583 888 648 in
908 592 1027 648 terram
1047 584 1136 648 illam
1157 607 1216 670 per

110 687 262 766 Alanum,
287 696 321 753 et
346 687 423 753 inde
449 688 542 773 ponit
567 710 601 752 se
627 709 725 774 super
749 687 897 753 iuratam.
942 687 986 750 Et
1012 686 1152 751 Thomas
1180 697 1215 752 et

111 792 212 858 Maria
225 792 384 857 similiter.
428 792 472 856 Et
486 791 560 857 ideo
574 792 632 856 fiat
646 790 724 855 inde
735 790 843 856 iurata
854 798 888 855 et
900 789 1012 856 ueniat
1023 791 1058 855 in
1069 790 1214 856 aduentu

109 894 358 979 iusticiariorum
381 895 424 959 ad
447 893 739 982 recognoscendum
764 894 791 958 si
815 893 902 959 idom
927 894 1078 959 Salomon
1099 895 1215 960 habuit

109 1006 225 1062 terram
247 997 340 1062 illam
354 1005 531 1083 antequam
545 998 710 1082 predictus
725 997 892 1062 Johsnncs
906 997 1030 1082 positus
1045 998 1108 1063 suit
1123 1008 1216 1064 extra

107 1125 311 1168 communem
330 1102 483 1190 gencium
503 1111 573 1180 etc,
593 1112 627 1167 et
647 1103 676 1168 si
695 1103 764 1188 ipse
784 1103 901 1168 habuit
917 1104 1141 1168 terramillam
1157 1127 1216 1190 per

107 1206 210 1290 ipsum
224 1206 412 1271 Johannem
427 1206 482 1271 uel
495 1228 554 1290 per
567 1206 751 1290 predictum
766 1205 909 1269 Alanum
925 1205 997 1269 etc.¹

49 1311 75 1376 9.
168 1308 342 1374 'Gunnora
370 1309 411 1374 de
440 1309 633 1396 Bendenges
661 1331 725 1395 que
755 1309 819 1373 fuit
844 1332 926 1374 uxor
946 1309 1105 1375 Johannis
1127 1311 1214 1376 filius

108 1411 258 1497 Hugonis
273 1413 394 1497 optulit
408 1435 443 1476 se
457 1435 572 1477 uersus
587 1412 692 1476 Eliam
708 1412 748 1477 de
760 1411 963 1498 Pokeslegha
973 1421 1007 1477 et
1019 1413 1213 1479 Matillidem

108 1539 237 1580 uxorem
263 1515 398 1581 eiusde
422 1516 542 1602 placito
569 1517 654 1602 quod
680 1523 789 1581 essent
814 1516 959 1582 audituri
984 1517 1150 1583 recordum
1180 1526 1215 1584 et

106 1618 264 1684 iudicium
279 1641 374 1684 suum
389 1619 431 1684 de
446 1619 575 1705 loquela
588 1643 651 1706 que
672 1619 736 1683 fuit
758 1619 846 1684 inter
865 1641 919 1684 eos
941 1620 982 1684 de
1002 1621 1102 1686 tercia
1121 1631 1214 1708 parte

107 1723 203 1788 tercie
225 1723 332 1810 partis
351 1724 490 1789 duarum
510 1747 612 1788 camo.
634 1734 719 1788 terre
741 1731 800 1788 etc.
821 1723 857 1788 in
877 1723 1090 1790 Thedemerse
1116 1749 1213 1812 quam

108 1828 216 1892 eadem
241 1829 400 1893 Gunnora
421 1828 540 1892 clamat
562 1827 597 1891 in
619 1827 730 1892 dotem
752 1849 866 1891 uersus
888 1849 950 1904 eos,
975 1835 1009 1892 et
1032 1829 1117 1893 unde
1144 1829 1215 1914 ipsa

107 1931 241 1996 Matillis
273 1931 436 1996 obiecerat
465 1931 571 1995 eidem
601 1931 755 1996 Gunnore
785 1930 871 2017 quod
901 1954 966 1996 non
995 1933 1109 1997 debuit
1138 1933 1214 1998 inde

106 2034 213 2099 dotem
244 2035 367 2100 habere
396 2035 473 2121 quia
502 2034 574 2120 ipsa
602 2035 758 2100 Gunnora
786 2057 955 2121 nunquam
981 2037 1045 2102 fuit
1071 2038 1215 2103 Johanni

105 2141 310 2226 desponsata
354 2140 398 2204 Et
413 2140 501 2204 Elias
517 2147 551 2204 et
565 2139 703 2204 Matillis
717 2163 782 2204 non
805 2148 966 2205 uenerunt
988 2149 1046 2205 etc.
1071 2149 1105 2207 et
1127 2165 1214 2206 sum-

106 2243 243 2308 monicio
258 2251 320 2307 etc
335 2250 386 2306 set
401 2241 464 2306 uisi
479 2241 613 2306 fuciunt
626 2241 663 2306 in
676 2242 779 2306 banco
794 2241 847 2306 die
862 2243 1051 2328 precedenti
1063 2244 1113 2308 ita
1126 2245 1214 2330 quod

106 2346 298 2430 optulerunt
312 2367 347 2409 se
362 2352 397 2410 et
410 2353 611 2409 recesserunt
626 2344 695 2409 sine
715 2344 858 2410 licencia
901 2346 946 2410 Et
968 2346 1039 2432 ipsa
1060 2348 1216 2413 Gunnora

105 2451 242 2535 pmtulit
259 2450 387 2514 litteras
401 2457 462 2515 etc.
477 2448 565 2534 quod
580 2449 651 2535 ipsa
672 2449 736 2513 fuit
755 2449 950 2535 desponsata
970 2459 1030 2516 etc.
1075 2452 1120 2516 Et
1142 2452 1215 2517 ideo

106 2556 344 2620 consideratum
359 2563 410 2619 est
425 2554 513 2641 quod
526 2554 597 2640 ipsa
611 2556 818 2642 recuperauit
832 2556 984 2621 seisinam
999 2557 1040 2621 de
1060 2557 1135 2623 dote
1156 2580 1215 2623 sua

106 2667 138 2723 et
151 2660 225 2725 alii⁸
239 2660 279 2724 in
293 2660 517 2725 misericordia
537 2658 542 2746 Ι

50 2762 73 2823 0.
166 2764 306 2827 ‘Emma
328 2784 393 2849 que
416 2762 481 2827 suit
504 2784 586 2827 uxor
609 2763 779 2829 Eustachii
802 2763 844 2828 de
868 2764 902 2829 la
915 2766 1021 2829 Berne
1036 2766 1217 2831 attachiata
1326 2812 1332 2823 -

106 2864 166 2930 fuit
175 2867 220 2931 ad
231 2865 495 2952 respondendum
504 2867 669 2932 Willelmo
681 2868 872 2933 Pentecoste
885 2892 983 2955 quare
996 2879 1108 2934 contra
1118 2871 1215 2935 finem

107 2971 227 3034 factum
250 2969 286 3035 in
305 2969 396 3034 cutia
414 2970 509 3035 Dom.
529 2970 560 3035 J.
584 2971 685 3056 Regis
705 2993 791 3035 anno
811 2970 886 3035 tali⁵
900 2980 959 3036 etc
975 2972 1062 3037 inter
1076 2972 1215 3038 eundem

106 3074 310 3138 Willelmum
333 3081 368 3137 et
389 3074 524 3138 Petrum
546 3075 587 3139 de
611 3074 799 3140 Oudintona
819 3075 860 3140 de
882 3075 958 3142 dim.
982 3076 1060 3141 hida
1082 3085 1166 3142 terre
1181 3079 1215 3141 in

108 3176 317 3242 Cherlewode
342 3177 445 3241 tiabit
470 3178 542 3263 ipsa
566 3178 673 3264 ipsum
701 3178 903 3243 Willelmum
929 3180 965 3243 in
993 3180 1151 3265 placitum
1180 3182 1215 3245 in

107 3284 267 3347 comitatu
281 3304 341 3368 per
354 3282 453 3348 breue
468 3282 510 3347 de
523 3292 613 3347 recto
627 3282 668 3347 de
684 3283 798 3347 eadem
809 3292 904 3359 terra,
913 3284 1040 3349 desicut
1051 3284 1215 3369 predictus

107 3384 223 3449 Petrus
238 3384 298 3470 qui
312 3384 449 3449 eandem
464 3394 584 3449 tenum
599 3386 699 3471 peciit
719 3409 833 3451 uersus
852 3386 992 3453 eundem
1013 3388 1213 3453 Willolmum

106 3490 231 3553 remisit
258 3498 367 3554 totum
392 3489 544 3553 clamium
571 3512 667 3554 suum
693 3499 728 3555 et
751 3491 803 3555 ius
828 3513 924 3555 suum
950 3512 1008 3578 per
1033 3492 1214 3577 predictum

106 3592 203 3657 finem
218 3592 290 3657 sine
305 3592 422 3657 clamio
436 3592 522 3678 quod
537 3592 608 3679 ipsa
622 3594 782 3679 apposuit.

168 3697 214 3760 Et
231 3696 351 3759 Emma
365 3696 457 3759 uenit
472 3705 507 3760 et
520 3697 601 3761 dicit
616 3698 703 3782 quod
717 3698 791 3762 finis
806 3698 861 3762 ille
873 3718 937 3763 non
949 3698 1048 3763 debet
1059 3698 1091 3764 ei
1102 3722 1215 3764 nocere

106 3798 184 3883 quin
209 3799 351 3864 clamare
374 3800 476 3885 possit
499 3800 551 3864 ius
574 3822 678 3879 suum,
704 3802 781 3887 quia
804 3802 875 3887 ipsa
897 3802 997 3867 nichil
1021 3803 1139 3868 clamat
1158 3826 1217 3890 per

106 3902 212 3986 ipsum
228 3902 373 3978 Petrum,
388 3902 489 3966 immo
503 3924 562 3987 per
574 3903 777 3969 Willelmum
794 3905 943 3991 Coquum
964 3914 1090 3990 patrem
1111 3928 1216 3982 suum,

107 4017 140 4069 ct
163 4014 315 4092 pretema
337 4004 390 4071 die
414 4028 479 4093 quo
504 4006 579 4071 finis
597 4007 653 4072 ille
673 4009 778 4073 factus
798 4009 861 4074 fuit
881 4009 952 4094 ipsa
972 4010 1088 4075 habuit
1108 4010 1215 4075 uirum

140 4177 150 4209 ¹
167 4178 233 4227 'l'his
254 4192 314 4228 osse
335 4177 359 4227 is
380 4176 448 4228 cited
469 4177 503 4240 by
523 4177 637 4227 Bracton
688 4177 798 4227 dubious
809 4178 936 4241 marriage
944 4181 1037 4231 caused
1045 4182 1123 4231 much
1132 4182 1217 4246 litiga-

109 4244 309 4307 anonymonsly,
323 4242 343 4292 f.
355 4244 394 4303 12,
408 4258 439 4293 aa
453 4244 562 4307 proving
578 4243 638 4294 that
688 4246 753 4292 tlon,

110 4308 496 4422 “fuessent
517 4374 566 4424 m
589 4374 637 4423 ³00
720 4308 1032 4424 :stauilit-

111 4438 134 4495 b,
146 4408 201 4487 and
214 4439 294 4488 (lases
305 4410 377 4495 lito,
387 4408 544 4499 1176J1573.
567 4412 637 4487 'This
720 4440 730 4471 ⁶
747 4409 905 4503 aiuoprlmd
915 4449 970 4497 etc,
982 4442 1013 4490 A.
