3167 5075
316 437 433 485 cosin
454 436 554 495 enon,
576 434 640 483 nn.
667 420 848 495 1239-40,
870 434 933 483 an.
960 421 1010 484 24.
1152 422 1213 486 291

124 606 198 691 quod
211 605 345 693 predicti
359 606 466 671 Adam
481 612 515 671 et
529 605 664 669 Annora
677 604 810 669 suerunt
825 603 861 668 in
874 603 993 669 seisina
1007 611 1045 669 ut
1059 603 1100 669 de
1115 604 1217 670 libero

121 719 293 775 tenemento
314 733 380 788 suo,
395 717 429 775 et
451 708 547 796 quod·
560 709 697 795 predicti
719 709 860 774 Thomas
881 717 916 775 et
937 708 1044 775 Adam
1059 710 1090 774 lc
1105 710 1218 796 Hoper

122 834 168 876 eos
187 812 434 880 disseisiuerunt.
480 814 523 877 Et
544 812 618 877 ideo
640 812 879 877 consideratum
902 821 951 877 est
973 812 1060 899 quod
1079 812 1218 899 predicti

121 915 214 980 Adam
236 924 270 981 et
292 916 424 981 Annora
445 924 720 1002 recuperauerunt
743 915 894 980 seisinam
909 938 1011 993 suam,
1027 924 1061 981 et
1076 916 1217 981 Thomas

121 1028 149 1082 et
162 1019 261 1085 Adam
276 1019 312 1083 in
326 1018 550 1084 misericordia
596 1019 748 1105 Dampna
762 1020 803 1083 xi
819 1020 874 1084 sol.
919 1020 1037 1085 Postea
1058 1027 1217 1084 testatum

119 1130 162 1185 est
175 1145 229 1209 per
242 1122 398 1187 iuratores
414 1122 500 1209 quod
515 1120 666 1207 apposuit
686 1121 949 1186 emendacionem
970 1122 1013 1187 ad
1030 1123 1217 1187 ualenciam

119 1248 162 1289 xx.
176 1226 228 1291 sol.
243 1235 276 1291 et
289 1226 362 1292 ideo
377 1226 519 1312 dampna
533 1227 749 1291 remittuntur
763 1249 865 1313 nsque
880 1250 931 1291 xx.
946 1227 1014 1293 sol.l

57 1340 88 1402 32,
174 1330 348 1418 Episcopus
364 1329 1214 1397 Sarisbiriensis¹summonitusfuitadostendendnm

117 1454 204 1517 quare
219 1442 312 1498 tenet
326 1441 505 1498 mercatum
520 1432 608 1518 apud
623 1432 805 1497 manerium
820 1456 916 1498 suum
928 1434 968 1499 de
980 1435 1216 1499 Remmesbiria

116 1536 192 1619 quod
220 1536 353 1624 quidem
373 1536 379 1623 Ι
396 1544 576 1601 mercatum
606 1536 763 1602 Ricardus
789 1538 953 1623 quondam
979 1539 1216 1605 Sarisbiriensis

116 1639 283 1729 Episcopus
298 1640 501 1727 predecessor
514 1641 616 1727 ipsius
631 1641 782 1727 Episcopi
794 1642 920 1707 leuauit
931 1643 973 1708 ad
984 1652 1215 1709 nocumentum

116 1746 240 1810 mercati
254 1746 348 1811 Dom.
365 1744 465 1831 Regis
479 1744 520 1810 de
536 1744 745 1831 Merlebergo.
791 1746 835 1809 Et
851 1747 1029 1833 Episcopus
1043 1770 1102 1833 per
1113 1756 1215 1811 attor·

114 1859 218 1914 natum
233 1873 331 1915 suum
346 1850 440 1915 uenit
449 1858 484 1915 et
495 1848 575 1914 dicit
587 1848 673 1935 quod
682 1849 856 1914 Ricardus⁸
864 1850 1026 1936 quondam
1039 1851 1216 1937 Episcopus

116 1953 344 2020 Sarisbiriensis
370 1952 486 2018 habuit
509 1962 688 2017 mercatum
711 1952 794 2018 illud
821 1953 861 2018 de
891 1954 1091 2019 concessione
1121 1956 1215 2023 Dom.

114 2056 211 2145 Regis,
235 2066 271 2124 et
294 2058 363 2144 ipse
385 2056 468 2122 illud
489 2080 617 2143 semper
638 2057 747 2122 tenuit
769 2057 944 2143 hucusque,
966 2067 1002 2121 et
1022 2057 1103 2123 dicit
1128 2058 1216 2144 quod

113 2161 204 2227 habet
225 2162 305 2227 inde
327 2171 506 2227 warantum
530 2170 563 2227 et
585 2161 671 2247 petit
694 2160 779 2247 quod
800 2160 844 2225 ad
865 2161 952 2226 diem
975 2171 1100 2227 certum
1115 2163 1216 2248 possit

112 2267 273 2333 ostendere
290 2276 469 2332 warantum
485 2289 588 2333 suum.
633 2266 751 2331 Postea
762 2266 915 2331 conuenit
926 2266 1013 2332 inter
1026 2289 1081 2332 eos
1095 2267 1218 2332 scilicet

112 2370 190 2455 quod
203 2371 372 2457 predictus
388 2372 564 2457 Episcopus
579 2394 637 2458 pro
651 2393 686 2435 se
702 2379 736 2435 et
750 2372 985 2437 successoribus
1004 2372 1071 2436 suis
1092 2372 1217 2437 remisit

112 2482 142 2538 ct
162 2478 314 2562 quietum
337 2475 492 2542 clamauit
508 2475 601 2540 Dom.
618 2473 702 2562 Regi
717 2481 752 2540 et
766 2474 940 2540 heredibus
954 2475 1022 2541 suis
1036 2474 1217 2542 manerium
1268 2505 1271 2509 ⁴

110 2577 184 2644 illud
206 2580 247 2645 de
271 2578 509 2644 Remmesbiria
530 2578 640 2664 quiete
662 2578 697 2642 in
719 2587 916 2664 perpetuum
939 2589 973 2643 et
995 2601 1053 2664 pro
1068 2578 1128 2643 hac
1143 2578 1217 2646 etc.⁴

110 2681 188 2747 idem
203 2684 302 2748 Dom.
317 2683 390 2748 Rex
404 2682 561 2747 concessit
576 2705 633 2768 pro
647 2705 681 2746 se
698 2690 732 2746 et
753 2681 927 2747 heredibus
949 2683 1016 2747 suis
1038 2683 1124 2768 quod
1145 2706 1218 2769 pre·

109 2785 208 2853 dictus
232 2787 413 2874 Episcopus
435 2794 471 2851 et
492 2808 687 2852 successores
709 2787 761 2852 sui
780 2795 815 2852 et
831 2787 965 2852 ecclesia
980 2787 1217 2854 Sarisbiriensis

109 2888 245 2955 habeant
268 2892 305 2956 in
327 2899 523 2976 perpetuum
544 2891 680 2978 singulis
702 2891 796 2956 annis
817 2891 899 2956 duas
921 2891 1016 2957 ferias
1030 2892 1127 2957 simul
1142 2916 1217 2958 cum

109 2993 203 3058 tercie
220 2994 305 3060 feria
324 3015 423 3080 quem
443 2993 533 3079 prins
552 2995 599 3060 eis
620 3004 818 3060 concesserat
837 2995 927 3082 apud
947 2997 1216 3062 Rammesbiriam

109 3099 188 3164 unde
202 3122 295 3164 nunc
310 3099 414 3184 primo
430 3098 530 3163 habet
545 3107 667 3164 cartam
690 3106 729 3164 ut
750 3099 886 3165 inferius
908 3099 1049 3164 dicetur'
1070 3109 1105 3164 et
1127 3101 1217 3186 quic·

108 3202 180 3286 quid
194 3203 237 3268 ad
254 3203 353 3268 ferias
367 3203 511 3288 pertinet
526 3203 575 3267 ita
589 3212 700 3268 tamen
715 3204 803 3290 quod
817 3226 882 3268 non
897 3202 964 3267 sint
978 3203 1019 3266 ad
1041 3225 1216 3268 nocumen-

108 3313 174 3370 tum
197 3308 384 3372 uicinarum
410 3306 571 3384 feriarum,
595 3306 676 3371 duas
702 3306 825 3372 scilicet
850 3306 946 3371 ferias
971 3306 1060 3391 apud
1083 3307 1215 3372 Rames-

106 3411 216 3477 biriam
241 3434 344 3477 unam
367 3411 520 3476 uidelicet
542 3411 577 3475 in
600 3407 698 3476 festo⁶
719 3411 927 3475 Inuencionis
957 3410 988 3476 S.
1017 3409 1130 3475 (inicis
1158 3433 1217 3496 per

108 3523 167 3580 tres
181 3517 253 3582 dies
269 3516 460 3580 duraturam
474 3513 596 3579 scilicet
611 3513 647 3578 in
661 3513 776 3599 uigilia
790 3522 825 3578 et
840 3514 874 3578 in
890 3513 943 3578 die
958 3521 993 3578 et
1012 3505 1047 3577 in
1068 3513 1216 3592 crastino,

106 3629 136 3683 et
150 3622 249 3686 eliam
265 3619 301 3686 in
317 3621 399 3685 festo
414 3618 632 3684 Exaltacionis
648 3619 680 3683 S.
697 3618 824 3684 Crucis⁷
839 3618 953 3684 eodem
968 3617 1063 3682 modo
1078 3639 1136 3703 per
1150 3624 1216 3683 tres

106 3721 169 3789 dies
190 3725 385 3790 duraturam
408 3723 532 3788 scilicet
554 3722 588 3787 in
610 3723 726 3810 uigilia
748 3723 837 3788 etin
851 3723 904 3788 die
920 3731 954 3787 et
969 3723 1004 3787 in
1018 3722 1166 3799 crastino,
1181 3731 1216 3788 et

105 3829 236 3894 terciam
253 3829 369 3894 feriam
385 3828 472 3914 apud
488 3826 743 3914 Skyreburniam
757 3826 792 3890 in
807 3827 964 3892 comitatu
986 3825 1137 3890 Dorsetie
1159 3848 1217 3912 per

103 3953 156 3998 sex
169 3934 242 4000 dies
258 3934 450 3999 duraturam
465 3932 500 3996 in
515 3932 611 3997 festo⁸
625 3931 859 3996 Translacionis
873 3933 910 3997 B.
926 3931 1048 3996 Thome
1064 3931 1215 3995 Mentiris.

104 4034 272 4101 Concessit
287 4038 390 4100 eciam
404 4035 492 4100 idem
507 4035 600 4101 Dom.
616 4035 688 4100 Rex
702 4057 760 4122 pro
775 4055 810 4098 se
824 4042 858 4098 et
878 4056 935 4120 pro
955 4033 1128 4099 heredibus
1149 4033 1217 4098 suis

133 4221 143 4253 ¹
159 4221 196 4269 As
208 4225 237 4270 to
249 4219 307 4270 this
315 4219 455 4269 allowancc
463 4217 635 4280 forimprovo-
719 4216 729 4248 ⁵
748 4216 812 4277 Stop
823 4215 851 4263 in
863 4215 919 4265 MS.
1014 4230 1017 4236 ’

103 4290 196 4346 ments,
212 4301 257 4336 see
270 4285 314 4336 Br.
329 4286 347 4335 f.
362 4284 445 4335 1871).
720 4281 731 4312 ⁰
748 4283 763 4328 3
775 4281 844 4342 May.

132 4351 143 4382 ²
159 4351 261 4400 Robert
274 4349 413 4410 Bingham.
719 4345 730 4378 ⁷
748 4347 779 4394 14
792 4346 863 4407 Sept.

133 4414 144 4448 ³
159 4415 281 4466 Riehnrd
291 4416 316 4465 la
326 4415 417 4472 Ponte,
431 4414 600 4467 latr-1228.
720 4410 730 4442 ⁸
747 4412 762 4464 7
775 4411 790 4460 J
793 4411 845 4472 uly.

132 4481 144 4512 ⁴
157 4497 206 4544 pro
219 4483 271 4530 hae
283 4481 460 4541 recepticione.
