3167 5075
303 384 365 447 168
517 394 844 455 consuetunis.
869 381 1028 456 1235-6,
1051 395 1112 446 aa
1138 382 1187 445 20.

301 568 427 655 Rogero
442 568 475 633 la
487 566 595 633 Suche
610 566 740 632 domino
755 587 822 631 suo.
868 565 911 631 Et
925 564 1061 631 Juliana
1074 565 1177 631 nichil
1195 566 1277 632 dicit
1295 574 1411 633 contra

301 674 440 739 assisam
485 673 530 739 Et
559 672 706 760 Rogerus
731 671 879 758 quesitus
907 693 1005 758 quam
1031 671 1184 737 seisinam
1207 671 1345 737 haberet
1369 671 1410 737 de

302 782 489 841 tenemento
512 774 578 853 illo,
599 774 681 840 dicit
702 773 789 861 quod
813 781 1039 840 tenementum
1065 774 1148 841 illud
1171 774 1235 841 fuit
1259 775 1412 841 Geruasii

302 876 410 943 fratris
439 876 490 942 sui
519 885 555 942 et
584 876 653 963 ipse
682 875 758 942 inde
788 875 871 942 obiit
899 876 1030 943 seisitus
1058 877 1128 943 sine
1158 876 1276 943 herede
1312 900 1412 964 quem

302 982 436 1049 haberet
450 981 491 1047 de
506 1003 636 1069 corpore
650 1002 717 1048 suo.
762 979 807 1046 Et
821 980 890 1068 ipse
905 980 991 1047 sicut
1010 982 1111 1047 frater
1124 989 1159 1047 et
1174 981 1268 1047 heres
1280 1004 1363 1047 suus
1376 990 1413 1048 et

301 1088 359 1175 qui
380 1087 445 1153 fuit
467 1087 563 1174 plene
584 1086 684 1152 etatis
706 1086 816 1173 posuit
841 1108 876 1152 se
901 1086 936 1152 in
962 1094 1189 1153 tenementum
1214 1086 1297 1153 iilud
1324 1086 1414 1173 quod

302 1190 431 1257 inuenit
445 1212 586 1257 uacuum
601 1197 635 1255 et
651 1189 714 1255 fuit
729 1189 806 1255 inde
820 1190 855 1255 in
870 1190 989 1256 seisina
1002 1191 1069 1256 fere
1083 1212 1142 1277 per
1156 1197 1298 1276 quatuor
1312 1189 1412 1256 comi-

303 1304 392 1361 tatus
414 1295 515 1362 donec
534 1294 610 1360 inde
630 1294 694 1360 fuit
711 1293 894 1361 disseisitus
914 1316 973 1381 per
993 1294 1155 1382 predictos
1169 1294 1357 1361 Walterum
1377 1303 1413 1361 et

302 1401 326 1466 J
327 1401 478 1467 ulianam.
523 1399 567 1466 Et
582 1399 764 1486 dicitquod
778 1421 855 1485 sepe
870 1399 992 1485 optulit
1012 1399 1119 1466 eidem
1140 1398 1275 1465 iuliane
1298 1398 1412 1465 homa·

302 1505 394 1593 gium
410 1510 444 1569 et
459 1501 614 1590 quioquid
628 1502 660 1567 ei
673 1502 744 1568 iure
759 1502 864 1567 facere
878 1502 1001 1569 debuit.

369 1607 413 1672 Et
427 1607 450 1673 J
452 1606 561 1671 uliena
575 1604 655 1670 dicit
670 1613 704 1669 et
719 1604 883 1692 cognoscit
898 1604 985 1691 quod
1004 1604 1139 1671 feofauit
1158 1605 1267 1691 ipsum
1288 1606 1415 1672 Gerun-

303 1706 388 1773 sium
413 1715 447 1772 et
473 1728 538 1771 non
564 1703 687 1770 dedicit
712 1703 792 1791 quin
822 1704 909 1771 idem
938 1705 1086 1793 Rogems
1113 1704 1158 1770 sit
1187 1705 1279 1771 heres
1310 1706 1416 1793 ipsius

304 1810 460 1889 Geruasii
481 1818 532 1875 set
554 1810 632 1896 quia
653 1830 718 1874 non
740 1808 834 1874 uenit
856 1807 898 1874 ad
921 1830 994 1875 eam
1018 1810 1162 1874 facturus
1185 1808 1272 1895 quod
1295 1809 1416 1876 debuit

304 1916 408 1981 facere
438 1914 565 1980 seisiuit
594 1921 820 1979 tenementum
849 1912 932 1978 illud
960 1912 995 1978 in
1024 1934 1159 1978 manum
1187 1935 1279 1979 suam
1310 1913 1416 1981 donec

304 2019 433 2085 ueniret
456 2018 498 2085 ad
521 2040 593 2084 eam
616 2018 762 2084 facturus
785 2016 872 2104 quod
897 2019 1001 2083 facere
1027 2017 1169 2084 deberet.
1214 2018 1258 2084 Et
1284 2018 1418 2104 quesita

305 2146 402 2211 quem
426 2122 556 2189 inuenit
581 2123 616 2188 in
642 2121 775 2189 seisina¹
801 2123 873 2209 ipsa
900 2123 989 2209 cepit
1015 2130 1242 2188 tenementum
1268 2122 1355 2188 illud
1378 2123 1416 2188 in

304 2249 437 2292 manum
453 2249 554 2305 suam,
568 2226 649 2292 dicit
669 2225 756 2313 quod
777 2225 936 2292 Ricardus
954 2226 995 2292 de
1010 2226 1181 2291 Grenuilla
1194 2233 1229 2291 et
1243 2248 1310 2290 non
1325 2224 1415 2292 idem

306 2330 457 2417 Rogerus
503 2332 547 2395 Et
567 2331 695 2417 quesita
714 2331 844 2417 quando
865 2331 935 2418 ipse
958 2330 1134 2396 Geruasius
1155 2338 1306 2396 mortuns
1327 2341 1417 2398 emet

304 2432 485 2519 dicitquod
500 2432 542 2498 ed
553 2433 672 2498 festum
688 2432 895 2498 Inuencionis
911 2432 1031 2499 Sancte
1046 2431 1174 2499 crucis
1188 2441 1223 2498 et
1238 2432 1311 2519 ipsa
1325 2434 1417 2521 cepit

305 2546 529 2603 tenementum
552 2537 633 2603 illud
653 2539 750 2626 paulo
770 2546 849 2604 ante
871 2539 991 2604 festum
1013 2537 1213 2605 Natiuitatis
1235 2541 1267 2606 S
1287 2540 1416 2607 Johan·

306 2644 356 2709 nis
372 2640 539 2731 Baptiste'
553 2642 698 2729 proximo
713 2664 860 2729 sequens.

371 2746 395 2811 J
395 2757 541 2812 oratores
555 2745 669 2811 dicunt
681 2745 767 2831 quod
779 2745 925 2832 predicta
934 2746 958 2811 J
958 2747 1069 2812 uliana
1079 2746 1257 2814 disseisiuit
1271 2749 1415 2816 eundem

307 2849 470 2938 Rogerum
486 2848 525 2914 de
540 2848 686 2936 predicto
701 2856 890 2914 tenemento
905 2849 982 2936 quia
996 2850 1065 2938 ipse
1079 2851 1143 2916 fuit
1153 2851 1230 2918 inde
1245 2853 1280 2917 in
1296 2854 1418 2920 seisina

306 2976 365 3042 per
379 2953 603 3019 uicecomitem
619 2961 653 3018 et
667 2953 768 3019 donec
782 2953 855 3040 ipsa
868 2977 943 3020 eum
962 2954 1146 3022 dimeisiuit.
1192 2957 1236 3022 Et
1250 2956 1325 3023 ideo
1340 2981 1416 3024 con-

307 3057 484 3122 sideratum
515 3064 565 3122 est
594 3054 680 3143 quod
709 3055 856 3145 Rogerus
882 3066 1052 3145 recuperet
1079 3058 1232 3124 seisinam
1258 3083 1353 3126 suam
1379 3071 1417 3128 et

307 3161 442 3228 Juliana
470 3161 506 3226 in
534 3160 773 3227 misericordia⁴.
840 3161 965 3227 Dicunt
999 3162 1101 3228 eciam
1131 3163 1218 3249 quod
1247 3165 1417 3252 predictus

308 3264 472 3331 Walterus
501 3287 565 3330 non
591 3264 768 3331 disseisiuit
793 3287 870 3330 eum
896 3275 930 3331 et
955 3266 1029 3332 ideo
1055 3268 1201 3356 Rogems
1227 3269 1262 3334 in
1289 3271 1415 3338 miseri-

307 3369 424 3446 cordia,
438 3376 488 3433 set
510 3368 610 3433 finem
631 3368 708 3434 fecit
728 3377 787 3434 etc
834 3369 878 3434 Et
899 3370 1047 3459 Rogerus
1067 3373 1216 3438 concedit
1237 3374 1326 3460 quod
1348 3399 1415 3441 non

308 3472 525 3560 implacitabit
539 3494 612 3537 eam
627 3473 662 3537 in
677 3473 767 3539 curia
780 3473 1005 3540 cristianitatis
1018 3476 1059 3542 de
1079 3476 1193 3542 eodem
1215 3487 1416 3560 tenemento,

308 3585 358 3642 set
373 3599 444 3642 eam
459 3575 535 3642 inde
550 3576 754 3642 conseruabit
769 3576 985 3664 indempnem.

178 3687 269 3749 1150.
374 3679 484 3745 Assisa
505 3679 598 3744 uenit
619 3679 825 3765 recognitum
846 3681 874 3746 si
898 3681 1043 3771 Rogerus
1065 3683 1177 3750 Abbas
1198 3685 1240 3752 de
1259 3686 1293 3753 la
1306 3687 1414 3756 Forde

178 3787 268 3828 ΕΜ
309 3783 429 3848 iniuste
458 3789 492 3846 et
521 3779 590 3846 sine
619 3779 738 3846 iudicio
767 3781 943 3848 disseisiuit
972 3784 1152 3850 Robertum
1182 3787 1338 3856 Burnelle
1370 3792 1414 3858 de

195 4115 252 4167 [utu

308 3887 409 3953 libero
436 3893 622 3951 tenemento
650 3908 708 3951 suo
737 3885 772 3951 in
798 3888 881 3952 Bere
907 3897 980 3975 post
1005 3889 1144 3975 primam
1170 3894 1414 3962 coronacionem

310 3991 394 4077 etc!

376 4095 419 4160 Et
434 4093 544 4160 Abbas
559 4094 651 4159 uenit
666 4103 726 4162 etc.
771 4095 816 4160 Et
829 4095 992 4163 Robertus
1011 4099 1159 4185 quesitus
1178 4101 1310 4186 qualem
1325 4107 1417 4172 seisi-

310 4221 385 4266 nam
407 4198 476 4285 ipse
498 4198 633 4264 haberet
657 4198 697 4265 de
722 4207 808 4266 terra
829 4200 886 4266 illa
907 4202 994 4268 unde
1016 4202 1107 4269 uisus
1129 4205 1235 4272 factus
1254 4216 1315 4286 est
1336 4209 1419 4277 dicit

472 4368 480 4400 ¹
500 4367 598 4432 Supply
609 4371 717 4432 mado.
981 4371 992 4405 ⁸
1008 4372 1041 4420 24
1051 4371 1127 4424 June.

471 4431 595 4498 ’ΒΜ
980 4436 1111 4490 ⁴80an
1125 4438 1145 4488 f.
1157 4440 1213 4491 252.
