3167 5075
295 410 415 462 consu
436 409 536 471 snos,
557 408 623 458 sn.
647 394 806 470 1234-5,
828 407 893 457 su
916 392 1055 456 18-19.
1165 389 1229 453 123

130 586 275 651 Huberto
296 582 388 649 fiatri
410 604 468 649 suo
490 604 550 647 nec
571 588 690 645 terram
710 579 802 645 illam
819 578 851 645 ci
871 577 963 645 dedit
982 578 1045 643 nisi
1064 577 1107 641 ad
1126 577 1231 642 uitam

129 710 216 755 susm
235 695 367 753 tantum
387 696 422 749 ct
441 682 484 749 ad
504 681 684 748 dotandum
703 681 841 747 eandem
859 681 999 747 AIiciam
1013 689 1049 747 et
1064 682 1123 745 hoc
1137 679 1233 745 offert

130 794 298 861 defendero
313 793 398 858 sicut
412 791 503 857 curia
516 789 775 855 consideraucrit

189 900 232 965 Et
247 898 325 985 quia
344 896 503 963 Riomdus
522 895 563 962 de
587 895 742 963 Gaddicot'
764 894 929 982 cognoscit
950 893 1036 981 quod
1058 893 1235 959 Mauricius

128 1002 205 1067 obiit
226 1000 358 1067 scisitus
380 999 517 1065 dodim
533 999 614 1086 nirg.
631 1007 716 1065 terro
731 1006 766 1064 ot
781 998 868 1085 quod
883 997 966 1064 obiit
980 997 999 1063 I
1015 996 1109 1062 annis
1130 1004 1234 1061 trans-

129 1107 205 1173 actis
227 1114 262 1171 et
283 1113 375 1170 carta
395 1104 534 1169 inuenta
554 1112 605 1169 est
627 1126 737 1169 recens
757 1103 814 1169 uix
835 1103 876 1169 de
893 1104 919 1188 j.
933 1125 1019 1169 anno
1034 1102 1131 1167 etita
1145 1101 1234 1176 falso,

129 1210 373 1278 consideratum
388 1216 438 1274 est
453 1208 540 1295 quod
555 1208 739 1274 Willclmus
753 1208 960 1295 recuperauit
976 1206 1127 1273 scisinam
1142 1227 1235 1271 suam

128 1316 166 1381 de
181 1315 238 1380 illa
251 1314 329 1379 dim
345 1314 426 1402 uirg.
442 1322 528 1379 terre
543 1322 579 1379 et
593 1313 777 1379 Willclmus
791 1314 879 1379 filius
896 1313 1040 1379 eiusdem
1056 1311 1187 1377 Riomdi
1201 1319 1236 1375 ct

128 1426 308 1485 attornatus
324 1418 393 1484 eius
408 1417 634 1484 custodiantur
647 1440 704 1504 pm
719 1418 862 1484 falsitate
877 1426 965 1484 carte
980 1427 1040 1484 otc.
1059 1416 1064 1504 Ι

189 1523 232 1588 Et
256 1522 335 1609 quia
355 1521 514 1587 Ricardus
539 1521 580 1586 de
602 1521 785 1587 Pakintona
808 1522 867 1608 qui
891 1544 926 1587 sc
952 1522 1033 1587 facit
1055 1528 1236 1585 warantum

128 1627 255 1693 Ricardi
289 1626 332 1693 de
363 1625 518 1693 Oaldicot'
549 1626 773 1691 warantizauit
802 1626 901 1691 aliam
931 1625 1006 1691 dim.
1038 1625 1120 1711 uirg.
1151 1632 1236 1688 terre

128 1732 231 1797 sidem
254 1730 395 1797 Ricando
417 1729 459 1795 do
486 1728 641 1796 Caldicot’
668 1738 702 1795 ot
726 1730 911 1796 Willelmus
935 1729 1016 1795 dicit
1041 1729 1128 1814 quod
1150 1729 1237 1793 idem

129 1834 286 1900 Ricardus
317 1833 371 1899 uel
400 1840 496 1919 patcr
524 1855 602 1897 suus
627 1856 795 1919 nunquam
821 1835 963 1921 aliquam
986 1835 1063 1900 inde
1088 1834 1239 1899 soisinam

130 1938 242 2004 habuit
268 1936 389 2001 necin
413 1936 574 2002 dominico
603 1958 663 2002 nec
688 1936 723 2001 in
749 1937 894 2015 seruicio,
917 1938 1165 2005 consideratum
1190 1944 1240 2001 cst

129 2041 212 2129 quod
226 2042 288 2107 fiat
303 2041 380 2106 indo
394 2041 503 2106 iurata
517 2048 552 2105 et
572 2041 686 2106 ueniat
705 2040 740 2106 in
762 2041 909 2107 aduentu
928 2042 1179 2107 iusticiariorum
1198 2039 1239 2105 ad

128 2147 265 2233 primam
287 2145 422 2211 assisam
443 2153 503 2210 etc.
518 2144 560 2210 ad
580 2146 872 2234 recognoscendum
895 2146 924 2211 si
942 2144 1107 2232 prodictus
1129 2144 1240 2210 Ricar-

128 2248 187 2315 dus
212 2248 254 2314 de
280 2246 438 2315 Caldicot'
462 2246 552 2311 aliud
579 2246 630 2313 ius
653 2248 707 2313 uel
733 2249 834 2313 alium
857 2249 1039 2335 ingoessum
1064 2246 1181 2313 habuit
1206 2247 1240 2311 in

130 2374 223 2417 unam
241 2351 321 2416 dim
338 2350 418 2436 uirg.
431 2358 517 2415 terre
532 2372 607 2415 oum
622 2360 703 2437 pert.
716 2374 815 2438 quam
830 2352 988 2418 Ricandus
1002 2351 1043 2417 de
1058 2351 1242 2417 Pakintona

129 2464 291 2521 warantus
303 2452 449 2519 ciusdem
458 2454 683 2519 warantizauit
694 2454 816 2521 cidsm¹
828 2456 965 2522 Ricardo
979 2478 1089 2521 nessus
1100 2455 1241 2521 cundem

130 2561 333 2627 Willelmum
348 2583 447 2646 quam
462 2583 521 2646 per
535 2560 714 2646 predictam
733 2562 873 2628 Alicism
888 2585 951 2649 que
966 2563 1056 2628 illam
1071 2562 1103 2627 ei
1118 2561 1242 2627 dimisit

130 2675 187 2732 stc
214 2666 295 2753 quia
319 2664 504 2730 Willelmus
530 2673 565 2730 et
591 2665 750 2731 Ricardus
774 2674 952 2752 posuerunt
977 2689 1011 2731 sc
1038 2665 1072 2730 in
1100 2665 1242 2730 iuratam
1280 2694 1283 2702 ·

130 2769 226 2834 illam.
272 2768 319 2832 Et
345 2767 373 2832 si
398 2767 557 2832 Ricmdus
586 2768 626 2833 de
658 2767 813 2834 Caldioot'
842 2769 988 2835 amiserit
1015 2791 1074 2855 per
1102 2769 1242 2834 iuratam

131 2874 218 2939 illam
241 2873 366 2938 habeat
387 2873 586 2938 escambium
607 2871 648 2938 de
669 2881 756 2938 terra
769 2873 908 2958 predicti
923 2872 1053 2938 Ricardi
1067 2872 1108 2936 dc
1123 2872 1242 2938 Pakin-

131 2987 214 3046 tona
261 2979 307 3044 Et
323 2978 401 3044 fecit
415 2979 515 3044 finem
530 3001 587 3064 pro
602 2978 684 3044 falsa
697 2985 787 3044 carta
801 2986 861 3043 etc.

132 3253 345 3322 ROTULUS
395 3253 457 3320 DE
508 3254 716 3322 PLAOITIS
767 3258 862 3339 QUE
897 3260 1244 3340 'SEQUEBANTUR

216 3357 447 3425 DOMINUM
476 3358 633 3424 REGEM
665 3359 824 3426 OORAM
856 3361 904 3429 W.
934 3363 995 3428 DE
1025 3364 1243 3430 RALEGHA

215 3462 352 3529 ANNO
382 3463 528 3529 REGNI
559 3465 757 3533 HENRIOI
780 3467 892 3533 FILII
915 3469 1050 3536 REGIS
1071 3468 1244 3535 IOHAN-

217 3568 729 3743 ssSOIssgFAUO-DEOIMO
781 3572 992 3638 INCIPIEN
995 3574 1051 3639 TE
1098 3574 1243 3641 NONO-

34 3867 102 3934 uos.
196 3861 411 3930 ’Eustachius
432 3863 473 3930 de
496 3863 695 3931 Estoteuilla
716 3865 810 3932 uenit
832 3889 938 3932 coram
968 3867 1061 3933 Dom.
1088 3869 1178 3956 Rege
1208 3877 1243 3934 ct
1347 3897 1364 3927 r·

137 3967 276 4034 ostendit
299 3967 389 4054 quod
410 3967 588 4034 Nicholaus
610 3967 650 4034 dc
674 3969 874 4035 Estuteuilla
894 3971 1076 4036 auunculus
1101 3994 1180 4038 suus
1209 3972 1242 4037 in

167 4121 252 4174 ²smr'
264 4123 377 4173 eimdcm
388 4121 495 4172 warant’
506 4123 594 4182 cidem,
606 4122 661 4175 MS.
715 4123 768 4174 Dos
779 4123 889 4184 Roohss,
901 4125 1036 4186 Passslsw‚
1047 4125 1173 4178 Rievaulx
1189 4129 1244 4179 and

168 4187 345 4238 ¹A=Towor
372 4187 432 4237 Bou
460 4187 509 4238 No.
537 4189 562 4240 5.
609 4187 664 4238 The
716 4189 836 4252 Segravs.

138 4251 665 4316 puiodaovsrsdbythisrollisfrom
747 4253 906 4305 ’Μαι
939 4256 1162 4322 Hardlylogibla
1195 4259 1243 4310 Bs-

139 4317 316 4369 Whitsnntido
344 4318 408 4368 1234
435 4321 464 4368 to
486 4317 665 4369 WhItsnntido
716 4319 770 4370 fors
781 4319 827 4370 tha
840 4319 902 4384 king
917 4325 946 4372 at
957 4321 1130 4386 wallingford
1147 4338 1182 4374 on
1198 4324 1243 4375 tha

141 4385 209 4433 1235.
242 4383 299 4434 'I'ha
311 4383 360 4434 roll
375 4383 398 4433 is
414 4383 443 4434 or
456 4386 528 4460 grcat
539 4383 649 4434 interest
656 4401 664 4446 ς
715 4385 967 4451 octaveofTrInity.

141 4447 554 4514 itcontainamanyproossdmgs
562 4449 664 4514 against
