3167 5075
385 376 451 441 394
689 388 840 450 rmum,
862 387 928 438 nu.
953 374 1046 449 1220,
1068 386 1131 437 nn
1157 376 1184 436 4.

449 564 494 629 Et
508 586 606 650 super
620 564 680 629 hoo
694 562 788 629 uenit
804 561 964 627 Redulfus
979 560 1021 627 de
1041 561 1162 626 Tiuille
1181 568 1275 647 puter
1289 560 1342 625 M}
1355 568 1386 625 et
1398 559 1459 623 dicit

383 669 470 754 quod
495 669 587 733 Isaeo
613 668 734 733 iniuste
760 675 811 733 est
835 667 910 731 inde
936 674 1108 744 warantus,
1131 667 1209 752 quin
1232 666 1273 730 de
1298 665 1400 730 debito
1419 665 1460 729 illo

383 770 470 835 unde
485 771 573 836 idem
589 772 682 835 Isaac
703 770 855 856 loquitur,
871 770 948 834 fecit
968 769 1039 855 ipse
1059 769 1158 834 finem
1179 792 1253 833 cum
1274 769 1304 834 J.
1321 770 1402 855 Rege
1418 788 1460 851 pro

383 878 450 961 vj¹¹.
466 877 545 954 libr,
560 877 647 941 unde
663 876 805 942 reddidit
826 875 999 962 qnamdam
1020 884 1148 962 partem
1163 875 1205 939 ud
1225 875 1415 948 scaccarium,
1426 873 1462 935 ito

383 980 469 1064 quod
477 980 553 1045 inde
562 980 597 1044 in
606 980 725 1045 seisinn
734 980 800 1045 fnit
811 1002 978 1066 quousque
990 978 1159 1043 iusticiarii
1170 978 1288 1043 ultimo
1298 978 1460 1043 itinerantes

382 1104 458 1145 eum
473 1082 549 1147 inde
564 1106 622 1169 per
636 1084 841 1148 uoluntatem
857 1104 950 1146 suam
965 1090 999 1145 et
1015 1082 1135 1146 iniuste
1151 1081 1395 1147 disseisiuerunt.
1428 1080 1459 1143 Et

383 1184 529 1269 quesitus
540 1186 656 1251 sionte
667 1184 950 1271 desponsacionem
962 1184 1133 1249 Metillidis
1144 1185 1221 1249 fecit
1233 1184 1459 1249 inundiacionem

382 1288 528 1373 predicto
552 1289 653 1365 Isaeo,
673 1288 755 1353 dicit
779 1286 865 1373 quod
886 1308 1001 1351 reuera
1021 1286 1112 1373 prius
1134 1286 1212 1351 fecit
1234 1286 1459 1352 inuediaeionen

382 1415 440 1479 pro
454 1394 594 1479 quodam
609 1402 702 1479 perte
716 1394 804 1459 illius
818 1392 932 1469 debiti,
947 1399 981 1456 et
995 1400 1109 1477 postea
1122 1392 1209 1457 filius
1229 1400 1344 1457 mutuo
1361 1389 1460 1475 aceepit

382 1497 556 1573 residuum,
571 1505 622 1560 set
637 1496 706 1581 ipse
721 1518 779 1581 pro
795 1502 864 1559 toto
879 1494 990 1559 debito
1005 1494 1104 1558 finem
1125 1494 1204 1559 fecit
1224 1503 1365 1579 tempore
1383 1491 1460 1577 Regis

382 1601 413 1665 J.
437 1623 544 1666 coram
566 1599 703 1665 Ricardo
725 1599 766 1665 de
789 1599 926 1664 Matisco
948 1599 997 1663 ita
1019 1598 1106 1684 quod
1130 1598 1207 1663 inde
1229 1599 1367 1665 reddidit
1385 1596 1460 1681 xxxij.

383 1726 506 1767 meroes
535 1712 569 1767 et
599 1704 684 1780 dim„
709 1710 744 1767 et
772 1701 859 1788 petit
888 1702 1041 1767 seisinem
1070 1724 1161 1765 sunm
1189 1709 1229 1765 ut
1254 1702 1295 1765 de
1320 1701 1373 1765 illa
1393 1698 1459 1763 unde

383 1808 562 1872 disseisitus
577 1808 641 1871 fuit
655 1806 939 1893 peruoluntatem
959 1814 994 1871 et
1012 1828 1078 1870 non
1097 1828 1155 1892 per
1174 1805 1338 1871 iudicium.
1378 1803 1461 1868 Datus

383 1920 433 1976 est
447 1911 517 1976 dies
531 1919 592 1977 eto.

447 2014 502 2078 Ad
524 2036 621 2099 quem
646 2012 734 2077 diem
757 2018 921 2076 uenerunt
943 2018 1054 2098 partes
1075 2019 1110 2075 et
1131 2008 1301 2075 iusticiarii
1321 2008 1460 2074 iudeorum

382 2118 541 2183 recordati
570 2118 704 2182 fuerunt
727 2116 826 2181 finem
849 2138 946 2201 quem
975 2116 1062 2180 idem
1092 2115 1254 2179 Raduifus
1283 2116 1394 2179 fecerat
1417 2132 1459 2196 pro

383 2222 494 2287 debito
508 2221 687 2297 iudeorum,
697 2220 750 2283 ito
765 2220 852 2306 quod
867 2210 925 2305 ρετ
938 2219 1106 2284 reeordum
1122 2218 1204 2283 iliud
1225 2219 1337 2285 testati
1356 2218 1461 2281 suemnt

384 2326 471 2413 quod
499 2326 586 2391 idem
615 2325 777 2390 Redulfus
807 2324 950 2389 reddidit
978 2324 1055 2390 inde
1081 2324 1179 2409 xxxij.
1205 2346 1328 2389 marens
1351 2332 1382 2387 et
1403 2320 1460 2383 diin

384 2431 536 2494 Preterea
560 2429 767 2515 protulerunt
792 2428 961 2493 reeordum
983 2427 1234 2492 iusticiariorum
1255 2423 1460 2494 itinerandum,

384 2533 515 2611 scilicet,
531 2532 569 2598 G.
584 2532 625 2597 de
640 2530 804 2597 Boelnnde
818 2541 853 2596 et
868 2531 1025 2612 sociorum
1041 2528 1122 2608 ete’,
1138 2553 1245 2596 eorem
1265 2530 1379 2616 quibus
1394 2525 1460 2591 iden

331 2690 333 2694 .
384 2637 544 2702 Rodulfus
573 2636 752 2702 disseisitus
781 2635 852 2700 fuit.
897 2635 971 2716 Quo
998 2635 1154 2721 inspecto,
1183 2634 1263 2698 satis
1291 2633 1392 2698 uisum
1414 2628 1462 2694 fuit

384 2741 570 2806 iusticiariis
590 2741 676 2827 quod
696 2740 877 2806 disseisitus
899 2739 963 2805 fuit
984 2762 1043 2826 per
1064 2741 1271 2804 uoluntatem
1293 2747 1327 2801 et
1347 2757 1403 2800 non
1420 2753 1464 2819 per

384 2845 550 2922 iudicium,
564 2846 691 2910 desieut
706 2845 924 2910 summonitus
943 2844 1007 2908 fuit
1028 2843 1070 2908 ed
1090 2865 1159 2908 esse
1180 2864 1287 2907 eoram
1308 2835 1463 2910 iusticiariis

384 2948 615 3016 itinerantibus
637 2959 824 3015 ostensurus
847 2970 910 3035 quo
929 2957 1072 3014 waranto
1092 2947 1161 3033 ipse
1184 2947 1249 3010 fuit
1269 2947 1304 3010 in
1323 2955 1401 3010 terro
1415 2940 1464 3014 iliu,

386 3076 446 3119 nee
467 3054 640 3119 inuentum
661 3054 726 3119 fuit
747 3054 783 3118 in
802 3053 932 3118 recordo
953 3053 1040 3139 quod
1059 3052 1128 3138 ipse
1148 3049 1275 3137 aliquid
1289 3049 1330 3115 de
1344 3049 1463 3134 ingreou

386 3181 444 3224 suo
459 3159 674 3245 responderet,
689 3159 753 3223 nisi
775 3157 862 3244 quod
884 3180 943 3244 per
964 3157 1075 3222 uiuam
1097 3178 1211 3221 uocem
1234 3165 1269 3220 et
1291 3177 1348 3241 per
1367 3153 1465 3236 inspec-

386 3262 509 3327 tionem
535 3271 696 3328 cartarum
720 3263 878 3328 dederant
902 3262 966 3348 ipsi
988 3261 1158 3326 iustieinrii
1183 3261 1313 3346 Rogero
1338 3266 1370 3324 et
1392 3257 1463 3321 Saue

386 3366 546 3432 seisinam.
590 3367 634 3431 Et
657 3366 730 3431 ideo
751 3366 990 3431 consideratum
1010 3373 1060 3428 est
1081 3362 1167 3450 quod
1188 3363 1348 3427 Rndulfus
1371 3359 1464 3424 habeat

314 3519 320 3531 .
386 3469 538 3535 seisinam
567 3493 659 3535 suam
688 3493 787 3556 quam
813 3469 924 3535 emisit
949 3491 1008 3555 per
1033 3468 1248 3544 uoluntatem,
1271 3465 1329 3552 let
1357 3458 1465 3528 uetitis

387 3574 553 3660 perquirat
563 3597 597 3639 se
609 3597 723 3638 uersus
731 3597 807 3639 eum
817 3574 845 3639 si
856 3574 1020 3638 noluerint
1025 3571 1043 3649 ⁸,
1056 3581 1090 3636 et
1102 3571 1188 3658 quod
1199 3571 1337 3656 predicti
1347 3571 1465 3655 Rogerus

387 3687 422 3742 et
446 3679 543 3744 Sarra
564 3678 631 3744 sint
654 3678 759 3764 quieti
784 3678 826 3743 do
855 3678 949 3742 firme
977 3676 1040 3742 nisi
1069 3675 1155 3740 idem
1185 3673 1278 3740 Isaeo
1307 3675 1352 3740 eis
1378 3667 1465 3736 feeerit

421 3933 430 3964 ¹
448 3933 520 3984 Omit
536 3934 575 3982 Μ.
591 3933 621 3991 A,
640 3933 671 3982 B.
705 3933 770 3982 This
786 3933 873 3996 Rnlph
893 3932 916 3982 is
966 3931 1029 3982 Esrl
1040 3931 1069 3980 of
1078 3925 1462 3990 Oxfordfflnteshullandonus

390 3998 476 4049 iether
490 3999 519 4048 of
533 3999 578 4048 the
594 3998 670 4048 other
684 3999 772 4062 Bolph
788 3999 847 4048 who
864 4013 916 4048 was
966 3998 1026 4048 Rot.
1035 3997 1073 4046 01.
1081 3997 1132 4046 vol.
1144 3996 1161 4046 i.
1173 3999 1263 4059 usto.
1288 3989 1461 4056 Itmytetho

390 4063 506 4114 Monde’s
515 4063 643 4114 husband.
967 4063 1012 4113 the
1026 4062 1340 4124 refereneeistosneyre
1353 4059 1378 4108 ot
1391 4053 1460 4126 Jotn's

422 4129 434 4160 ²
450 4129 569 4190 Geoffrey
590 4128 619 4178 of
638 4127 773 4180 Bnoklnnd
793 4143 847 4178 uss
868 4129 915 4178 not
967 4127 1048 4190 reign.
1066 4127 1121 4176 The
1128 4126 1294 4190 praeeedings
1301 4123 1458 4184 orthojusnoes

390 4209 486 4253 among
496 4193 653 4256 theJ'ustiees
664 4193 865 4244 commissioned
876 4195 916 4243 for
968 4209 1011 4243 ure
1023 4196 1062 4242 set
1079 4192 1151 4242 auide
1168 4192 1197 4241 in
1214 4191 1283 4241 what
1298 4203 1374 4240 seems
1387 4201 1400 4236 ι
1413 4193 1455 4252 wrj

391 4259 436 4309 the
469 4259 662 4308 Hertfordshire
689 4275 749 4323 eyre
781 4259 810 4308 of
843 4260 914 4318 1218,
968 4271 1101 4320 snmmnry
1120 4272 1185 4320 wey.
1225 4256 1275 4305 For
1294 4267 1358 4304 mors
1378 4251 1402 4300 oi
1418 4245 1453 4295 th&

390 4323 491 4386 though
501 4323 530 4372 in
546 4326 608 4373 1221
624 4326 691 4374 ostiu
706 4325 752 4375 the
766 4325 847 4374 ebore
857 4339 916 4374 esse
967 4326 1062 4373 mutter
1074 4337 1115 4372 see
1123 4321 1203 4372 below
1215 4321 1270 4372 MS.
1284 4321 1301 4370 f.
1312 4319 1362 4368 268.

390 4389 425 4439 he
445 4403 498 4440 uss
520 4394 577 4440 sent
597 4389 668 4439 there
689 4390 767 4452 along
789 4389 852 4440 with
872 4389 916 4440 the
999 4387 1097 4438 ³Corr.
1109 4389 1225 4448 uoluerit,
1240 4387 1268 4436 A.
