3167 5075
523 461 589 512 an.
614 449 708 523 1221,
730 462 795 511 aa
819 451 849 511 5.
1173 445 1237 516 701

196 633 365 700 Juratores
389 633 504 698 dicunt
527 633 613 720 quod
639 656 704 699 non
730 633 909 700 disseisiuit
934 657 1007 701 eam
1029 636 1116 702 siout
1141 636 1241 700 breue

132 737 220 814 dicit,
235 738 313 824 quia
326 737 397 825 ipsa
411 738 531 803 clamat
545 761 646 803 unam
666 739 822 804 bouatam
844 748 928 805 terre
948 763 1063 805 uersus
1078 740 1241 807 Comitem
1254 757 1393 801 inuasuru-

132 841 171 906 de
195 840 334 905 Femriis
355 863 414 927 per
434 840 534 906 breue
556 840 597 907 de
621 850 719 918 recto,
735 849 770 906 et
792 840 834 906 de
856 840 972 906 eadem
992 849 1082 906 terra
1102 842 1241 908 durante
1253 805 1399 894 fficiam

130 944 251 1030 placito
276 944 311 1008 in
338 944 496 1009 comitatu
522 945 630 1010 arauit
656 945 728 1030 ipsa
753 945 836 1010 duos
861 947 1008 1024 sellones
1022 954 1058 1011 et
1083 947 1153 1032 ipse
1177 968 1242 1010 non

130 1047 279 1132 permisit
300 1069 372 1112 eam
394 1056 558 1134 asportare
580 1047 724 1113 bladum.
769 1048 814 1112 Et
835 1048 909 1113 ideo
930 1048 1169 1114 consideratum
1192 1057 1242 1112 est

130 1149 217 1235 quod
233 1150 304 1236 ipsa
317 1150 418 1214 nichil
432 1151 540 1235 capiat
555 1151 711 1236 perhanc
725 1150 859 1216 assisam
873 1159 909 1216 et
923 1151 1014 1216 sitin
1026 1151 1243 1217 misericordia

131 1276 188 1339 pro
204 1253 285 1318 falso
299 1253 438 1318 clamore
453 1261 515 1319 eta
919 1308 924 1320 .

30 1357 96 1420 950.
195 1357 309 1422 Assisa
329 1357 423 1422 uenit
444 1357 649 1443 recognitum
671 1357 699 1422 si
721 1356 880 1422 Ricardus
903 1356 933 1422 le
954 1358 1098 1443 Moynne
1120 1357 1242 1421 iniuste

131 1467 190 1526 ete.
207 1459 384 1526 disseisiuit
404 1460 548 1525 Priorem
570 1459 611 1524 de
634 1459 846 1525 Ohaueumba
866 1459 908 1524 de
931 1459 1031 1524 libero
1053 1467 1242 1524 tenemento

130 1585 188 1628 suo
203 1563 239 1627 in
254 1563 517 1649 Wymundeham
539 1572 613 1650 post
633 1571 694 1628 eto.
741 1563 785 1628 Et
807 1563 967 1630 Ricardus
988 1564 1083 1628 uenit
1105 1571 1140 1628 et
1161 1563 1242 1628 dicit

129 1664 217 1749 quod
232 1664 349 1730 habuit
364 1665 546 1752 ingressum
560 1687 619 1750 per
632 1664 728 1730 Dom.
743 1665 870 1752 Regem
890 1665 922 1730 J.
938 1688 998 1751 per
1016 1665 1242 1731 uioeeomitem

129 1790 227 1833 suum
241 1790 300 1854 per
315 1768 347 1833 S.
360 1767 400 1832 de
413 1768 558 1854 Segraue
573 1777 653 1834 tuno
668 1769 894 1835 uiceeomitem
908 1770 944 1835 in
957 1779 1104 1857 tempore
1118 1793 1243 1857 guerre,

128 1881 163 1937 et
189 1872 266 1938 inde
289 1881 386 1938 uocat
407 1872 547 1937 eundem
571 1872 798 1939 uieecomitem
819 1873 862 1938 ad
884 1882 1065 1939 warantum
1087 1875 1145 1960 qui
1166 1873 1243 1939 inde

128 1971 253 2058 recepit
267 1972 367 2037 breue
383 1972 476 2037 Dom.
493 1972 602 2059 Regis.
647 1973 691 2037 Et
712 1973 745 2038 S.
761 1973 803 2039 de
824 1974 969 2060 Segraue
991 1973 1083 2038 uenit
1106 1982 1142 2038 et
1162 1973 1244 2039 dicit

127 2076 217 2162 quod
253 2077 286 2140 in
324 2083 469 2162 tempore
506 2097 622 2162 guerre
659 2075 723 2141 fuit
752 2075 822 2162 ipse
851 2077 940 2163 apud
969 2077 1178 2143 Leicestriam
1207 2087 1243 2142 et

129 2181 284 2246 Oliuerus
303 2181 343 2245 de
363 2179 531 2244 Buteuilla
551 2179 616 2245 suit
635 2179 682 2244 ibi
703 2203 743 2244 ex
763 2188 856 2266 parte
876 2179 970 2246 Dom.
987 2181 1096 2267 Regis,
1110 2189 1145 2246 et
1164 2190 1244 2246 tune

128 2285 255 2350 dictum
276 2284 340 2348 fuit
362 2285 393 2349 ei
414 2284 502 2370 quod
524 2285 682 2350 Rimrdus
704 2285 735 2349 le
756 2286 877 2371 Moyne
899 2284 1027 2350 dixerat
1047 2286 1142 2351 Dom.
1158 2285 1244 2370 Regi

126 2387 216 2474 quod
245 2387 395 2453 inimicus
424 2411 503 2453 suus
532 2388 655 2453 scilieet
684 2389 784 2474 Hugo
814 2388 856 2453 de
886 2388 1099 2454 Chauoumba
1134 2387 1243 2453 tenuit

127 2491 346 2558 hereditatem
361 2514 454 2557 suam
469 2500 504 2558 et
519 2491 618 2578 peciit
632 2491 727 2557 Dom.
743 2492 869 2579 Regem
884 2498 923 2557 ut
937 2491 1028 2558 illam
1047 2492 1079 2558 ei
1092 2491 1243 2559 redderet

126 2604 161 2659 et
176 2596 274 2661 Dom.
289 2596 361 2659 Rex
381 2603 420 2659 ut
439 2594 569 2659 audiuit
589 2595 680 2659 illam
700 2595 732 2659 ei
750 2595 902 2661 reddidit
947 2596 1066 2662 Postea
1086 2618 1164 2661 uero
1186 2618 1244 2682 per

127 2722 286 2786 magnum
308 2706 438 2784 tempus
460 2699 540 2763 tulit
560 2698 649 2765 idem
671 2699 831 2765 Ricardus
852 2700 884 2765 ei
904 2700 1005 2766 breue
1025 2699 1119 2766 Dom.
1134 2699 1244 2787 Regis,

127 2802 208 2888 quia
236 2802 404 2867 dubitauit
433 2802 520 2888 quod
548 2802 614 2868 alia
642 2802 761 2869 saisina
789 2826 855 2868 non
885 2812 971 2870 esset
1006 2803 1107 2881 firma,
1136 2812 1176 2870 ut
1212 2803 1244 2869 ei

128 2907 282 2973 saisinam
304 2908 433 2983 faceret,
454 2916 504 2972 set
525 2906 595 2993 ipse
618 2906 742 2971 nullam
765 2906 917 2971 seisinam
939 2907 972 2973 ei
993 2906 1081 2986 feeit,
1095 2929 1134 2971 eo
1155 2905 1244 2992 quod
1279 2970 1283 2976 .

128 3012 220 3096 prius
235 3010 326 3075 illam
342 3010 468 3077 habuit.

195 3116 241 3180 Et
278 3115 436 3180 Rieardus
472 3115 533 3180 hoe
570 3114 740 3201 cognoscit.
813 3116 857 3179 Et
892 3116 966 3181 ideo
1004 3116 1242 3181 consideratum

128 3230 178 3285 est
202 3220 289 3305 quod
314 3218 405 3284 Prior
430 3219 550 3284 habeat
577 3219 728 3284 seisinam
755 3242 857 3293 suam,
880 3228 915 3284 et
939 3220 1097 3285 Riuardm
1119 3220 1156 3283 in
1180 3218 1242 3283 mi·

126 3322 302 3389 sericordia
330 3330 388 3387 ete
420 3323 570 3409 eoquod
598 3322 730 3387 uocauit
756 3331 936 3387 warantum
962 3330 998 3387 et
1026 3322 1154 3387 nullum
1183 3322 1242 3387 ha-

127 3429 193 3495 bet.

48 3532 60 3583 Γ
86 3580 91 3590 .
194 3529 309 3595 Assisa
337 3528 430 3593 uenit
458 3529 665 3616 recognitura
694 3528 722 3593 si
751 3528 861 3593 Isolda
884 3528 954 3593 filia
979 3528 1114 3593 Roberti
1137 3536 1244 3594 mater

129 3632 285 3721 Hugonis
307 3631 371 3697 fuit
394 3631 505 3697 seisita
530 3640 590 3697 ete.
617 3633 659 3697 de
686 3654 752 3697 una
780 3632 861 3718 uirg.
889 3640 1074 3697 terrenum
1099 3640 1180 3718 pert.
1206 3632 1242 3697 in

130 3736 392 3822 Hemmiugtoua
421 3734 473 3799 die
503 3742 573 3812 ete,
598 3745 633 3800 et
662 3736 690 3801 si
716 3746 785 3812 eto,
810 3758 910 3821 quam
935 3744 1054 3801 terram
1077 3736 1243 3801 Johannes

129 3842 220 3907 filius
250 3838 381 3905 Ricardi
411 3847 511 3905 tenet.
570 3840 636 3919 Qui
671 3839 763 3905 uenit
793 3847 828 3904 et
857 3840 937 3905 dicit
966 3840 1052 3925 quod
1080 3850 1131 3905 est
1159 3840 1244 3905 infra

131 3954 257 4011 etatem
273 3952 307 4007 et
327 3942 415 4028 quod
434 3950 528 4028 pater
547 3964 625 4007 suus
647 3942 729 4008 obiit
750 3943 882 4007 saisitus
903 3943 943 4007 de
965 3942 1079 4007 eadem
1100 3952 1188 4008 terra
1209 3952 1244 4008 et

130 4048 220 4135 petit
236 4054 360 4111 etatem
374 4068 474 4111 suam.

200 4152 246 4216 Et
262 4151 361 4237 Hugo
381 4149 461 4215 dicit
481 4150 567 4236 quod
587 4150 656 4235 ipse
676 4172 741 4214 non
761 4149 860 4215 debet
882 4150 958 4215 inde
981 4158 1104 4215 etatem
1124 4150 1244 4215 habere

134 4256 216 4342 quin
242 4252 444 4339 respondeat,
468 4254 545 4339 quia
569 4262 665 4339 pater
689 4276 767 4317 suus
793 4276 858 4318 nou
884 4253 966 4319 obiit
988 4253 1119 4319 saisitus
1141 4261 1180 4319 ut
1203 4253 1244 4319 de

134 4359 239 4434 feodo,
264 4356 343 4444 quia
370 4365 517 4443 paraster
546 4379 623 4421 suus
651 4356 741 4421 illam
772 4356 804 4422 ei
832 4357 969 4422 tradidit
997 4358 1040 4422 ad
1068 4358 1244 4423 terminum

136 4463 260 4529 scilicet
275 4462 309 4527 in
325 4460 396 4526 uita
411 4484 469 4525 sua
485 4468 614 4525 tuntum
630 4460 772 4525 utillum
789 4485 887 4547 quam
908 4461 1025 4527 habuit
1044 4462 1079 4527 in
1099 4462 1246 4529 custodia
