3167 5075
362 394 425 457 290
568 404 685 454 111111
707 404 806 464 anos,
828 404 892 453 11.
917 390 1182 464 1239-41111
1207 390 1256 450 24.

360 583 424 647 fuit
446 572 531 647 facta
551 581 587 647 in
608 582 705 667 pleno
727 569 885 646 comitatu
907 588 958 645 set
973 602 1032 668 per
1046 580 1184 645 uillanos
1198 581 1286 644 iacta
1299 579 1368 643 fuit
1382 586 1454 643 ertu

360 686 560 751 comitatum.
605 686 649 749 Et
670 684 743 749 ideo
765 693 955 770 preceptum
978 692 1029 750 est
1050 683 1236 749 uicecomiti
1257 683 1346 769 quod
1360 682 1455 747 uenire

360 790 457 855 faciat
478 813 585 855 coram
607 788 792 854 iusticiariis
813 789 1044 854 itinerantibus
1066 796 1125 853 etc.
1147 788 1201 874 xij.
1218 797 1278 853 etc
1293 787 1454 853 secundun

360 894 447 980 quod
461 894 642 979 predictum
658 901 708 958 est
722 901 757 957 et
772 893 907 957 ueniant
922 892 982 957 tali
995 892 1049 958 die
1064 901 1125 959 etc.

229 998 321 1061 1280.
425 999 574 1065 Jollanus
603 998 644 1063 de
673 997 808 1063 Neuilla
836 997 1054 1061 summonitus
1080 997 1144 1061 fuit
1169 996 1212 1061 ad
1235 994 1455 1061 ostendendum

245 1096 302 1137 ΠΜ*
360 1124 460 1190 quare
482 1102 551 1168 sine
573 1102 708 1168 licencia
729 1101 824 1167 Dom.
840 1102 940 1189 Regis
962 1102 1132 1166 maritauit
1146 1102 1350 1166 Willelmum
1365 1100 1454 1164 filiun

361 1214 395 1272 et
410 1206 561 1272 heredem
577 1207 730 1271 Rannulfi
743 1206 804 1271 filii
819 1206 955 1272 Roberti
970 1207 1027 1292 qui
1041 1208 1076 1271 in
1090 1207 1239 1272 custodia
1252 1207 1355 1293 ipsius
1378 1206 1454 1270 Doni

361 1309 460 1396 Regis
482 1332 551 1374 esse
573 1309 672 1375 debet
694 1332 731 1374 eo
754 1308 840 1395 quod
863 1309 1047 1374 Rannulfus
1065 1320 1185 1374 terram
1200 1332 1293 1374 suam
1308 1309 1415 1374 tenuit
1425 1308 1456 1371 de

360 1415 451 1501 Rege
466 1436 524 1500 per
538 1412 710 1479 seruicium
726 1413 881 1478 seriancie
896 1422 956 1478 etc.
1002 1414 1046 1478 Et
1061 1414 1084 1479 J
1084 1414 1210 1478 ollanus
1225 1414 1318 1478 uenit
1333 1422 1370 1479 et
1391 1412 1455 1477 dicit

361 1517 447 1604 quod
476 1504 640 1604 predictus
666 1516 850 1582 Willelmus
879 1517 1003 1582 nullam
1030 1517 1130 1582 talem
1159 1526 1281 1582 terram
1306 1517 1346 1581 de
1376 1516 1454 1581 Don

361 1620 451 1706 Rege
473 1620 582 1684 tenuit
604 1620 638 1685 in
660 1620 766 1704 capite
789 1619 853 1684 nisi
875 1642 934 1705 per
954 1619 1129 1684 seruicium
1150 1619 1218 1684 tale
1237 1618 1323 1704 quod
1338 1617 1456 1683 deberet

361 1732 488 1811 portare
510 1748 609 1790 unam
632 1724 758 1811 uirgam
781 1746 888 1789 coram
910 1724 1096 1789 iusticiariis
1121 1723 1353 1788 itinerantibus
1381 1720 1455 1808 apud

361 1826 569 1905 Lincolniam,
586 1835 620 1892 et
635 1826 722 1891 unde
737 1827 870 1892 uidetur
889 1828 920 1892 ei
941 1827 1028 1913 quod
1046 1827 1138 1890 11111
1159 1827 1307 1892 custodia
1328 1826 1455 1912 pertinet

360 1930 436 1995 inde
458 1929 500 1995 ud
522 1932 615 1997 Dom.
632 1930 779 2017 Regem¹,
795 1938 830 1994 et
850 1930 932 1995 dicit
954 1930 1040 2017 quod
1062 1931 1142 1995 alias
1164 1930 1385 2015 implacitatus
1405 1929 1456 1993 fuit

361 2056 418 2119 per
433 2033 594 2099 Comitem
610 2033 803 2099 Ricardum'
816 2035 857 2099 de
872 2034 1020 2099 custodia
1040 2035 1098 2099 illa
1118 2035 1282 2100 occasione
1304 2034 1457 2099 cuiusdam

361 2145 445 2203 terre
461 2161 558 2224 quam
572 2138 659 2204 idem
677 2138 861 2203 Rannulfus
872 2138 1015 2203 tenuisse
1026 2138 1142 2204 debuit
1156 2139 1197 2204 de
1212 2139 1326 2205 eodem
1341 2138 1455 2205 Comite

360 2251 395 2307 et
410 2243 458 2307 ita
473 2243 559 2329 quod
574 2243 712 2329 quedam
728 2243 899 2329 inquisicio
913 2244 1000 2308 factu
1014 2244 1078 2308 fuit
1093 2266 1265 2330 perquam
1283 2244 1456 2309 conuictum

360 2348 424 2412 suit
439 2348 525 2434 quod
539 2348 626 2413 idem
643 2348 759 2414 Comes
773 2348 901 2412 nullum
922 2347 974 2412 ius
994 2347 1111 2412 habuit
1132 2348 1167 2412 in
1189 2349 1337 2414 custodia
1355 2349 1416 2423 illa
1428 2356 1457 2411 et

361 2451 462 2515 eciam
477 2452 557 2517 dicit
572 2451 658 2539 quod
673 2452 738 2516 1111
752 2451 922 2539 inquisicio
937 2453 1023 2517 facta
1041 2453 1106 2517 fuit
1127 2452 1215 2518 inter
1235 2454 1329 2519 Dom
1344 2454 1456 2541 Regem

360 2563 395 2620 et
416 2555 523 2641 ipsum
545 2556 711 2621 Jollanum
734 2580 792 2645 per
814 2580 912 2642 quam
934 2558 1121 2622 conuictum
1144 2566 1195 2623 est
1217 2558 1304 2644 quod
1326 2556 1456 2623 custodia

360 2659 417 2724 illa
437 2661 597 2746 pertinuit
619 2661 789 2746 adipsum
812 2661 988 2737 Jollanum,
1003 2669 1038 2725 et
1060 2661 1231 2748 inquisicio
1253 2661 1312 2726 1111
1332 2662 1456 2726 liberata

361 2762 425 2828 fuit
437 2763 643 2840 Cancellario,
655 2771 689 2828 et
704 2764 843 2848 punitae
856 2786 953 2849 super
966 2763 1213 2849 inquisicionem
1228 2764 1327 2841 illam,
1337 2772 1370 2828 et
1378 2762 1454 2827 unde

360 2866 440 2932 dicit
461 2867 548 2952 quod
568 2874 740 2952 postquam
763 2865 911 2930 custodia
932 2865 963 2928 ei
980 2865 1137 2930 remansit
1151 2888 1210 2952 per
1223 2866 1454 2953 inquisicionem

358 2970 450 3035 illam
477 2971 624 3035 custodia
652 2978 687 3035 et
716 2970 925 3057 maritagium
955 2970 1067 3034 statim
1095 2969 1245 3035 uendidit
1272 2968 1454 3037 Cancellario

360 3073 449 3138 Linc'
463 3096 521 3159 pro
535 3097 584 3138 xx.
601 3073 723 3140 marcis.
769 3075 813 3138 Et
828 3073 980 3138 uideatur
994 3073 1067 3139 ideo
1082 3074 1254 3159 inquisicio
1267 3083 1327 3140 etc

425 3178 531 3242 Adam
555 3177 677 3242 Gerard
699 3186 733 3241 et
756 3177 864 3263 plures
886 3177 942 3242 alii
964 3178 1179 3266 recognitores
1194 3179 1293 3243 assiae
1307 3175 1454 3242 11111111

360 3281 476 3347 seisine
499 3303 596 3367 quam
618 3281 725 3346 Adam
748 3282 778 3346 11
802 3281 936 3367 Harpur
955 3290 990 3346 et
1005 3283 1138 3347 Annora
1153 3283 1319 3347 1111111111
1332 3281 1454 3347 ammia-

361 3393 480 3450 uerunt
502 3407 615 3448 uersus
637 3385 794 3466 Thomam
817 3385 857 3450 de
881 3385 1017 3450 Marisco
1040 3393 1075 3450 et
1099 3384 1207 3450 Adam
1233 3386 1264 3450 11
1290 3386 1397 3472 Hoper
1415 3382 1452 3447 de

361 3496 549 3553 tenemento
557 3488 593 3552 in
601 3489 751 3554 Peuerel³
765 3490 941 3576 Lungpont
950 3489 1141 3554 summoniti
1156 3490 1289 3554 fuerunt
1300 3489 1342 3554 ad
1351 3486 1454 3555 certifi-

361 3590 499 3656 candum
514 3592 555 3656 de
570 3601 770 3657 sacramento
784 3592 871 3678 quod
885 3592 961 3657 inde
976 3594 1131 3669 fecerunt,
1151 3601 1186 3656 et
1208 3591 1296 3658 unde
1311 3595 1394 3681 prius
1404 3589 1453 3653 ob

361 3718 452 3761 scure
469 3696 621 3761 dicebant
635 3696 722 3782 quod
736 3697 874 3782 predicti
889 3697 996 3762 Adam
1011 3705 1046 3762 et
1061 3697 1195 3761 Annora
1208 3697 1342 3762 fuerunt
1354 3692 1452 3761 uestiti

361 3808 396 3864 et
407 3799 509 3864 seisiti
524 3799 565 3865 de
580 3807 768 3865 tenemento
782 3799 817 3863 in
829 3800 970 3865 Deuerel
981 3800 1137 3886 capiendo
1152 3801 1283 3886 expleta
1296 3817 1454 3887 perunum

360 3926 481 3968 annum
498 3913 531 3969 et
547 3905 686 3990 amplius
701 3927 758 3990 per
768 3914 921 3990 grantum
935 3915 970 3971 et
981 3906 1185 3971 uoluntatem
1197 3906 1337 3990 predicti
1345 3906 1451 3969 Thome

361 4013 396 4069 et
410 4006 472 4090 ipsi
487 4006 626 4071 Thomas
641 4016 675 4071 et
689 4006 798 4072 Adam
813 4008 844 4072 le
864 4008 977 4094 Hoper
999 4033 1053 4075 eos
1074 4033 1095 4076 a
1115 4010 1262 4095 predicto
1283 4013 1453 4075 tenemento

362 4110 396 4174 ui
425 4110 597 4188 eiecerunt,
619 4110 758 4175 ueniunt
787 4120 822 4176 et
851 4112 965 4179 dicunt
988 4137 1085 4200 super
1107 4124 1342 4180 sacramentum
1368 4129 1450 4177 suum

395 4313 495 4363 IBM'
508 4315 574 4374 Μ’
587 4315 655 4367 87¹³·
970 4318 1069 4368 'Corn
1089 4321 1198 4369 Deuerel
1218 4335 1249 4370 11
1265 4318 1355 4377 belowt
1374 4313 1449 4372 11118·
1532 4294 1534 4385 1

362 4379 484 4494 1111111111
511 4380 539 4428 or
568 4381 702 4440 Gomwffl'
732 4381 776 4432 the
803 4382 888 4444 kinss’8
940 4384 1179 4446 bridsseDeverhill.
1532 4392 1533 4397 ,
