3167 5075
333 396 450 447 consu
473 398 571 460 anun,
593 386 658 447 sn.
684 381 843 461 1237-8,
865 400 929 450 aa
952 387 1003 452 22.
1156 391 1221 455 239

185 568 227 633 Et
243 570 435 635 Godefridus
449 571 623 657 respondet
637 570 679 636 ad
693 571 753 636 hoo
768 571 855 658 quod
869 572 1033 657 predictus
1047 596 1130 640 auus
1144 598 1222 641 suus

124 672 183 737 fuit
196 673 335 739 seofetus
355 674 395 739 de
415 674 562 761 predicta
582 682 668 741 terra
687 674 859 761 sicutipse
873 676 962 755 dicit,
978 686 1013 743 et
1027 677 1114 743 unde
1128 680 1222 765 ponit

123 798 154 841 se
168 799 264 862 super
277 776 425 863 patriam.

99 906 100 911 ¹
181 880 224 945 Et
238 880 317 966 quia
330 879 494 966 predictus
506 879 698 945 Godefrr'dus
713 880 841 946 nullum
852 891 1032 947 warantum
1047 884 1147 950 habet
1160 905 1222 951 nec

121 984 237 1071 aliquid
261 984 405 1049 ostendit
428 984 514 1071 quod
535 984 652 1071 aliquis
676 992 915 1050 antecessorum
935 1009 1064 1052 suorum
1086 989 1221 1055 haberet

121 1086 236 1172 aliquid
250 1088 285 1152 in
303 1088 403 1164 feodo,
418 1096 453 1153 ct
472 1088 656 1153 Willelmus
677 1096 771 1173 pater
789 1087 892 1173 ipsius
912 1089 1078 1155 Godefridi
1095 1091 1220 1157 nullam

121 1188 264 1253 seisinam
279 1190 356 1254 inde
371 1189 487 1255 habuit
501 1190 563 1253 nisi
578 1188 619 1253 de
635 1188 719 1254 dono
734 1190 859 1256 Mathei
875 1191 982 1255 fratris
1001 1191 1053 1256 sui
1072 1193 1221 1258 antenati

120 1290 171 1376 qui
191 1292 316 1359 nullam
338 1292 489 1359 saisinam
510 1292 586 1358 inde
609 1292 734 1371 habuit,
752 1302 786 1358 et
808 1294 866 1380 qui
887 1316 952 1358 non
974 1295 1037 1359 fuit
1058 1296 1100 1361 ad
1122 1296 1219 1362 fidem

119 1398 204 1467 Dom
217 1400 320 1487 Regis
334 1408 384 1466 set
398 1401 433 1465 in
444 1400 591 1487 partibus
602 1400 825 1466 transmarinis
836 1424 909 1466 cum
922 1401 1012 1488 Rege
1024 1403 1220 1470 Francorum

119 1514 185 1587 post
199 1504 233 1569 N
235 1506 437 1570 ormanniam
452 1505 621 1591 perditam,
638 1513 673 1569 et
687 1505 760 1570 ideo
774 1506 902 1579 nullum
918 1516 1097 1573 warantum
1113 1519 1219 1575 osten·

117 1604 169 1681 dit,
183 1606 256 1673 ideo
271 1608 508 1673 consideratum
525 1616 574 1673 est
590 1606 676 1693 quod
691 1607 783 1673 Dom.
800 1608 871 1672 Rex
886 1619 1054 1695 recuperet
1068 1611 1220 1677 seisinem

116 1734 200 1777 suam
223 1722 259 1779 et
283 1713 476 1779 Godefridus
498 1713 533 1778 in
555 1713 778 1793 misericordia
794 1722 829 1779 et
850 1724 1040 1801 preceptum
1062 1727 1112 1781 est
1133 1718 1220 1783 uice-

117 1815 221 1881 comiti
242 1816 332 1903 quod
354 1826 473 1882 terram
496 1817 584 1881 illam
608 1818 715 1901 capiet
737 1816 772 1882 in
794 1840 927 1883 manum
950 1819 1043 1884 Dom.
1064 1821 1164 1907 Regis
1186 1829 1221 1886 et

116 1920 197 1985 illam
212 1922 378 1987 custodiat
392 1923 493 1987 donee
507 1922 600 1987 Dom
617 1923 687 1986 Rex
702 1921 791 1987 eliud
802 1922 878 1987 inde
890 1924 1076 2009 preceperit.
1112 1926 1221 1990 Datus

116 2030 161 2088 est
175 2024 243 2091 dies
259 2025 338 2089 talis
352 2032 411 2089 eto.
428 2047 535 2089 coram
550 2025 643 2090 Dom.
660 2024 750 2110 Rege
766 2032 805 2089 ut
819 2025 951 2089 interim
966 2026 1149 2111 inquiratur
1162 2050 1221 2113 per

114 2129 229 2193 rotulos
252 2137 368 2194 utrum
393 2129 557 2215 predictus
579 2150 662 2194 auus
691 2128 755 2193 fuit
781 2129 919 2194 feodatus
942 2137 1001 2195 etc.
1026 2129 1080 2194 nel
1104 2131 1224 2196 habuit

113 2230 197 2297 illam
218 2232 335 2299 ¹ballio
357 2233 458 2320 Regis
478 2242 617 2311 tentum,
638 2242 673 2299 et
694 2233 757 2298 nisi
779 2256 838 2320 per
858 2235 980 2300 rotulos
1002 2235 1103 2321 possit
1125 2237 1218 2302 Dom

115 2334 178 2399 Rex
193 2336 367 2401 certificari
383 2346 461 2403 tuno
477 2337 612 2403 ueniant
627 2336 680 2424 xij.
696 2346 760 2403 etc.

47 2434 81 2501 25.
172 2441 264 2506 Prior
293 2441 334 2506 de
364 2440 523 2506 Wenelok
551 2443 637 2527 petit
671 2465 783 2509 uersus
816 2444 996 2509 Henricum
1025 2444 1067 2509 de
1097 2446 1218 2524 Berwe,

114 2545 287 2613 Osbertum
302 2548 343 2612 de
359 2547 452 2613 Cruc’
469 2556 503 2612 et
519 2547 629 2633 plures
648 2549 728 2614 alios
748 2549 835 2635 quod
855 2550 976 2616 fociant
995 2551 1026 2616 ei
1046 2560 1217 2616 eonsuetu-

112 2647 198 2714 dines
211 2658 247 2715 et
262 2650 402 2716 seruicia
416 2673 479 2738 que
495 2651 526 2716 ei
541 2653 644 2717 faeere
659 2653 781 2718 debent
796 2661 831 2718 et
845 2655 950 2719 solent
964 2655 1006 2720 de
1022 2657 1218 2722 tenementis

112 2752 172 2817 suis
192 2776 257 2840 que
278 2753 319 2819 de
338 2777 376 2820 eo
397 2761 512 2820 teuent
531 2755 566 2820 in
585 2756 761 2842 uillenagio
782 2756 818 2821 in
840 2757 988 2824 Berewe'
1013 2768 1047 2825 et
1070 2760 1218 2846 pluribus

111 2856 177 2920 aliis
190 2857 290 2934 uillis,
306 2867 341 2923 et
356 2859 442 2923 unde
457 2858 545 2924 idem
561 2859 656 2924 Prior¹
665 2860 745 2925 dicit
755 2859 842 2947 quod
853 2862 923 2947 ipse
934 2872 969 2928 et
979 2863 1217 2949 predecessores

112 2959 158 3023 sui
171 2960 307 3026 fuerunt
321 2983 450 3048 semper
464 2963 499 3028 in
513 2962 632 3029 seisina
645 2964 686 3029 de
706 2965 848 3052 tallagiis
868 2974 902 3031 et
921 2968 1094 3033 merchetis
1113 2991 1216 3055 usque

111 3065 149 3129 ad
170 3089 295 3132 annum
320 3067 421 3154 Regis
445 3066 487 3132 H.
511 3068 571 3134 filii
597 3069 697 3156 Regis
721 3070 751 3135 J.
776 3079 886 3136 ΗΜ.
915 3070 1012 3136 simul
1040 3093 1115 3137 cum
1144 3072 1217 3138 aliis

112 3169 397 3236 consuetudinibus
412 3192 493 3257 quas
506 3170 613 3236 adhuc
627 3173 658 3237 ei
673 3173 806 3238 faciunt.

171 3274 215 3339 Et
233 3274 375 3361 predicti
395 3275 557 3340 Henricus
577 3284 612 3342 et
633 3277 691 3342 alii
713 3278 853 3343 ueniunt
875 3285 910 3344 et
931 3279 1015 3344 bene
1036 3278 1218 3344 defendunt

111 3377 191 3461 quod
226 3379 358 3444 nullum
395 3387 620 3445 tenementum
653 3389 769 3446 tenent
798 3381 839 3446 de
868 3382 1013 3466 predicto
1043 3383 1150 3449 Priore
1179 3385 1215 3449 in

110 3479 281 3569 uillensgio
295 3491 331 3547 et
346 3483 433 3569 quod
447 3505 513 3548 non
533 3483 655 3548 debent
675 3484 706 3558 ei
727 3484 939 3562 merchetum,
956 3507 1016 3550 nec
1035 3485 1214 3572 tallagium‚

109 3606 163 3649 nee
175 3585 247 3671 ipse
264 3585 356 3651 Prior
370 3585 543 3672 aliquando
558 3587 621 3652 fuit
636 3587 670 3652 in
690 3587 810 3654 seisina
828 3589 966 3674 predicti
984 3590 1141 3656 mercheti
1161 3592 1213 3656 uel
1323 3595 1329 3605 '
1353 3646 1354 3649 η

110 3687 231 3776 tullegii
253 3697 305 3754 set
328 3689 428 3754 libere
448 3697 573 3767 tenent,
587 3697 622 3754 et
642 3691 727 3776 quod
747 3691 782 3755 in
804 3691 962 3756 comitatu
982 3701 1158 3778 posuerunt
1180 3716 1215 3758 se

109 3789 179 3856 inde
201 3791 238 3857 in
260 3814 414 3878 magnam
435 3793 574 3860 assisam.
620 3794 664 3859 Et
689 3794 762 3859 ideo
789 3793 1027 3860 consideratum
1052 3803 1103 3860 est
1128 3796 1214 3883 quod

109 3915 224 3982 magna
240 3897 343 3960 assisa
361 3906 528 3961 remaneat
550 3905 585 3962 et
604 3897 717 3962 ueniat
739 3898 847 3962 iurata
866 3920 924 3983 per
937 3897 992 3983 xij.
1009 3906 1079 3963 tam
1093 3899 1214 3966 milites

109 4021 202 4083 quam
225 4001 306 4066 alios
328 4009 389 4067 etc.
413 4001 471 4066 teli
493 4002 546 4067 die
569 4002 626 4089 qui
650 4009 709 4068 etc
732 4002 774 4067 ad
801 4003 1092 4089 recognoscendum
1117 4027 1215 4090 super

109 4110 344 4166 sacramentum
360 4123 456 4166 suum
476 4103 504 4166 si
524 4101 661 4188 predicti
682 4102 828 4166 homines
850 4109 985 4167 teneant
1006 4103 1047 4168 de
1069 4103 1218 4189 predicto

110 4203 214 4270 Priore
229 4205 267 4270 in
281 4204 455 4290 uillenagio
469 4206 523 4271 uel
539 4227 611 4283 non,
626 4214 660 4271 et
675 4205 703 4269 si
717 4204 859 4270 debeant
879 4205 910 4270 ei
930 4206 1063 4293 tallagia
1077 4208 1212 4295 singulis

248 4421 428 4487 ¹Snpplyde.
589 4425 729 4485 ¹Bar-rou,
741 4425 848 4478 closeto
860 4425 938 4476 Much
948 4426 1082 4477 Wenloelr.
