3167 5075
333 396 452 445 oomu
474 395 574 458 resnou,¹
593 396 657 446 an.
683 380 842 459 1237Ὓὸ,
863 398 925 447 aa
950 384 999 447 22
1156 388 1219 451 235

51 572 95 634 er.
186 566 360 633 ¹Henricus
374 568 416 633 de
432 567 567 633 Balliolo
588 576 622 633 et
637 568 822 634 Willelmus
840 566 882 633 do
901 568 1073 636 Lindeseia
1093 579 1129 637 at
1150 572 1220 637 Ma-
1269 582 1346 623 Μ

126 670 219 757 gister
238 672 324 737 Abel
347 679 509 737 uenerunt
531 672 573 737 ad
595 672 689 737 Dom
709 672 835 757 Regem
854 681 890 737 et
908 673 1075 758 petierunt
1091 697 1114 739 a
1126 675 1220 741 Dom.
1269 646 1350 695 ω’

128 776 207 861 Rege
221 775 308 861 quod
319 776 389 861 ipse
405 774 555 841 redderet
569 776 654 863 Regi
670 774 797 843 Scocie¹
811 775 941 841 domino
955 798 1014 842 suo
1028 778 1220 845 comitatum

127 878 355 965 Huntingdone
385 900 460 943 cum
489 887 569 965 pert.
599 879 640 944 de
671 902 735 966 quo
763 879 931 945 Johannes
958 880 1089 947 Comes'
1117 905 1222 970 nuper

125 982 198 1046 obiit
220 982 354 1047 seisitus
377 990 411 1047 et
438 982 498 1047 hac
523 982 650 1047 racione
676 990 715 1048 ut
740 981 863 1059 dicunt,
888 984 966 1070 quia
990 983 1077 1050 idem
1105 985 1221 1052 Comes

124 1085 159 1151 de
174 1108 209 1151 eo
224 1086 335 1151 tenuit
350 1086 540 1151 comitatum
556 1086 659 1164 illum,
674 1094 709 1152 et
723 1087 811 1152 idem
830 1088 946 1155 Comes
965 1088 1045 1154 dum
1059 1089 1124 1156 fuit
1137 1089 1222 1157 inira

124 1198 237 1255 etatem
253 1190 320 1255 fuit
335 1189 369 1253 in
384 1189 531 1255 custodia
545 1189 690 1255 eiusdem
710 1190 811 1277 Regis
830 1190 942 1256 Scoeie
964 1191 1127 1259 occasione
1148 1215 1220 1279 pre·

124 1292 195 1357 dicti
216 1292 393 1357 comitatus
413 1300 447 1357 et
470 1300 590 1377 petunt
611 1292 761 1357 seisinem
785 1291 909 1358 domini
933 1292 985 1359 sui
1010 1295 1051 1361 de
1074 1296 1221 1362 custodia

122 1395 192 1459 licet
205 1396 246 1461 ad
262 1396 325 1461 hoc
340 1396 522 1481 specialiter
536 1418 602 1461 non
616 1396 799 1461 mittantur.
1180 1460 1185 1467 .

180 1498 310 1579 Quilms
328 1499 379 1563 ita
398 1520 588 1583 responsum
609 1506 660 1563 est
681 1520 701 1563 a
720 1497 815 1564 Dom.
837 1498 928 1585 Rege
951 1506 986 1563 et
1007 1499 1139 1565 consilio
1161 1522 1220 1567 suo

123 1603 200 1687 quod
214 1626 280 1669 non
297 1602 395 1668 debet
409 1624 523 1667 nocere
537 1602 630 1667 Dom
646 1602 732 1689 Regi
745 1601 825 1686 quia
838 1603 866 1667 si
877 1602 1041 1689 predictus
1054 1604 1221 1671 lohannes

123 1706 230 1773 &mes
252 1728 400 1794 unquam
421 1706 484 1772 fuit
503 1706 538 1771 in
555 1705 703 1772 custodia
716 1706 819 1792 ipsius
832 1706 934 1793 Regis
948 1707 1067 1784 Scaeie,
1080 1707 1143 1773 hoc
1155 1708 1220 1773 fuit

122 1820 258 1899 tempore
283 1813 428 1879 Huberti
449 1812 490 1879 de
513 1813 623 1899 Burgo
644 1812 781 1879 Comitis
802 1814 927 1880 Kancic
947 1814 1004 1901 qui
1018 1815 1141 1881 amicus
1156 1815 1219 1881 fuit

122 1916 332 1981 etfamiliaris
347 1915 411 2002 ipsi
426 1915 510 2002 Regi
527 1916 654 1983 Scocie⁴
669 1924 703 1981 et
722 1916 780 2005 qui
801 1939 937 2002 regnum
961 1917 1081 2003 Anglie
1103 1917 1219 1984 habuit

121 2020 151 2084 in
165 2044 262 2086 manu
277 2043 346 2098 sua,
358 2028 393 2085 et
407 2020 486 2085 dum
500 2020 569 2106 ipse
584 2021 678 2087 Dom.
690 2020 761 2085 Rex
776 2020 896 2107 Anglie
912 2021 975 2087 luit
989 2021 1218 2101 intractatam,

120 2112 150 2189 et
170 2126 280 2210 pocius
306 2124 440 2190 deberet
466 2124 628 2210 pertinere
653 2124 695 2190 ad
720 2125 816 2190 Dom.
841 2123 966 2212 Regem
991 2124 1138 2189 custodia
1162 2126 1219 2191 ille

120 2248 210 2312 quam
231 2226 275 2293 ad
298 2227 441 2313 aliquem
462 2227 563 2293 alium
584 2228 662 2316 quia
679 2229 754 2293 talis
769 2235 820 2293 est
835 2229 887 2293 lex
902 2228 1021 2314 Anglie
1036 2236 1071 2293 et
1085 2251 1218 2295 consue·

120 2332 192 2397 tudo
213 2333 383 2419 hucusque
406 2333 585 2418 approbate
606 2340 641 2397 et
660 2340 797 2418 optenta
816 2332 852 2397 in
870 2332 993 2419 Anglia
1009 2332 1050 2398 ab
1067 2332 1217 2399 omnibus

120 2446 180 2503 tam
202 2437 381 2503 maioribus
402 2460 500 2524 quam
523 2436 700 2503 minoribus
722 2437 808 2524 quod
827 2460 848 2503 a
866 2420 1217 2524 quibuscumque'quis

119 2543 210 2608 brerit
231 2543 381 2620 leofatus,
396 2542 473 2608 dum
499 2550 608 2608 temen
628 2542 755 2608 aDom.
771 2542 862 2630 Rege
884 2544 1022 2608 feofatus
1043 2543 1087 2608 sit
1108 2542 1216 2629 aliquo

118 2651 255 2732 tempore
271 2667 330 2732 per
350 2653 576 2711 tenementum
591 2646 682 2732 ⁴quod
704 2655 837 2711 tenetur
857 2669 916 2732 per
936 2646 1109 2712 seruicium
1131 2646 1217 2711 mili·

118 2757 188 2826 tare,
208 2747 296 2835 quod
318 2748 412 2813 Dom.
434 2747 505 2812 Rex
528 2747 662 2814 babebit
685 2749 866 2814 custodiam
888 2748 1033 2814 omniurn
1057 2758 1216 2815 terrarum

116 2861 177 2916 tem
199 2853 241 2918 de
264 2853 461 2917 leolamento
484 2851 620 2918 eliorum
643 2874 740 2939 quam
759 2853 763 2938 1
784 2852 825 2916 de
847 2853 1042 2918 feofamento
1063 2854 1214 2940 proprio⁸.

117 2954 370 3041 verumptamen
392 2956 470 3041 quia
491 2978 602 3022 omnes
622 2957 756 3021 heredes
771 2955 874 3041 ipsius
889 2955 1027 3021 Comitis
1040 2957 1106 3021 iam
1120 2956 1215 3042 plene

116 3060 207 3126 etatis
229 3069 316 3138 sunt,
332 3060 427 3126 Dom.
443 3059 514 3125 Rex
535 3061 642 3126 reddit
662 3061 768 3126 eidem
784 3061 869 3148 Regi
884 3062 994 3127 Seocie
1009 3062 1158 3127 seisinam
1174 3061 1215 3128 de

116 3161 202 3228 leodo
223 3187 282 3230 suo
305 3165 355 3230 ita
378 3172 489 3229 tamen
511 3165 598 3251 quod
618 3167 768 3231 omnibus
782 3166 858 3231 inde
873 3165 925 3231 ius
939 3167 1136 3232 habentibus
1149 3167 1215 3232 ius·

116 3265 187 3332 ticia
200 3275 363 3334 teneatur.
408 3268 452 3332 Et
468 3269 528 3334 hoc
543 3269 620 3334 lacit
635 3270 666 3334 ei
685 3270 869 3354 specialiter
888 3270 965 3356 quia
985 3270 1118 3335 heredes
1137 3278 1215 3335 sunt

116 3368 204 3453 plene
226 3372 326 3436 etatis
349 3379 384 3437 et
405 3393 470 3436 non
487 3371 614 3438 racione
630 3372 773 3458 predicte
787 3373 905 3438 seisine
920 3395 1019 3459 quam
1033 3373 1128 3437 Dom.
1143 3373 1214 3437 Rex

116 3474 210 3540 habet
225 3497 284 3561 pro
299 3475 399 3552 nulla,
415 3475 515 3540 saluis
529 3484 640 3540 tamen
655 3476 717 3561 ipsi
732 3475 826 3540 Dom.
842 3476 926 3562 Regi
941 3476 1060 3562 Anglie
1075 3484 1215 3561 quatuor

115 3576 262 3642 maneriis
282 3601 346 3664 que
370 3578 503 3643 fuerunt
526 3578 561 3642 in
583 3585 681 3643 manu
703 3577 806 3662 ipsius
828 3578 966 3645 Comitis
987 3585 1022 3643 et
1044 3601 1107 3665 que
1126 3578 1215 3644 idem

116 3679 227 3745 Comes
242 3682 351 3746 tenuit
366 3681 407 3745 de
423 3681 515 3746 Dom.
533 3681 623 3767 Rege
637 3681 673 3746 in
688 3681 802 3765 capite.

52 3772 84 3840 22
175 3783 349 3849 'Ricardus
378 3783 520 3850 Rullond
550 3785 635 3870 petit
664 3807 777 3850 uersus
807 3785 913 3849 Adam
943 3785 1087 3850 Rullond
1116 3807 1214 3850 unam
1321 3812 1352 3843 ru.

145 3901 154 3932 ¹
170 3903 199 3952 A.
212 3917 250 3952 m.
263 3905 286 3955 4.
687 3903 818 3967 usrdship
835 3919 919 3954 seems
936 3905 1014 3954 based
1032 3919 1066 3954 on
1083 3903 1137 3954 this
1155 3905 1214 3956 that

146 3965 157 3998 ²
172 3969 315 4018 Alexander
326 3968 371 4018 tha
383 3968 492 4020 Second.
689 3969 772 4018 David
787 3969 848 4019 held
864 3971 892 4019 of
908 3970 1022 4018 William
1034 3968 1086 4020 and
1097 3971 1213 4020 William

146 4033 243 4082 ⁸John
261 4033 304 4082 tho
321 4035 389 4093 Scot,
408 4033 471 4082 Earl
488 4033 517 4082 ol
532 4033 638 4084 Ohestor
688 4035 717 4083 of
731 4035 774 4084 the
786 4035 855 4094 King
866 4035 894 4083 ol
908 4034 1040 4095 England.
1073 4035 1109 4084 As
1124 4040 1151 4084 to
1168 4035 1214 4086 the

118 4096 165 4144 and
187 4099 216 4146 ol*
237 4097 412 4160 Huntingdon
434 4099 457 4148 is
484 4098 538 4160 just
560 4099 637 4160 dead;
689 4100 796 4148 Cbester
825 4099 986 4150 inheritanoe
1018 4115 1091 4150 more
1123 4101 1213 4162 below,

118 4162 238 4222 poisoned
254 4163 286 4224 by
297 4163 338 4212 his
354 4163 419 4223 wife,
433 4178 504 4213 some
520 4179 573 4227 say,
585 4165 637 4213 and
689 4165 766 4212 Cosas
785 4166 857 4222 1227,
876 4166 946 4215 1273.

118 4227 162 4274 bas
183 4228 231 4276 lalt
249 4243 284 4276 no
299 4229 377 4277 issue.
412 4229 453 4277 He
470 4243 522 4276 was
541 4244 589 4278 son
611 4230 640 4278 ol
720 4229 848 4277 ⁴Hubert
866 4228 975 4278 married
995 4229 1123 4292 Margaret
1138 4229 1214 4280 sister

118 4291 197 4340 David
208 4293 274 4340 Earl
285 4294 312 4342 ol
325 4292 506 4355 Huntingdon‚
519 4293 576 4343 who
587 4309 638 4344 was
688 4295 716 4343 ol
731 4293 885 4342 Alexander.

119 4355 218 4405 brother
229 4357 260 4406 ol
268 4357 379 4407 william
391 4358 457 4419 King
468 4361 495 4406 ol
507 4359 638 4408 scotland.
720 4358 731 4388 ⁵
748 4357 813 4406 Thia
824 4359 847 4406 is
859 4358 926 4407 Fita.
938 4359 1109 4421 Proropotr've,
1122 4359 1163 4409 26.

119 4421 169 4470 Tbe
180 4423 259 4471 claim
272 4423 427 4484 oltbeKing
438 4425 466 4472 ol
477 4423 638 4474 Scotlnndtc
720 4423 891 4472 ⁶A.m.4d.
