3167 5075
408 390 558 451 rammi,
580 389 645 439 an.
670 377 764 450 1220,
786 389 850 439 nn
873 376 901 437 4.
1142 374 1206 437 335

178 559 216 624 Et
237 558 415 624 Willelmus
437 568 552 645 petens
576 558 723 627 defendit
748 557 837 644 quod
862 557 1027 645 predictus
1050 556 1208 623 Ricardns

122 682 268 747 nunquam
289 661 381 727 dedit
403 661 466 748 ipsi
488 662 633 727 Waltero
654 670 774 727 terram
797 662 887 727 illam
909 684 969 726 nec
991 660 1069 727 dare
1090 662 1209 747 potuit,

121 766 186 851 quia
199 765 279 831 idem
301 767 460 831 Ricardus
480 790 647 853 nunquam
667 766 821 833 saisinam
842 766 960 833 hebuit
982 765 1023 831 de
1046 774 1133 831 terra
1152 766 1210 845 illa

121 870 187 954 quia
198 869 263 956 ipsa
277 870 350 935 Eua
364 870 445 936 obiit
461 872 538 937 inde
552 871 664 937 scisita
683 879 722 937 ut
742 871 783 937 de
804 871 977 957 maritagio
999 892 1067 948 suo,
1081 877 1116 934 et
1137 869 1210 956 ipsa

64 979 67 983 ’
120 972 261 1049 dchmcta
283 973 449 1059 predictus
475 974 640 1039 Walterus
665 975 774 1060 posuit
798 996 833 1039 se
858 974 894 1038 in
919 981 1040 1038 terram
1061 972 1152 1037 illam
1174 982 1209 1037 et

119 1074 222 1141 iniuste
240 1085 272 1141 et
297 1076 333 1141 ui
356 1077 499 1143 detinuit
521 1087 555 1143 et
575 1078 702 1143 detinet
723 1086 757 1143 et
780 1078 842 1142 hoc
861 1078 955 1143 offert
970 1077 1105 1164 probare
1124 1076 1209 1142 siout

119 1179 194 1243 curia
215 1179 463 1245 considerauerit
490 1189 525 1246 et
550 1180 644 1267 ponit
669 1203 704 1245 se
732 1202 832 1267 super
859 1180 999 1267 patriam
1024 1180 1111 1267 quod
1137 1180 1210 1245 Eua

118 1281 185 1347 obiit
198 1282 269 1348 inde
284 1283 403 1349 seisita

170 1387 210 1451 Et
223 1387 407 1453 Willelmus
421 1395 537 1453 tenena
550 1386 698 1453 defendit
712 1387 799 1473 quod
813 1409 879 1450 non
900 1385 981 1451 obiit
1000 1385 1078 1451 inde
1097 1385 1211 1451 seisita

116 1498 143 1555 et
156 1491 240 1557 offert
254 1514 374 1579 ponere
389 1514 423 1557 se
438 1492 514 1557 inde
528 1514 626 1579 super
639 1490 780 1577 patriam
796 1498 831 1555 et
844 1490 996 1555 similiter
1010 1490 1051 1556 de
1065 1490 1136 1555 iure
1142 1489 1159 1557 ¹.

172 1594 358 1661 Concordati
372 1604 450 1661 sunt
465 1618 523 1682 per
536 1596 707 1661 licenciam
723 1603 782 1660 etc

63 1700 89 1765 tl.
169 1696 293 1765 'Petms
308 1699 1076 1786 lambertattachiatusfuitedrespondendum
1086 1699 1209 1765 Mabile
1287 1712 1326 1742 ⁰¹·

117 1802 194 1866 uxori
206 1804 385 1890 Wymundi
405 1805 446 1870 de
466 1802 595 1869 Lenna⁸
615 1826 715 1891 quare
737 1811 851 1868 contra
871 1803 1125 1890 prohibicionem
1147 1811 1207 1869 etc.

114 1912 227 1969 secutus
241 1906 304 1971 fuit
318 1905 478 1992 placitum
494 1905 635 1971 incuria
654 1903 880 1971 cristianitatis
899 1906 941 1971 de
960 1904 1087 1970 catallis
1105 1904 1209 1991 ipsius

115 2006 230 2074 habilia
250 2018 284 2075 et
307 2010 373 2076 uiri
398 2010 450 2075 sui
473 2033 536 2097 que
559 2032 624 2075 non
643 2018 721 2075 sunt
744 2010 785 2073 de
808 2016 1005 2073 testamento
1027 2016 1098 2087 etc,
1120 2008 1208 2073 unde

113 2236 180 2299 quas
211 2218 312 2305 exigit
344 2218 385 2283 de
414 2226 560 2303 tempore
589 2239 711 2303 gwerre
741 2217 865 2281 scilicet
895 2240 933 2281 eo
968 2224 1114 2302 tempore
1142 2238 1208 2302 quo

113 2318 293 2388 Lodouicus⁴
307 2322 373 2388 fuit
388 2322 424 2387 in
438 2322 567 2409 Anglia‚
582 2331 617 2387 et
631 2321 709 2387 inde
723 2321 875 2407 producit
889 2330 1012 2387 sectam
1028 2330 1087 2387 etc

166 2424 205 2491 Et
219 2426 337 2492 Petrus
353 2426 446 2491 uenit
461 2433 495 2491 et
510 2425 656 2491 defendit
672 2434 784 2491 contra
806 2448 879 2490 eam
899 2431 934 2489 et
954 2432 1067 2489 contra
1085 2430 1208 2489 sectam

111 2549 189 2594 suam
200 2532 285 2617 quod
296 2554 466 2618 nunquam
477 2540 551 2618 post
566 2530 821 2619 prohibicionem
836 2530 867 2596 ei
878 2530 998 2595 factam
1012 2537 1144 2594 secutus
1157 2537 1208 2594 est

111 2631 250 2715 placitum
264 2636 300 2702 in
316 2635 408 2700 curia
427 2635 652 2713 cristianitatis
671 2633 712 2700 de
733 2632 888 2720 predictis
907 2632 1050 2698 denariis
1067 2641 1102 2698 et
1121 2632 1208 2719 petit

110 2733 250 2802 iudicium
279 2739 308 2804 si
339 2739 371 2804 ei
400 2739 519 2804 debeat
547 2737 739 2824 respondere
768 2736 838 2801 sine
864 2735 936 2800 uiro
959 2758 1028 2815 suo,
1051 2744 1101 2801 set
1126 2736 1207 2802 dicit

110 2857 208 2907 reuera
228 2843 317 2930 quod
344 2842 445 2908 traxit
470 2841 579 2906 uirum
602 2864 699 2906 suum
723 2841 758 2906 in
781 2840 940 2928 placitum
962 2840 998 2905 in
1019 2841 1110 2906 curia
1131 2841 1207 2906 oris·

110 2941 255 3010 tianitatis
277 2947 320 3012 de
342 2945 407 3010 fide
428 2944 495 3010 lesa
514 2967 573 3030 pro
592 2942 762 3030 predictis⁵
781 2943 898 3008 marcis
919 2951 954 3008 et
976 2945 1063 3030 quod
1077 2952 1206 3010 senten·
1244 3022 1248 3030 ⁸
1328 2987 1332 2995 ·

110 3045 216 3114 rictum
237 3051 302 3116 fuit
326 3050 363 3114 in
385 3049 499 3114 eadem
521 3047 612 3112 curia
633 3057 745 3113 contra
766 3069 909 3124 camec
934 3048 1021 3133 quod
1046 3048 1118 3134 ipsa
1142 3048 1206 3114 fuit

110 3162 259 3222 attornata
270 3156 341 3221 uiri
359 3155 420 3234 sui,
436 3163 470 3220 et
491 3154 569 3240 quia
589 3153 661 3240 ipsa
681 3153 787 3218 noluit
810 3175 923 3239 parcre
946 3152 1067 3219 iudicio
1089 3152 1206 3218 iudicis

110 3256 235 3346 delegati
250 3259 534 3326 excommunicata
547 3258 620 3336 fuit,
635 3265 669 3323 et
685 3258 745 3324 hoc
759 3265 869 3322 totum
883 3259 1007 3322 factum
1021 3257 1085 3322 fuit
1100 3256 1204 3342 prins-

109 3381 193 3445 quam
207 3363 344 3430 haberet
365 3363 619 3448 prohibicionem
640 3363 734 3428 Dom.
750 3361 858 3449 Regis
904 3361 948 3426 Et
962 3361 1042 3446 quia
1055 3361 1126 3446 ipsa
1140 3384 1205 3426 non

109 3475 202 3547 poten
225 3467 416 3554 responderi
441 3467 511 3533 sine
542 3467 612 3532 uiro
638 3489 705 3546 suo,
730 3466 933 3553 prohibitum
959 3472 1009 3530 cst
1039 3465 1136 3530 Petro
1164 3488 1206 3530 no

108 3570 232 3655 amplius
252 3579 413 3659 sequatur
432 3570 591 3658 placitum
612 3569 703 3648 illud,
719 3577 753 3635 et
775 3569 849 3635 ideo
869 3569 942 3655 ipsa
962 3568 1039 3634 inde
1060 3569 1131 3634 sine
1152 3569 1206 3634 die

109 3683 157 3738 etc
174 3673 179 3761 Ι

66 3818 79 3840 s
161 3777 342 3848 'Johannes
357 3779 399 3846 de
415 3781 539 3846 Breusa
553 3779 638 3866 petit
653 3801 767 3844 uersus
781 3777 1001 3865 Reginaldum
1021 3777 1063 3842 de
1083 3777 1207 3844 Breusa
1316 3860 1336 3890 a

108 3889 233 3948 cestrum
256 3883 298 3950 de
324 3883 481 3949 Brembre
502 3905 577 3948 oum
596 3891 677 3969 pert.
694 3890 732 3947 ut
753 3881 805 3946 ius
824 3889 859 3947 et
874 3881 1090 3947 hereditatem
1103 3904 1206 3959 suam,

134 4089 404 4157 ¹Heirrsadytogo
419 4091 626 4152 tothecountry
676 4087 917 4140 whocsmetoaid
934 4087 979 4138 the
994 4085 1206 4151 baronsagamst

107 4167 131 4204 as
141 4159 165 4206 to
178 4157 251 4209 Era’s
263 4159 348 4209 seisin
359 4173 389 4208 or
400 4171 430 4208 as
443 4161 471 4207 to
486 4155 531 4208 the
544 4155 626 4206 whole
677 4155 758 4205 John.

107 4223 213 4280 question
225 4224 255 4273 of
262 4223 345 4286 right.
709 4218 838 4283 'supply
849 4217 1053 4282 postcomm.
1200 4263 1204 4270 ,

134 4283 414 4349 'ammana
711 4283 1206 4343 ⁶A.m.a;B.m.1d.F0ran

133 4349 144 4384 ⁸
160 4353 284 4405 Wimandi
295 4355 374 4413 Bolk,
386 4353 418 4402 B.
677 4349 770 4401 earlier
780 4354 853 4412 stega
863 4348 892 4398 or
905 4347 961 4398 this
974 4347 1062 4398 action
1073 4363 1114 4399 ree
1125 4348 1207 4399 above

134 4416 626 4481 *mamorthekingormmee
678 4413 1035 4466 GasetdsndBr.s.424b.
