3167 5075
393 407 536 468 arcear,
558 407 622 457 an.
648 394 739 470 1226,
762 408 827 458 aa.
851 396 899 458 10.
1138 395 1200 458 563

103 580 142 646 sit
156 581 246 646 heres
263 579 431 656 Willelmi¹
448 581 624 666 patrissui
655 581 716 648 Set
729 581 897 648 sciendum
912 581 999 668 quod
1013 582 1198 668 aliquando¹

102 686 179 750 dixit
192 685 279 752 idem
295 684 448 752 Matheus
463 685 549 772 quod
559 685 647 752 idem
659 685 817 752 Ricardus
828 687 944 752 habuit
955 710 1057 752 unum
1069 689 1200 753 fratrem

101 790 346 878 primogenitum
361 790 419 876 qui
433 790 497 854 fuit
512 790 605 856 heres
620 791 776 856 Willelmi
791 790 893 877 patris
913 792 965 857 eui
979 791 1029 856 ita
1042 794 1129 878 quod
1143 816 1201 880 per

101 893 381 986 consideracionem
405 894 493 958 curie
514 893 731 959 summonitus
750 894 845 960 uenit
864 903 900 960 et
913 896 1067 982 cognouit
1081 920 1116 963 se
1131 919 1199 964 ease

100 998 282 1064 bastardum
297 998 381 1064 sicut
395 999 578 1086 predictum
595 1008 652 1064 est.
1235 1087 1238 1092 ,

44 1107 67 1170 3.
159 1102 335 1170 'aedulfus
364 1104 405 1169 de
435 1104 615 1170 Centuarie
643 1113 759 1191 captus
788 1127 862 1169 cum
892 1127 957 1170 uno
993 1106 1200 1173 linthiamine
1243 1127 1331 1168 comm

99 1209 186 1274 uenit
200 1218 236 1275 et
247 1210 328 1276 dicit
343 1208 429 1295 quod
443 1231 539 1274 suum
554 1217 604 1274 est
620 1218 654 1274 et
669 1210 755 1296 quod
770 1210 853 1275 illud
867 1211 948 1275 emit
962 1211 1128 1276 Londonie
1143 1233 1201 1296 pro

98 1313 158 1400 xvj.
179 1313 251 1382 dan
298 1313 342 1378 Et
363 1313 511 1378 Andreas
531 1312 572 1376 dc
594 1312 816 1378 Garschurche
836 1312 929 1378 uenit
952 1321 987 1378 et
1010 1313 1091 1378 dicit
1114 1312 1201 1398 quod

98 1440 189 1482 suum
213 1425 263 1482 est
287 1425 322 1482 et
341 1415 424 1482 illud
443 1415 529 1502 petit
549 1423 589 1480 ut
603 1416 757 1492 furatum,
773 1424 808 1480 et
822 1415 899 1480 inde
914 1415 1064 1502 producit
1078 1425 1200 1482 sectam

98 1519 315 1584 sufficientem
347 1519 391 1583 Et
406 1519 483 1605 quia
497 1518 692 1583 linthiamen
705 1518 800 1604 parui
815 1518 915 1605 precii
929 1527 979 1583 est
994 1519 1200 1599 deliberetur,

98 1635 129 1690 et
142 1624 298 1690 reddatur
318 1623 518 1690 lintheemen
541 1623 647 1688 eidem
670 1622 809 1698 Andree,
824 1632 860 1687 et
882 1623 1043 1688 Radulfus
1064 1633 1201 1689 ereata

98 1726 198 1812 petria
211 1735 273 1791 etc.

44 1839 64 1902 t
157 1829 322 1908 Henricus
341 1829 372 1894 le
391 1830 482 1914 Ireys
501 1835 615 1914 captus
633 1850 707 1893 cum
725 1829 749 1894 J
751 1828 879 1894 ohanne
899 1829 1108 1894 Plantesolie⁴
1127 1852 1200 1916 pro·
1245 1847 1334 1888 corona

96 1934 203 2002 batere
226 1933 285 2021 qui
306 1955 383 1998 eum
404 1931 593 2020 appellauit,
615 1954 681 1998 non
703 1941 753 1998 est
778 1932 814 1998 in
835 1931 988 2010 decenne,
1013 1956 1073 1998 nec
1099 1932 1199 1998 habet

95 2039 262 2104 dominum
282 2025 339 2124 qui
359 2060 434 2103 eum
456 2036 602 2114 eduocet,
616 2059 677 2100 nec
698 2036 809 2122 aliquo
830 2035 925 2101 modo
946 2037 1041 2102 offert
1062 2059 1200 2124 purgare

94 2166 136 2220 ae,
149 2151 185 2208 et
199 2142 276 2208 ideo
289 2141 510 2228 suspendatur
523 2147 584 2206 etc.

44 2247 64 2308 5.
156 2245 282 2312 Editha
295 2245 336 2310 de
353 2243 535 2330 Salopesira
548 2250 645 2330 capte
659 2265 733 2310 cum
749 2243 890 2329 quadam
904 2243 998 2329 pecie
1007 2245 1049 2310 de
1059 2267 1201 2312 canauaa
1243 2266 1331 2306 cnm

94 2349 293 2416 deliberetur
315 2371 354 2414 eo
376 2349 462 2435 quod
483 2371 600 2434 parum
621 2349 720 2416 ualet.
764 2349 884 2414 Postea
910 2355 1010 2434 capta
1037 2359 1090 2416 eat
1115 2351 1201 2415 Lon·

92 2453 186 2520 donis
200 2476 280 2520 cum
295 2453 434 2541 quadam
449 2452 548 2518 bursa
562 2475 660 2539 quam
675 2453 814 2518 sciderat
828 2476 903 2520 cum
919 2453 1025 2518 tribus
1039 2454 1094 2520 sol.
1109 2462 1145 2520 et
1159 2455 1202 2543 vj.

92 2558 160 2625 den
176 2560 269 2626 unde
283 2559 420 2623 inuenta
431 2557 495 2623 fuit
506 2558 625 2635 saisita,
637 2565 671 2623 et
682 2558 753 2643 ipse
767 2581 833 2623 non
847 2565 956 2644 potest
971 2559 1032 2625 boc
1045 2559 1202 2626 dedicere.

93 2661 134 2725 Et
148 2662 222 2727 ideo
238 2660 373 2727 amittat
386 2660 536 2746 pollicem
550 2658 722 2725 dexterum
737 2660 816 2727 etc.⁸

45 2768 60 2831 3.
153 2767 372 2852 ⁸Preceptum
393 2765 458 2830 fuit
480 2764 664 2831 uicecomiti
684 2766 771 2851 quod
789 2765 926 2831 haberet
941 2789 1059 2853 corpus
1073 2768 1145 2833 Eue
1159 2768 1201 2834 de
1253 2786 1328 2825 aaut

95 2870 240 2937 Crotona
264 2872 306 2937 ad
331 2870 591 2959 respondendum
618 2870 754 2957 Hugoni
779 2870 820 2935 de
844 2872 1021 2938 Wichtona
1045 2881 1080 2937 et
1105 2874 1201 2939 Sarra

93 2976 182 3041 uxori
197 2976 273 3041 eiua
293 2997 392 3062 quare
414 2974 553 3060 impedit
575 2996 629 3039 eos
651 2982 838 3059 presentare
860 2974 1009 3041 idoneam
1031 2998 1200 3062 personam

92 3081 131 3147 ad
145 3081 318 3147 aeclesiam
332 3080 373 3145 de
389 3080 530 3147 cretona
550 3079 642 3145 cuius
661 3078 796 3145 ecclesie
816 3080 1093 3164 presentacionem
1112 3080 1200 3145 idem

93 3184 191 3273 Hugo
214 3193 253 3250 et
274 3184 372 3251 Sarra
391 3184 426 3249 in
449 3184 563 3249 eadem
582 3190 644 3247 ata
660 3191 935 3267 remiperauerunt
956 3206 1068 3250 uersus
1090 3184 1200 3249 Ricar-

93 3287 168 3355 dum
188 3290 232 3355 de
255 3289 372 3356 Clolres
394 3288 463 3355 aine
486 3288 602 3353 clarnio
625 3287 712 3373 quod
735 3286 850 3353 eedem
873 3287 946 3353 Eua
965 3297 1144 3373 apponeret
1165 3289 1200 3353 in

93 3394 204 3476 eadem
219 3393 465 3481 presentacione
480 3400 540 3459 etc.

155 3499 199 3565 Et
216 3498 292 3563 Eua
306 3496 399 3561 uenit
414 3504 449 3561 et
463 3494 544 3562 dicit
564 3494 650 3582 quod
670 3496 756 3561 iuste
778 3495 917 3581 impedit
937 3496 1015 3581 quia
1035 3505 1086 3562 est
1107 3497 1200 3565 hares

95 3600 252 3669 Willelmi
282 3600 323 3666 de
354 3600 495 3667 Oretana
524 3600 582 3686 qui
610 3600 727 3665 ultimo
753 3601 956 3685 presentauit
981 3602 1132 3667 clericum
1157 3602 1200 3667 ad

95 3706 230 3771 eandem
259 3702 436 3782 eeclesiam,
460 3712 494 3769 et
516 3703 587 3789 ipsa
611 3704 707 3769 Sarra
730 3703 852 3771 iniuste
876 3705 953 3769 fecit
978 3726 1013 3769 se
1038 3704 1139 3770 filiam
1164 3716 1200 3771 et

92 3807 247 3875 heredem
262 3807 364 3893 ipsius
378 3806 545 3873 Willelmi.
588 3806 633 3870 Et
647 3806 777 3891 quesita
796 3808 869 3894 quis
889 3806 1016 3873 teneat'
1031 3815 1150 3873 terram
1164 3808 1200 3872 in

94 3932 156 3995 qua
176 3910 244 3975 sita
262 3916 314 3974 est
330 3908 468 3973 ecclesia
483 3908 540 3972 illa
553 3915 588 3972 et
602 3907 645 3973 ad
660 3930 759 3993 quam
774 3916 895 3973 terram
909 3909 1044 3975 ecclesia
1057 3909 1114 3978 illa
1128 3932 1200 3997 per-

123 4048 199 4098 1Ηο.
210 4049 235 4099 1.
671 4044 877 4097 orthereaboats
885 4046 1200 4111 notastbiapuniabmant

122 4113 279 4164 ²SaaGasa
292 4112 347 4164 121.
671 4111 700 4160 in
712 4110 757 4161 the
767 4111 879 4174 margin.
913 4112 969 4163 Tha
984 4113 1075 4176 judgaa
1086 4128 1156 4163 acam
1171 4118 1200 4165 to

123 4178 134 4211 ⁸
149 4179 179 4232 B.
194 4193 231 4229 m.
248 4178 280 4229 17
288 4176 313 4228 d.
672 4176 738 4226 hara
755 4176 809 4227 had
825 4191 841 4226 a
857 4176 1034 4228 considerable
1050 4178 1199 4229 discretion-

123 4244 201 4294 ⁴Sea
230 4242 298 4292 Gaas
326 4242 397 4295 1692.
441 4242 550 4292 Observa
578 4240 622 4291 tha
674 4242 854 4303 arypowerin
870 4241 960 4293 choica
976 4243 1004 4292 ot
1019 4243 1200 4307 punishment.

94 4308 111 4357 h
164 4308 170 4321 ‘
232 4308 262 4359 ot
282 4322 332 4357 ona
353 4307 412 4359 who
434 4308 486 4359 will
505 4310 555 4359 ,not
575 4310 624 4370 put
675 4305 800 4357 Saatlasa
811 4309 885 4359 172³.

114 4374 120 4385 '
209 4371 429 4435 onhiaocantry.
707 4369 763 4423 οΒ.
777 4386 814 4420 m.
826 4374 866 4424 19.

126 4438 263 4493 ‘anana
275 4438 304 4488 ol
319 4436 363 4488 tha
379 4436 497 4487 lllteentlr
515 4441 625 4500 century
706 4436 718 4471 l
738 4444 821 4487 teneat
830 4438 957 4500 repeated.

1005 4530 1114 4595 36-2
