3167 5075
423 426 574 489 uniunt,
596 426 662 477 un.
686 405 780 485 1220,
804 423 868 473 un
891 410 921 475 4.
1162 394 1226 471 333

132 598 261 663 habendi
275 607 405 675 cartam,
421 606 455 663 et
470 598 510 664 ad
527 598 614 663 diem
629 596 722 663 illum
737 620 798 663 neo
813 596 921 662 uoluit
940 605 1063 662 cartam
1083 619 1176 661 suam
1197 596 1229 661 ei

132 702 223 767 faeere
237 724 295 767 neo
309 702 456 767 denarios
470 724 544 766 suos
558 700 709 787 recipere,
725 709 758 766 et
774 700 851 766 inde
866 700 1015 787 pioduoit
1029 708 1151 765 sectam
1167 707 1228 764 eto.

131 805 169 868 Et
189 804 358 891 Philippus
380 804 526 871 defendit
548 804 636 889 quod
657 826 826 889 nunquam
848 803 938 868 illam
960 803 991 868 ei
1005 802 1156 867 uendidit
1170 824 1230 866 neo

68 972 70 977 ,
131 908 197 995 xxij.
208 932 229 974 a
241 909 363 995 recepit
373 918 406 973 et
417 910 478 974 hoo
493 908 586 973 offert
600 907 735 993 probare
751 914 848 993 prout
863 906 953 971 ouria
967 905 1228 971 considerauerit'.

188 1011 429 1078 consideratum
459 1021 509 1077 est
538 1012 625 1097 quod
662 1010 787 1076 desiout
825 1009 905 1074 Milo
942 1009 1106 1096 cognoscit
1142 1009 1229 1094 quod

130 1115 286 1202 Philippus
310 1116 515 1204 recuperauit
539 1116 690 1181 seisinam
713 1138 772 1201 per
795 1114 928 1179 assisam
951 1136 1036 1177 noue
1062 1112 1229 1201 disseisine

132 1226 184 1283 eto.
198 1228 229 1283 et
243 1220 345 1284 nichil
360 1220 503 1284 ostendit
518 1220 559 1285 de
574 1218 790 1284 conuentione
806 1218 893 1281 lanta
906 1217 994 1282 inter
1013 1240 1068 1281 eos
1088 1216 1152 1280 nisi
1173 1238 1233 1301 per

131 1322 298 1408 simplicem
322 1322 484 1409 loquelam
507 1344 609 1400 suam,
633 1322 719 1407 quod
743 1320 914 1407 Philippus
936 1319 1057 1384 habeat
1079 1318 1230 1384 saisinam

131 1448 212 1491 suam
239 1436 311 1505 eto,
340 1435 374 1491 et
404 1426 484 1491 Milo
513 1425 633 1491 habeat
663 1425 729 1489 tale
758 1447 947 1510 recuperate
979 1423 1075 1509 quale
1111 1423 1231 1488 habere

131 1530 236 1597 debeat
256 1533 311 1597 uel
332 1532 367 1596 in
388 1540 475 1597 terra
494 1532 548 1596 uel
568 1531 603 1595 in
623 1529 763 1596 donanis
784 1538 819 1594 et
833 1528 877 1593 sit
892 1528 927 1593 in
942 1528 1160 1594 misericordia
1173 1550 1231 1614 pro

130 1632 240 1699 iniusta
253 1634 444 1700 detonsione
460 1641 519 1698 eto.

56 1734 100 1797 359.
186 1738 368 1803 Willelmus
389 1740 430 1803 de
455 1722 681 1802 Husseburnia
704 1735 826 1822 optulit
849 1758 883 1800 se
907 1743 1023 1821 quaito
1046 1735 1100 1799 die
1119 1756 1232 1799 uersus
1313 1742 1351 1771 ⁰·

131 1840 301 1907 Johannem
319 1842 359 1907 de
374 1842 558 1929 Ingewrthe
574 1842 615 1907 de
629 1840 749 1927 placito
763 1840 870 1905 iurata
884 1840 927 1905 nd
940 1839 1231 1926 recognoscendum

130 1952 229 2011 utinm
254 1970 313 2011 sex
338 1969 401 2013 aor.
427 1954 512 2011 terre
538 1968 613 2011 oum
643 1953 724 2031 pert.
754 1944 789 2008 in
819 1944 1005 2031 Ingewrthe
1034 1943 1100 2008 sint
1129 1942 1232 2007 libera

131 2048 293 2115 elemosina
302 2048 699 2135 pertinensadecolesiam
708 2047 811 2133 ipsius
821 2047 978 2111 Willelmi
986 2048 1027 2111 de
1036 2046 1232 2133 Ingewrthe‚

130 2173 166 2214 an
187 2151 304 2217 laicum
329 2151 460 2216 feodum
484 2151 588 2237 ipsius
613 2150 773 2216 Iohannis
799 2158 859 2215 etc.
905 2150 949 2215 Et
974 2151 1141 2215 Iohannes
1165 2171 1231 2213 non

130 2256 211 2321 uenit
225 2266 284 2323 etc.
298 2264 334 2321 et
349 2256 566 2321 summonitus
581 2263 641 2320 eto.
678 2254 857 2333 Iudicium,
867 2261 1147 2319 resummoneatur
1161 2260 1231 2331 eto,

131 2360 205 2443 quod
219 2361 262 2425 sit
278 2370 340 2425 eto.
1223 2417 1225 2420 -

185 2463 228 2528 Et
241 2463 423 2529 uioeoomes
436 2486 502 2527 non
516 2461 608 2529 misit
621 2462 754 2527 nomina
766 2462 1005 2550 recognitorum
1019 2462 1093 2527 ideo
1108 2459 1230 2537 mittat,

129 2573 157 2629 et
170 2565 209 2631 sit
222 2569 397 2633 auditurus
413 2574 471 2632 eto.
492 2564 498 2653 1

129 2883 312 2953 PLACITA
327 2886 453 2952 APUD
466 2885 932 2952 WESTMONASTERIUM
945 2885 1008 2950 DE
1019 2885 1228 2951 TERMINO

205 2992 236 3057 S.
259 2990 526 3056 TRINITATIS
549 2990 614 3054 AN
617 2990 681 3056 ΝΟ
703 2990 850 3055 REGNI
872 2990 1009 3056 REGIS
1032 2989 1229 3056 HENRIOI

205 3095 317 3160 FILII
342 3094 477 3160 REGIS
498 3093 736 3160 IOHANNIS
758 3093 970 3176 QUARTO¹.

56 3287 100 3358 loo,
184 3297 394 3388 'Preceptum
410 3300 475 3366 fuit
485 3301 670 3367 uicecomiti
680 3301 767 3387 quod
779 3307 914 3387 poneret
926 3321 1032 3364 eoram
1044 3295 1230 3363 iusticiariis

129 3405 206 3487 apud
217 3405 546 3472 westmonasterium
561 3406 798 3492 loquelamque
813 3404 877 3468 fuit
891 3403 926 3468 in
941 3402 1054 3468 eodem
1069 3399 1228 3465 comitatu

129 3503 205 3572 inter
217 3509 422 3575 Willelmum
443 3510 484 3575 de
505 3510 715 3575 Lusteshulla
734 3516 902 3596 petentem
923 3515 957 3572 et
972 3505 1174 3571 Willelmum
1189 3504 1230 3568 de

131 3609 358 3680 Cuueleffeldia
385 3621 553 3679 tenentem
583 3614 623 3678 de
654 3637 721 3678 una
749 3612 828 3677 hida
859 3619 946 3676 terre
980 3632 1055 3674 oum
1084 3616 1165 3694 pert.
1195 3607 1230 3672 in

129 3713 357 3784 Cuueleffeldia
379 3741 478 3804 quam
498 3718 585 3782 idem
600 3717 784 3781 Willelmus
805 3714 846 3780 de
867 3712 1060 3778 Lustehulla
1073 3711 1159 3798 petit
1172 3733 1232 3796 per

129 3817 218 3886 breue
241 3823 283 3888 de
307 3831 404 3887 recto.
449 3822 491 3887 In
511 3830 570 3887 oet.
588 3821 620 3887 S.
642 3821 727 3886 Trin
749 3819 843 3909 uenit
861 3818 1028 3904 predictus
1047 3814 1231 3881 Willelmus

128 3911 236 4008 petens
249 3934 283 3991 et
299 3925 454 4012 produxit
469 3926 643 4012 quemdam
659 3924 861 4010 onmpionem
877 3921 1057 3987 Henrioum
1072 3921 1113 3985 de
1129 3919 1231 4004 Nuny

129 4036 281 4094 armatum
304 4029 363 4116 qui
384 4028 504 4116 optulit
526 4051 560 4094 se
580 4029 622 4094 ad
637 4029 782 4095 duellum
798 4028 982 4093 faciendum
998 4034 1032 4091 et
1047 4024 1232 4091 Willelmus

129 4135 234 4196 tenens
248 4130 372 4219 optulit
387 4155 421 4197 se
433 4140 467 4197 et
478 4133 631 4218 produxit
644 4133 850 4219 Stephanum
863 4127 1055 4218 Anglicum⁸
1068 4136 1231 4194 armatum

159 4306 232 4358 1Ροτ
253 4307 308 4358 this
330 4311 396 4358 torm
411 4307 562 4360 A=Goram
582 4307 651 4370 Rege
701 4306 815 4370 oitedby
825 4307 980 4367 Braotomt.
992 4308 1048 4360 375.

131 4369 190 4432 Roll,
203 4373 251 4424 No.
264 4376 294 4432 6;
312 4373 418 4424 B=No.
431 4378 456 4427 7,
735 4373 866 4426 *annet
876 4372 1026 4436 ohampion.
1055 4371 1103 4422 See
1114 4372 1231 4422 066640.

159 4437 256 4490 ²A.m.
272 4441 304 4498 1;
321 4439 401 4488 um.
417 4439 440 4489 1.
474 4437 538 4489 'l'his
555 4453 613 4490 osso
629 4439 652 4488 is
