3167 5075
329 357 392 421 636
438 352 666 420 rirnsnum's
687 367 781 418 nrsn
802 367 843 417 rs
863 367 1036 429 serrem,
1057 366 1123 418 nn.
1146 352 1243 431 1227,
1262 368 1328 418 sn
1353 354 1404 416 12

392 542 436 606 Et
458 541 618 606 Redulfus
639 539 732 606 uenit
754 548 788 605 et
811 539 892 604 dicit
914 539 1001 625 quod
1020 539 1085 626 ipsi
1106 542 1240 606 suerunt
1266 542 1438 608 iusticiarii

327 645 499 712 constituti
519 644 562 709 ad
584 642 815 730 inquirendum
837 645 942 709 solum
964 644 1006 710 de
1027 645 1236 712 libertatibus
1257 656 1294 713 et
1312 648 1437 713 nonde

327 749 436 835 aliquo
458 748 560 814 libero
582 755 770 812 tenemento
792 747 878 813 sicut
898 756 992 832 patet
1011 771 1069 835 per
1083 749 1212 819 litteras
1226 753 1322 818 Doni
1338 753 1437 840 Regis

328 853 375 918 eis
401 850 477 916 inde
502 851 648 916 directas
693 851 737 914 Et
763 850 935 936 Philippus
959 851 999 917 de
1024 851 1206 940 Suaringes
1230 864 1265 919 et
1286 855 1366 920 socii
1388 856 1439 920 sui

328 963 494 1044 presentes
516 962 594 1019 sunt
616 963 650 1020 et
673 954 732 1019 hoo
752 952 963 1030 deaduocant
978 961 1013 1019 et
1028 955 1141 1020 dicunt
1156 958 1280 1042 precise
1296 959 1384 1044 quod
1397 959 1436 1024 de

328 1061 418 1126 nullo
440 1060 541 1125 libero
563 1065 751 1124 tenemento
773 1057 926 1123 seisinsm
945 1059 1077 1124 habuit¹
1097 1082 1155 1147 per
1172 1062 1437 1149 eos,immop1e-

329 1173 485 1250 ceperunt
510 1163 766 1250 recognitoribus
793 1162 881 1249 quod
909 1163 1088 1229 secundum
1116 1173 1265 1232 tenorem
1291 1167 1436 1232 mandati

329 1270 422 1334 Dom.
439 1267 539 1354 Regis
553 1268 697 1332 facerent
710 1266 859 1352 utrisque
874 1288 986 1331 eorum
1006 1266 1158 1332 seisinam
1172 1269 1215 1334 de
1230 1269 1436 1336 libertatibus

330 1396 410 1459 quas
425 1373 544 1438 habere
559 1370 680 1437 debent
695 1378 730 1436 et
745 1393 826 1457 quas
840 1378 1057 1436 antecessores
1071 1371 1266 1439 habuerunt
1304 1375 1350 1440 Et
1363 1375 1437 1461 qnia

329 1476 499 1542 iusticiarii
514 1475 686 1541 constituti
700 1473 743 1540 ad
757 1474 1015 1562 cognoscendum
1029 1483 1161 1540 tantum
1175 1476 1218 1542 de
1233 1478 1435 1543 libertatibus

330 1583 415 1648 sicut
436 1582 618 1668 predictum
641 1587 692 1645 est
711 1579 799 1645 inter
818 1580 1001 1666 predictum
1016 1581 1196 1647 Redulfum
1211 1593 1248 1648 et
1263 1584 1434 1649 Ricberum

331 1696 366 1752 et
388 1686 467 1752 alios
486 1685 661 1772 participes
682 1706 758 1748 suos
779 1691 814 1748 et
835 1685 892 1770 xij.
907 1684 1064 1750 iuratores
1085 1708 1144 1772 per
1166 1709 1247 1773 quos
1269 1688 1433 1775 inquisicio

331 1791 417 1855 fectu
438 1788 502 1853 fuit
524 1788 639 1853 dicunt
660 1787 747 1872 quod
768 1786 925 1852 fossatum
946 1786 1030 1852 illud
1051 1789 1138 1854 unde
1159 1790 1251 1855 uisus
1265 1791 1371 1856 factus
1388 1801 1435 1857 est

331 1917 396 1959 non
419 1893 483 1958 fuit
504 1915 562 1979 per
582 1914 637 1958 eos
658 1898 866 1978 prostratum,
881 1899 916 1956 et
937 1891 1016 1976 quia
1034 1915 1099 1956 non
1119 1894 1184 1958 fuit
1197 1904 1389 1961 contentum
1402 1895 1434 1960 in

332 1997 451 2064 litteris
465 1997 558 2061 Dom.
574 1995 674 2081 Regis
689 1992 776 2080 quod
790 1993 902 2080 aliqua
921 1994 1015 2060 fieret
1036 1995 1208 2081 inquisicio
1229 2019 1329 2083 super
1349 2008 1436 2064 tene·

334 2109 453 2179 mento,
468 2098 706 2165 consideratum
721 2096 874 2183 estquod
888 2097 989 2162 assisa
1001 2097 1163 2184 procedat

398 2205 422 2270 J
423 2212 567 2270 uratores
595 2201 710 2267 dicunt
739 2201 827 2288 quod
855 2201 989 2288 quidam
1024 2203 1181 2269 mariscus
1217 2205 1275 2291 qui
1305 2213 1439 2272 uocatur

334 2309 505 2376 Terholme
527 2315 604 2374 ante
627 2314 758 2392 tempus
780 2305 940 2371 Willelmi
961 2306 1003 2372 de
1027 2306 1154 2373 Vautre
1176 2311 1358 2374 communis
1377 2311 1440 2375 fuit

335 2425 403 2481 tam
417 2411 671 2480 antecessoribus
685 2410 788 2496 ipsius
802 2410 961 2475 Willelmi
975 2433 1074 2497 quam
1088 2413 1348 2479 antecessoribus
1368 2435 1438 2500 pre-

334 2519 415 2585 dicti
437 2516 580 2604 Philippi
601 2524 636 2582 et
657 2514 844 2581 hominibus
864 2538 977 2581 eorum
999 2514 1040 2581 de
1062 2516 1240 2597 Bumham‚
1255 2527 1306 2584 set
1327 2526 1439 2605 postea

334 2622 422 2686 idem
442 2620 626 2685 Willelmus
648 2641 706 2705 per
728 2619 903 2704 quemdam
922 2619 1122 2684 Asketillum
1143 2619 1325 2685 bercariam
1345 2644 1441 2685 suum

335 2724 422 2811 cepit
437 2721 523 2810 ipse¹
538 2723 711 2788 mariscum
725 2722 820 2787 illum
837 2722 873 2786 in
888 2744 1021 2787 manum
1039 2746 1142 2799 suam,
1156 2723 1207 2789 its
1225 2724 1312 2809 quod
1333 2723 1441 2789 nullus

335 2827 371 2891 in
393 2849 431 2891 eo
453 2848 658 2890 communem
680 2824 807 2902 habuit,
821 2832 857 2889 et
879 2825 1036 2889 remansit
1055 2825 1087 2889 ei
1105 2825 1273 2911 predictus
1287 2827 1442 2891 mariscus

335 2931 437 2995 donec
464 2928 629 3015 predictus
659 2928 831 3015 Philippus
856 2936 950 3014 pater
971 2927 1103 2993 Radulfi
1124 2928 1213 3014 cepit
1235 2927 1386 2994 bidentes
1407 2930 1442 2993 in

276 3028 278 3035 ’
335 3042 468 3121 pastura
489 3034 546 3099 illa
567 3040 602 3099 et
624 3033 722 3098 finem
744 3033 833 3118 cepit
851 3055 910 3119 pro
930 3032 1060 3111 eisdem,
1075 3041 1110 3098 et
1124 3035 1171 3099 sic
1184 3035 1341 3099 remansit
1354 3034 1444 3100 idem

335 3139 505 3225 Philippus
520 3138 554 3203 in
569 3137 688 3203 seisina
702 3158 869 3223 quousque
885 3136 1040 3201 mariscus
1055 3137 1110 3201 ille
1125 3138 1268 3223 partitus
1278 3138 1344 3203 fuit
1357 3138 1445 3204 inter

334 3245 442 3330 ipsum
468 3252 503 3309 et
528 3242 662 3307 heredes
686 3242 826 3327 predicti
850 3240 1010 3307 Willelmi
1037 3264 1096 3328 per
1124 3242 1279 3321 medium,
1305 3251 1343 3307 et
1370 3252 1446 3328 post

335 3346 442 3433 ipsum
457 3345 644 3431 Philippum
660 3344 816 3410 remansit
830 3344 893 3409 iste
908 3343 1068 3409 Radulfus
1078 3343 1114 3408 in
1124 3344 1245 3409 seisina
1258 3345 1446 3411 medietatis

336 3449 565 3531 illiusmen‘sci
581 3472 748 3535 quousque
763 3449 908 3515 seruiens
925 3448 1088 3514 hundredi
1108 3470 1167 3535 per
1188 3450 1296 3514 uisum
1320 3450 1450 3515 Heruei

337 3556 377 3622 de
393 3554 517 3621 Stanho
532 3563 567 3619 et
582 3554 739 3619 sociorum
754 3576 886 3619 suorum
900 3552 1097 3619 iuratorum⁸
1110 3552 1289 3619 disseisiuit
1310 3576 1390 3619 eum
1413 3566 1450 3621 et

337 3659 377 3725 de
400 3680 466 3724 una
487 3658 664 3724 medietate
686 3666 721 3723 et
743 3658 783 3723 de
805 3657 877 3723 alia
921 3657 974 3723 De
989 3657 1107 3723 fossato
1121 3666 1236 3724 sutem
1250 3658 1338 3723 uude
1353 3659 1450 3725 uisus

336 3764 441 3829 factus
455 3770 505 3828 est
519 3762 634 3827 dicunt
648 3762 734 3848 quod
748 3783 807 3847 per
826 3762 934 3826 uisum
954 3760 1131 3826 eorundem
1152 3760 1335 3827 iuratonrm
1355 3786 1450 3849 pros-

337 3875 460 3933 tratum
475 3867 545 3932 fuit.
592 3867 635 3931 Et
650 3866 728 3953 quia
741 3866 880 3953 predicti
893 3866 952 3952 iiij.
967 3864 1139 3931 iusticiarii
1154 3864 1196 3931 sd
1214 3866 1275 3931 hoc
1287 3866 1451 3955 assignati

337 3970 539 4035 deaduocant
553 3969 639 4056 quod
653 3992 711 4056 per
725 3970 811 4056 ipsos
830 3992 895 4034 non
915 3969 1101 4035 habuerunt
1123 3970 1265 4056 predicti
1287 3970 1452 4037 Richerus

339 4082 374 4139 et
398 4073 454 4137 alii
475 4073 618 4160 aliquem
640 4073 800 4152 seisinam‚
823 4074 1063 4141 consideratum
1088 4083 1140 4141 est
1167 4076 1254 4162 quod
1283 4074 1452 4143 Radullus

372 4276 470 4328 ¹Gorr.
491 4278 640 4328 tabuerunt.
682 4278 737 4328 The
758 4277 866 4341 iustioes
918 4279 1007 4330 seisin.

341 4356 388 4403 say
410 4342 469 4392 that
491 4341 513 4392 it
529 4358 582 4392 was
599 4345 646 4393 not
662 4342 776 4405 through
793 4343 867 4394 them
950 4346 1037 4396 ²Om.
1049 4348 1110 4410 ipre.

341 4406 401 4456 that
412 4405 505 4457 Richer
516 4406 568 4457 and
578 4406 621 4457 his
632 4408 729 4459 fellone
744 4408 867 4459 obtained
950 4410 1451 4476 ’Thejurorsintbepreriounctim
