3167 5075
365 410 428 476 722
825 420 1008 468 ,susurrum

364 595 459 658 modo
481 599 680 656 uocauerunt
703 591 778 654 iude
799 591 842 654 ad
865 600 1044 653 warantum
1070 589 1252 673 predictum
1280 591 1449 676 Robertum.

365 697 420 782 qui
436 696 529 760 uenit
544 704 579 759 et
594 694 818 758 warantizauit
837 701 872 756 et
891 692 976 756 dixit
996 693 1082 778 quod
1103 693 1183 757 alias
1202 702 1372 758 recesserat
1388 693 1450 757 inde

364 800 495 885 quietus
521 821 633 862 uersus
659 797 799 862 eundem
826 796 1010 872 Osbertum,
1035 795 1169 860 atinde
1194 797 1327 861 uocauit
1348 796 1449 860 curiam

364 904 456 968 Dom.
474 903 574 988 Regis
591 902 633 966 ad
655 909 843 978 warantum,
857 907 892 963 et
913 899 1003 962 curia
1023 907 1102 962 ωηο
1120 899 1180 962 hoc
1200 899 1285 964 idem
1307 899 1453 964 reeordata

365 1007 436 1082 fuit,
459 1015 494 1070 et
516 1006 588 1070 ideo
610 1013 690 1070 ωηο
711 1006 832 1068 iterum
858 1003 1095 1068 consideratum
1118 1004 1182 1068 suit
1203 1005 1290 1089 quod
1311 1003 1372 1089 ipsi
1389 1002 1452 1066 iude

365 1111 551 1177 recederent
574 1110 678 1196 quieti
700 1118 735 1174 et
758 1109 916 1174 Osbertus
936 1116 1141 1182 arestaretur‚
1156 1118 1190 1171 et
1204 1109 1388 1174 commissus
1400 1107 1452 1172 fuit

367 1215 522 1303 Magistro
538 1215 560 1280 J
561 1213 680 1280 ohanui
695 1213 735 1278 ds
752 1211 951 1278 Stotefordia
968 1212 1097 1276 officiali
1117 1213 1250 1277 Domini
1269 1214 1452 1278 Londouieu-

366 1320 457 1384 sis¹.'

432 1423 476 1484 Et
506 1420 584 1506 quia
612 1419 777 1505 predictus
807 1418 973 1483 Johauues
1009 1418 1129 1483 clamat
1165 1443 1205 1483 ex
1241 1430 1334 1504 parte
1367 1420 1453 1504 ipsius
1545 1446 1546 1479 i

367 1525 520 1592 Giliberti
535 1525 636 1610 patris
651 1524 702 1588 sui
718 1523 774 1608 qui
795 1532 915 1587 terram
935 1523 1025 1586 illam
1045 1523 1156 1588 amisit
1175 1545 1234 1608 per
1252 1524 1349 1588 finem
1368 1523 1453 1588 duelli

367 1628 451 1692 sicut
466 1626 555 1690 curia
570 1626 662 1690 Dom.
676 1624 775 1710 Regis
790 1623 984 1700 reeordatur,
996 1631 1031 1688 et
1045 1633 1195 1710 preterea
1207 1625 1270 1710 ipsi
1284 1625 1454 1711 Stephanus

367 1738 401 1794 et
431 1728 567 1793 Feidina
596 1737 630 1791 et
661 1727 824 1790 Robertus
853 1734 1053 1790 reoessemnt
1082 1727 1205 1792 tociens
1230 1728 1333 1813 quieti
1359 1751 1454 1792 uersus

367 1831 548 1916 predictum
572 1830 747 1893 Osbertum
770 1827 810 1892 de
831 1828 944 1892 eodem
965 1827 1094 1912 placito.
1108 1828 1214 1894 adhuc
1233 1830 1452 1894 consideratum

367 1931 521 2016 estquod
545 1931 707 1994 Robortus
729 1939 784 1994 eat
806 1928 882 1994 inde
903 1930 1035 2014 quietus
1054 1939 1089 1994 et
1107 1931 1274 1996 Johauues
1294 1933 1329 1996 iu
1349 1932 1454 1996 miseri·

366 2035 482 2111 cordia,
505 2043 539 2098 et
564 2034 690 2097 nullum
716 2033 836 2097 habeat
859 2055 1047 2118 recuperare
1068 2034 1110 2098 de
1135 2035 1245 2121 aliqua
1270 2045 1359 2120 parte
1381 2035 1455 2098 illius

367 2149 451 2203 terre
474 2137 527 2201 uel
551 2135 685 2200 heredes
707 2134 765 2199 sui.
812 2135 855 2198 Et
874 2135 1043 2200 sciendum
1063 2137 1150 2222 quod
1164 2137 1225 2202 hec
1239 2137 1364 2222 loquela
1376 2137 1455 2202 uenit

366 2243 406 2306 de
433 2241 550 2306 itinere
576 2239 826 2305 iusticiariorum
853 2249 887 2303 et
914 2239 1088 2304 terminata
1113 2241 1177 2305 fuit
1201 2243 1235 2305 iu
1259 2242 1359 2306 bauco
1381 2239 1455 2326 apud

367 2345 700 2409 westmonasterium.

289 2517 294 2529 Ι
433 2446 643 2511 'Hamelinus
659 2445 745 2508 filius
767 2445 898 2510 Radulfi
918 2446 1115 2510 attachiatus
1136 2448 1200 2510 fuit
1219 2447 1261 2512 ad
1280 2448 1456 2534 responden·

260 2578 307 2607 om·
368 2555 446 2618 dum
471 2553 606 2640 Hugoni
627 2552 667 2617 de
691 2550 891 2616 Gundeuilla
913 2574 1013 2636 quare
1036 2552 1105 2637 ipse
1131 2552 1211 2617 tulit
1233 2554 1363 2619 assisam
1384 2576 1457 2617 noue

368 2656 535 2721 dissaisiue
561 2678 674 2719 uersus
699 2653 882 2739 predictum
909 2654 1085 2739 Hugonem
1110 2654 1279 2720 dominum
1307 2679 1396 2721 suum
1421 2655 1457 2719 de
1547 2671 1548 2674 ’

369 2770 557 2827 tenemento
571 2760 605 2824 in
622 2760 761 2845 Pimpre,
776 2759 902 2824 desieut
916 2760 987 2845 ipse
1001 2760 1143 2826 uillauus
1157 2770 1208 2827 est
1222 2770 1258 2827 et
1271 2762 1415 2848 oognouit
1427 2782 1458 2823 se

368 2888 437 2932 esse
467 2866 625 2930 uillanum
656 2864 808 2951 Hugonis
836 2864 939 2950 patris
968 2866 1105 2950 predicti
1143 2866 1293 2954 Hugonis
1328 2877 1458 2953 tempore

369 2971 461 3034 Dom.
478 2968 508 3032 J.
526 2968 625 3052 Regis
640 2967 742 3052 patris
758 2968 851 3031 Dom.
868 2967 968 3052 Regis
981 2990 1088 3033 coram
1103 2968 1289 3035 iusticiariis
1305 2970 1366 3035 suis
1377 2969 1457 3055 apud

369 3072 612 3138 Shrreburuiam
628 3080 667 3136 ut
682 3070 770 3147 dicit,
786 3070 873 3136 uude
888 3072 975 3135 idem
992 3073 1091 3157 Hugo
1105 3072 1186 3138 dicit
1201 3096 1260 3159 per
1273 3081 1457 3139 attumatum

367 3198 461 3239 suurn
489 3173 575 3259 quod
601 3182 680 3237 tune
704 3173 837 3237 fuerunt
866 3173 1037 3239 iusticiarii
1067 3175 1180 3241 Simon
1209 3177 1252 3242 de
1281 3176 1458 3245 Pataehulla

368 3278 561 3343 Eustachius
583 3277 624 3340 de
647 3277 883 3361 Fauounbergo
904 3284 940 3340 et
962 3277 1071 3362 plures
1092 3278 1149 3342 alii
1170 3280 1249 3344 socii
1270 3281 1328 3356 sui,
1341 3292 1372 3345 et
1387 3278 1457 3343 inde

367 3382 459 3450 uouit
482 3404 515 3446 se
540 3403 636 3465 super
659 3380 781 3445 curiam
810 3381 903 3445 Dom.
926 3381 1027 3466 Regis
1048 3390 1093 3470 et,
1104 3405 1202 3467 super
1224 3384 1405 3448 iusticiarios
1424 3393 1457 3445 et

366 3508 463 3571 super
486 3485 650 3548 recordum
674 3485 762 3549 curie
789 3485 855 3550 scil.
878 3484 964 3569 quod
989 3486 1142 3571 cognouit
1165 3510 1200 3551 se
1223 3510 1296 3553 esse
1316 3488 1456 3553 uillarum

366 3588 467 3675 patris
482 3588 532 3652 sui
547 3587 632 3652 sicut
647 3586 828 3671 predictum
846 3600 903 3653 est.

432 3694 475 3757 Et
499 3691 693 3757 Hamelinus
716 3692 809 3756 uenit
834 3702 869 3756 et
892 3693 1040 3757 defendit
1062 3694 1150 3779 quod
1171 3716 1236 3758 ηοη
1261 3704 1313 3760 est
1334 3695 1457 3759 uiilunus

366 3817 584 3879 necunquam
605 3794 758 3881 cognouit
778 3818 813 3859 se
833 3817 902 3860 esse
923 3795 1082 3861 uillanum
1103 3796 1138 3860 in
1158 3797 1249 3862 curia
1268 3799 1358 3863 Dom.
1373 3795 1455 3881 Rege

365 3898 533 3983 sicutipse
552 3898 649 3982 Hugo
665 3896 755 3971 dicit,
770 3906 806 3961 et
821 3897 897 3962 inde
912 3899 1006 3984 ponit
1021 3922 1056 3964 se
1070 3898 1224 3964 similiter
1237 3922 1335 3986 super
1351 3900 1453 3965 curiam

366 4012 400 4067 et
425 4000 591 4066 reeordum
616 4008 666 4063 set
691 3999 772 4064 dicit
795 4002 881 4086 quod
904 4011 983 4067 tuuc
1005 4003 1160 4088 temporis
1182 4005 1291 4069 tenuit
1312 4003 1453 4091 quandam

366 4118 483 4172 tenum
507 4106 541 4169 in
565 4104 764 4188 uilenagium
787 4113 822 4169 et
845 4117 923 4171 ωηο
946 4107 1101 4193 cognouit
1123 4109 1209 4193 quod
1230 4120 1317 4173 terra
1334 4109 1387 4172 ilia
1402 4106 1450 4169 fuir

366 4210 564 4295 uilenagium
581 4216 614 4271 et
630 4230 797 4293 nunquam
813 4210 965 4294 cognouit
982 4233 1016 4274 se
1032 4234 1100 4274 esse
1116 4211 1299 4277 uillanum³.

526 4372 534 4402 ¹
553 4371 593 4419 He
605 4386 656 4418 was
668 4386 683 4419 a
694 4372 770 4421 olerk.
1106 4375 1117 4406 ³
1133 4376 1247 4438 Batops.

526 4438 536 4466 ²
553 4436 715 4493 A.m.15d;
734 4438 762 4487 B.
778 4440 871 4512 m.12.y
941 4467 954 4481 =
