3167 5075
389 378 453 448 470
700 393 840 454 nrum,
862 392 927 441 un.
951 377 1045 453 1223,
1066 392 1130 441 uu
1154 375 1183 444 7.

387 564 460 628 iura
474 569 509 628 et
523 562 692 652 libertates
706 561 791 626 infra
807 561 930 626 leucum
946 583 1027 647 quas
1041 560 1135 628 Dom.
1152 562 1223 628 Rex
1244 563 1360 628 habere
1378 563 1464 650 possit,

387 674 423 732 et
448 665 534 752 quod
560 664 672 731 Abbue
694 664 840 730 eiusdem
862 664 923 728 loci
945 665 988 728 sit
1010 664 1109 730 iudex
1131 665 1172 730 de
1194 666 1344 732 omnibus
1365 666 1464 752 placitis

388 770 472 835 inim
485 769 610 834 leucam
624 769 724 835 illum.
764 770 808 834 Et
823 770 896 835 ideo
910 769 1021 834 Abbno
1035 769 1156 835 hebeat
1170 770 1294 834 curium
1308 793 1401 835 suam.

454 872 619 938 ¹Decouus
640 881 675 937 et
698 872 951 938 Amhidiuconus
977 870 1143 938 Londonio
1168 873 1341 938 attachinti
1361 873 1464 938 fuerunt

388 974 431 1039 od
445 975 704 1060 respondendum
719 975 864 1040 Woltero
878 975 919 1040 do
937 975 1161 1041 Turbereuillu
1179 999 1280 1062 quare
1302 987 1406 1042 contm
1422 985 1463 1040 etc

388 1087 565 1144 tenuerunt
580 1077 738 1164 placitum
752 1077 787 1141 in
802 1077 892 1144 curia
906 1077 1130 1143 cristianitatis
1149 1078 1190 1144 do
1210 1079 1336 1144 catallis
1349 1077 1464 1143 eiusdem

388 1182 526 1248 Walteri
540 1205 603 1269 que
618 1204 682 1246 non
696 1190 774 1248 sunt
788 1182 830 1246 de
845 1189 1043 1247 testamento
1058 1183 1112 1247 uel
1127 1183 1168 1248 de
1188 1182 1392 1248 matrimonio
1404 1192 1462 1256 otc,

389 1285 433 1350 Et
454 1286 605 1351 Decauus
626 1296 662 1349 et
684 1283 938 1350 Archidieconus
959 1285 1099 1350 ueniunt
1125 1293 1159 1350 et
1181 1285 1362 1350 defendunt
1381 1298 1465 1349 eontra

387 1413 464 1456 eum
490 1398 524 1455 et
549 1398 662 1454 contra
685 1397 808 1454 sectam
834 1411 936 1467 suam,
961 1389 1049 1475 quod
1075 1411 1242 1475 nunquam
1268 1389 1309 1454 de
1331 1389 1465 1474 aliquibus

387 1493 513 1559 catallis
537 1493 604 1558 suin
629 1500 808 1558 tenuerunt
833 1492 1000 1578 placitum,
1024 1499 1076 1557 set
1101 1513 1216 1556 uerum
1239 1492 1356 1557 uolunt
1375 1493 1465 1556 dicore

387 1598 511 1664 Dicunt
533 1598 619 1684 quod
641 1598 732 1664 Prior
752 1598 933 1683 Hospitalis
955 1597 1145 1664 Jerosolime
1168 1596 1203 1661 in
1224 1595 1346 1684 Angliu
1358 1603 1465 1681 questus

386 1703 450 1768 fuit
472 1726 578 1768 eorem
600 1703 647 1768 eis
668 1703 864 1769 auctoritate
887 1703 1071 1768 litterarum
1093 1702 1186 1766 Dom
1203 1701 1291 1788 Pupe
1313 1701 1395 1788 quod
1412 1721 1465 1785 pre·

385 1808 666 1874 dictusWulteruu
680 1815 816 1874 uenerat
830 1816 975 1894 tempore
990 1808 1079 1894 pucis
1093 1807 1135 1872 ed
1149 1807 1282 1872 domum
1297 1829 1386 1872 ouum
1399 1803 1465 1891 opud

386 1912 560 1978 Honestie¹
574 1922 609 1977 et
624 1911 671 1976 ibi
686 1913 784 1999 fregit
798 1921 926 1998 portem
941 1935 1034 1978 suam
1054 1920 1089 1978 et
1109 1913 1224 1978 frutres
1245 1935 1356 1978 eorum
1376 1908 1466 1974 uerbo

385 2017 473 2082 ruuit
488 2025 521 2081 et
536 2016 621 2080 mole
636 2015 791 2080 tractauit
806 2024 842 2080 et
856 2015 975 2080 catullo
993 2037 1052 2080 sua
1070 2014 1252 2101 asportauit
1274 2015 1316 2079 de
1337 2013 1390 2078 illo
1409 2012 1465 2077 loeo,

385 2121 510 2186 desicut
540 2119 627 2184 locus
656 2118 848 2184 benedictus
877 2127 926 2184 est
956 2118 1041 2184 sicut
1070 2117 1276 2195 cimiterium,
1302 2126 1337 2182 et
1364 2117 1401 2181 de
1425 2113 1468 2178 flu

383 2225 545 2290 uiolencie
558 2221 662 2310 plac'',
678 2223 727 2288 itu
740 2223 828 2309 quod
844 2223 1006 2289 walterus
1021 2223 1115 2288 uenit
1130 2245 1235 2288 coram
1255 2221 1304 2287 eis
1324 2230 1358 2288 et
1376 2227 1467 2306 sponte

384 2329 522 2395 intrauit
546 2329 583 2394 in
606 2351 805 2414 responsum,
831 2337 865 2393 et
892 2327 1024 2393 tandem
1049 2327 1279 2393 attestacionee
1304 2325 1468 2412 puppiieutc

384 2434 519 2498 fuerunt
541 2442 575 2498 et
598 2433 755 2519 placitum
777 2432 909 2498 finitum
932 2432 996 2496 fuit
1017 2432 1206 2518 priusquam
1226 2451 1383 2517 umquam
1402 2427 1469 2492 idem

383 2538 549 2603 Walterus
564 2538 692 2604 tulisset
706 2537 969 2624 prohibicionem,
978 2546 1028 2603 set
1037 2538 1115 2623 quia
1126 2535 1211 2601 uidit
1225 2534 1314 2623 quod
1328 2529 1470 2601 sentencia

382 2641 492 2726 ipsum
505 2649 666 2728 grauaret,
677 2641 750 2707 ideo
765 2642 843 2707 fecit
857 2641 898 2707 de
913 2642 960 2707 eis
974 2642 1147 2726 querelem.
1192 2641 1235 2706 Et
1251 2640 1412 2705 Walter-us
1423 2636 1469 2700 hoc

382 2752 490 2809 totum
519 2747 691 2833 cognoscit,
719 2754 755 2812 et
784 2746 865 2811 dicit
894 2746 981 2832 quod
1011 2752 1232 2831 opposuerunt
1268 2744 1416 2810 feloninm
1443 2749 1470 2805 et

381 2849 549 2927 roboriam,
573 2858 609 2915 et
633 2848 720 2936 quod
743 2849 909 2915 Walterus
931 2848 1047 2915 debuit
1071 2848 1199 2915 uenisse
1227 2872 1304 2914 cum
1336 2848 1422 2935 equis
1445 2857 1471 2909 et

380 2953 479 3019 ermis
493 2954 535 3019 ed
549 2954 681 3019 domum
696 2953 786 3018 illum
802 2962 861 3018 etc.
908 2953 953 3018 Et
966 2952 1023 3018 alii
1043 2952 1103 3019 hoc
1120 2952 1303 3019 defendunt
1321 2960 1357 3019 et
1377 2952 1470 3017 dicunt

381 3058 467 3144 quod
481 3080 648 3143 nunquam
663 3066 883 3144 apposuerunt
898 3058 1049 3122 feloniam
1063 3079 1123 3123 neo
1135 3058 1324 3123 huiusmodi
1336 3058 1429 3123 immo
1440 3053 1471 3117 de

380 3161 539 3227 uiolenciu
552 3162 610 3227 illa
624 3170 684 3227 etc
700 3162 788 3227 unde
803 3162 889 3227 idem
910 3162 1000 3229 Prior
1019 3164 1171 3248 probauit
1191 3162 1375 3249 dampnum
1394 3182 1471 3227 uuum

380 3267 422 3331 ad
436 3265 617 3331 uulenciam
632 3266 672 3331 lx.
689 3266 758 3331 libr.
775 3274 836 3333 etc.
882 3267 925 3333 Et
940 3268 1018 3353 quio
1032 3268 1195 3334 Wolterus
1216 3270 1383 3355 cognoscit
1403 3264 1473 3353 quod

380 3371 421 3435 de
436 3370 493 3436 illa
506 3370 665 3435 uiolencia
679 3370 764 3434 sicut
778 3370 842 3455 ipsi
856 3370 970 3436 dicunt
984 3380 1108 3437 tructus
1123 3374 1186 3439 fuit
1205 3374 1241 3439 in
1260 3396 1401 3451 causam,
1414 3392 1472 3436 oon·
1518 3330 1519 3394 i

379 3472 558 3537 sideratum
573 3472 724 3559 estquod
738 3473 861 3539 iudices
875 3472 951 3539 inde
966 3474 1071 3560 quieti
1086 3483 1120 3539 et
1135 3475 1302 3543 walterus
1319 3476 1354 3542 in
1369 3472 1474 3540 miseri·
1517 3506 1518 3517 κ

379 3574 489 3641 cordio
502 3584 563 3641 etc
1517 3634 1518 3651 ,

249 3702 341 3765 1600,
444 3680 639 3766 ‘Lucioque
654 3680 718 3745 fuit
733 3704 814 3745 uxor
829 3680 1148 3747 HenricidelaSero
1160 3682 1308 3769 appellat
1321 3672 1470 3751 Coliuum⁵
1517 3652 1518 3688 ¹

257 3801 324 3840 nucu
379 3782 420 3849 do
435 3783 468 3848 la
482 3784 591 3848 Penne
605 3782 692 3869 quod
708 3783 793 3848 sicut
810 3784 971 3849 Henricns
986 3784 1038 3849 uir
1052 3807 1130 3850 suus
1149 3786 1213 3851 iuit
1232 3785 1268 3851 in
1291 3808 1374 3873 paee
1396 3786 1473 3853 Dum

378 3887 478 3974 Regis
492 3887 526 3951 in
542 3910 654 3973 campo
669 3887 710 3951 de
725 3886 973 3951 Benekefeldin⁶
986 3888 1028 3953 ad
1043 3888 1245 3974 querendum
1257 3912 1384 3977 equum
1394 3910 1474 3955 suun
1516 3926 1517 3982 ἢ

378 3991 437 4056 tuli
451 3990 504 4055 die
520 3999 579 4055 etc
595 3990 679 4056 circo
692 3991 834 4055 medinm
849 4000 986 4070 noctem,
1002 3992 1095 4057 uenit
1110 3993 1275 4078 predictus
1299 3994 1432 4061 Colinus
1448 4008 1474 4055 et

395 4143 465 4221 ¹¹¹3.
484 4158 520 4193 m.
538 4144 578 4193 lo.
612 4142 677 4193 Thio
692 4142 716 4193 iu
731 4142 799 4194 ritu.
813 4144 903 4194 Prohr'·
986 4140 1097 4193 ⁸teueru
1116 4144 1248 4207 placitum,
1268 4144 1303 4196 B.
1340 4146 1388 4197 See
1402 4146 1442 4195 Br.
1460 4142 1473 4190 ί.

375 4210 578 4335 btiwliaaemm,
591 4274 622 4323 B.
656 4273 738 4325 Thero
749 4288 830 4325 west
845 4288 900 4337 pro·
954 4210 1043 4325 wilt.
1057 4288 1092 4324 m.
1108 4274 1148 4323 16.
1515 4208 1516 4274 i

374 4340 480 4401 eeptory
495 4343 524 4388 ut
539 4339 636 4401 Amtey
653 4338 681 4388 in
693 4338 778 4401 wiltu,
791 4340 903 4391 another
985 4338 997 4369 ⁵
1013 4340 1170 4399 Ntcholuum,
1184 4339 1214 4388 B.

374 4412 402 4453 et
413 4404 547 4466 Hampton
559 4404 587 4455 in
599 4404 748 4454 Middleocx.
984 4404 995 4435 ⁶
1011 4405 1178 4468 Beuemsezu’,
1191 4404 1224 4453 B.
