3167 5075
337 351 401 414 ⁵90
635 363 772 426 unsrun,
794 363 859 414 nn.
886 350 978 424 1226,
999 362 1061 412 nn
1088 349 1137 411 10.

333 537 362 602 si
384 537 470 603 uiuit
491 537 545 602 uel
566 559 638 616 non,
655 545 689 602 et
711 537 784 602 ideo
806 535 893 623 petit
913 537 1021 601 uisum
1041 535 1083 600 de
1105 559 1152 613 ea
1167 543 1205 600 et
1223 557 1298 600 cum
1319 533 1426 599 uiderit

333 639 432 716 illam,
443 638 531 704 dicet
546 639 721 704 ueritatem
736 648 850 704 utrum
863 661 924 704 sua
937 639 980 704 sit
995 638 1050 704 uel
1063 661 1138 704 non.

399 743 443 808 Et
471 763 569 829 super
597 743 657 810 hoc
687 743 780 809 uenit
809 743 904 808 Dona
930 741 1174 829 Wyntoniensis
1199 741 1376 828 Episcopus
1398 739 1428 806 in

332 847 425 912 cuius
440 847 586 912 custodia
599 847 746 934 predicta
761 847 922 912 Katerina
936 855 995 925 est,
1010 855 1046 912 et
1059 846 1140 912 dicit
1155 845 1242 931 quod
1254 845 1327 931 ipsa
1340 844 1429 910 Lucia

332 949 396 1016 fuit
420 973 580 1038 pregnans
603 951 644 1016 de
669 950 740 1037 ipsa
764 951 932 1028 Katerina,
956 961 992 1017 et
1016 950 1053 1016 in
1080 950 1197 1037 uigilia
1223 950 1255 1016 S
1284 949 1428 1014 Katerinc

331 1055 459 1141 peperit
473 1055 578 1141 ipsam
593 1055 797 1132 Katerinam,
812 1055 899 1120 unde
918 1063 1036 1121 uocata
1057 1055 1122 1120 fuit
1144 1055 1312 1132 Katcrina¹
1326 1064 1362 1120 et
1378 1055 1428 1120 hoc

333 1159 528 1224 monstrabit
543 1167 603 1224 etc.

396 1263 477 1330 Dies
485 1265 582 1330 datus
594 1271 644 1329 est
655 1263 702 1329 eis
713 1263 798 1329 adis
810 1264 843 1329 S.
852 1262 951 1328 Mich.
963 1271 1033 1340 etc,
1042 1271 1078 1328 ct
1088 1262 1213 1327 dictum
1224 1271 1275 1327 est
1285 1262 1428 1348 Episcopo

331 1368 478 1456 predicto
499 1369 586 1455 quod
609 1376 688 1433 tunc
710 1367 831 1432 habeat
854 1366 1032 1453 predictam
1059 1365 1252 1430 Katerinam
1277 1375 1317 1430 ut
1341 1367 1430 1431 Lucia

331 1481 412 1537 tunc
427 1470 539 1537 uideat
554 1495 635 1549 eam,
651 1472 741 1536 etad
757 1470 817 1536 hoc
832 1471 929 1535 datus
944 1481 994 1535 est
1008 1471 1078 1535 dies
1089 1470 1197 1536 eidem
1212 1470 1370 1557 Episcopo
1381 1470 1429 1557 qui

332 1577 495 1665 cognoscit
510 1576 596 1662 quod
611 1576 771 1642 Katerina
786 1584 837 1640 ast
850 1575 887 1640 in
900 1574 1048 1639 custodia
1062 1573 1134 1640 ctc¹

397 1681 523 1746 'Assius
543 1679 637 1746 uenit
658 1679 865 1768 recognitma
886 1677 960 1764 quis
981 1679 1160 1744 aduncatus
1182 1687 1328 1764 tempora
1351 1677 1429 1764 pacis

237 1794 274 1824 ⁰·
331 1786 534 1871 presentauit
556 1784 706 1849 ultimam
729 1805 899 1870 personam
925 1806 988 1868 que
1014 1793 1144 1848 mortua
1164 1791 1216 1848 est
1241 1783 1284 1848 ad
1307 1785 1428 1848 terciam

332 1898 459 1976 partem
474 1889 606 1955 ecclesie
621 1890 662 1954 ds
678 1889 882 1976 Itringeham
897 1911 961 1973 que
978 1896 1074 1953 uacat
1088 1897 1148 1954 etc
1167 1888 1261 1954 cuius
1274 1888 1429 1954 aduocaci-

331 2015 427 2058 onem
443 1993 554 2058 Simon
571 1993 611 2057 de
624 1992 777 2058 Nodariis
789 1993 909 2057 clamat
919 1992 1429 2079 uersusWillelmumdeItringe·

332 2093 416 2158 ham.
461 2091 528 2172 Qui
542 2091 637 2156 uenit
651 2099 686 2156 et
700 2092 783 2157 bene
799 2090 955 2156 concessit
969 2090 1101 2156 assisam
1117 2099 1176 2156 etc

328 2265 331 2272 ,
396 2197 564 2262 Juratores
586 2195 701 2261 dicunt
723 2195 809 2282 quod
832 2194 989 2260 Ricardus
1010 2194 1052 2259 de
1075 2194 1263 2260 Echefeldia
1276 2196 1354 2261 dum
1367 2219 1429 2282 pre

328 2302 440 2369 ¹dictus
454 2300 639 2365 Willelmus
653 2299 716 2364 fuit
731 2299 816 2364 infra
831 2307 953 2364 etatem
969 2308 1003 2363 et
1018 2298 1054 2362 in
1068 2299 1216 2364 custodia
1234 2322 1295 2365 sua
1312 2323 1428 2386 presen-

331 2403 417 2468 tauit
432 2401 704 2468 Archidiaconum
720 2401 960 2466 Ncrwicensem
980 2401 1039 2487 qui
1059 2424 1147 2467 nunc
1168 2412 1218 2467 est
1242 2402 1429 2489 Episcopru’,

331 2515 366 2573 et
381 2506 461 2571 Milo
476 2506 517 2572 de
532 2505 685 2572 Nodariis
700 2512 794 2593 pater
804 2504 907 2592 ipsius
918 2504 1060 2571 Simonis
1075 2507 1277 2592 presentauit
1291 2507 1428 2573 clericum

330 2633 427 2675 suum
448 2610 490 2675 ad
513 2609 649 2675 eandem
673 2609 807 2673 terciam
828 2618 966 2695 partem,
981 2618 1016 2673 et
1030 2608 1213 2695 appellauit
1233 2633 1292 2695 pro
1313 2632 1429 2697 presen-

332 2712 458 2778 tacione
472 2736 538 2779 sua
584 2714 701 2778 Postea
715 2711 850 2777 accessit
864 2712 1120 2777 Archidiaconus
1139 2714 1182 2778 ad
1196 2714 1320 2779 curiam
1333 2723 1366 2779 et
1379 2736 1429 2800 per

332 2818 485 2883 Dom'H„
502 2818 543 2883 de
560 2818 668 2901 Burgo
683 2818 815 2881 fratrem
836 2838 933 2881 suum
953 2817 1010 2903 qui
1030 2825 1111 2882 tunc
1124 2826 1195 2883 eret
1211 2818 1429 2884 Camberlanus
1532 2869 1534 2888 1

206 2994 209 3001 ¹
331 2920 524 3007 impetrauit
544 2920 658 2985 breuia
679 2942 699 2985 a
720 2920 814 2985 Dom.
838 2918 929 3005 Rege
952 2927 986 2984 et
1013 2918 1087 2984 aliis
1112 2928 1146 2984 et
1171 2919 1207 2985 in
1229 2930 1355 2987 tantum
1375 2921 1428 2985 im·

330 3026 476 3112 petrauit
490 3025 577 3111 quod
591 3024 648 3089 illa
661 3023 763 3089 tercia
775 3045 849 3109 pars
864 3023 895 3088 ei
906 3023 1062 3089 remansit
1073 3024 1163 3089 saluo
1175 3025 1246 3090 iure
1261 3025 1428 3090 cuiuslibet.

332 3126 460 3207 Quesiti
475 3127 548 3213 quis
561 3124 765 3211 presentauit
780 3147 1028 3212 personamque
1048 3126 1166 3191 ultimo
1181 3126 1265 3192 obiit
1279 3136 1352 3191 ante
1364 3148 1428 3212 pre·

332 3229 457 3297 dictum
468 3228 749 3307 Archidiaconum,
759 3228 873 3293 dicunt
882 3228 970 3314 quod
980 3229 1113 3316 quidam
1124 3229 1241 3295 Petrus
1250 3230 1429 3317 Capelianum

334 3333 397 3399 fuit
412 3356 547 3420 persona
561 3334 648 3399 illius
662 3333 762 3399 tercie
777 3333 887 3419 partia,
897 3342 949 3397 set
965 3333 1128 3419 inquirere
1141 3356 1208 3398 non
1222 3344 1352 3421 pomunt
1363 3334 1428 3419 quis

333 3438 535 3524 presentauit
550 3461 634 3515 eum,
649 3461 709 3503 noc
724 3438 867 3524 aliquem
888 3438 999 3504 alium.
1044 3439 1088 3502 Et
1110 3439 1184 3503 ideo
1206 3440 1427 3505 consideratum

333 3548 384 3607 est
399 3543 484 3627 quod
499 3542 657 3628 placitum
672 3542 826 3628 procedat
840 3542 881 3606 de
896 3541 987 3607 iure.⁴

399 3646 443 3711 Et
470 3646 582 3713 Simon
608 3646 688 3713 dicit
711 3646 799 3731 quod
820 3645 994 3710 aduocacic
1015 3644 1073 3709 illa
1094 3653 1144 3710 est
1166 3646 1219 3712 ius
1240 3670 1341 3723 suum,
1359 3646 1428 3731 quia

333 3749 465 3836 quidam
492 3750 698 3837 Flotingerus
725 3750 825 3818 frater
849 3749 988 3836 predicti
1014 3748 1105 3813 Petri
1132 3751 1244 3815 tenuit
1269 3748 1427 3837 quamdam

333 3863 452 3920 terram
478 3854 514 3919 in
539 3855 652 3923 eadem
675 3855 758 3921 uilla
782 3855 824 3919 de
851 3855 943 3919 feodo
969 3876 1035 3931 suo,
1062 3862 1097 3918 et
1123 3853 1211 3920 idem
1239 3855 1428 3940 Flotingens

333 3958 475 4023 reddidit
503 3958 628 4025 Simoni
653 3957 693 4025 (16
720 3956 873 4045 Nodariis
896 3957 1027 4023 feodum
1050 3979 1148 4021 suum
1169 3980 1228 4043 pro
1248 3964 1425 4044 paupertate

334 4084 401 4140 sua,
424 4069 458 4127 et
480 4062 567 4127 idem
590 4063 702 4128 Simon
724 4063 802 4149 quia
830 4062 896 4126 fere
922 4060 1039 4127 ha'buit
1064 4062 1145 4125 duas
1167 4070 1276 4147 partes
1295 4059 1425 4125 eiusdem

367 4179 376 4212 ¹
394 4180 445 4231 For
455 4181 555 4233 further
566 4180 730 4246 prooccdings
742 4196 784 4233 sec
799 4180 865 4232 Gaas
915 4179 1090 4241 Ittednghatn
1099 4180 1148 4229 has
1159 4180 1264 4231 monnio
1272 4180 1407 4229 Jadt'tan!

335 4248 393 4296 247.
947 4245 958 4278 ³
975 4244 1089 4307 Gadita]
1099 4245 1131 4295 dc
1145 4244 1242 4308 Burgh‚
1254 4259 1345 4295 consec
1357 4244 1389 4305 bp
1400 4242 1426 4291 61

367 4311 515 4371 ’Bractom
532 4312 552 4361 1.
564 4312 621 4369 246,
638 4311 701 4361 cites
718 4310 771 4362 this
788 4325 864 4370 casc;
914 4310 1006 4373 Elyin
1018 4312 1091 4361 iaso.

333 4376 380 4427 but
391 4376 419 4426 in
434 4375 478 4427 the
493 4376 598 4440 printed
613 4382 668 4427 text
682 4376 727 4427 the
743 4390 821 4426 name
837 4376 867 4425 oi
946 4378 958 4409 ⁴
974 4378 1014 4425 ius
1025 4374 1138 4439 opposed
1147 4380 1176 4426 to
1186 4378 1287 4426 uicino.
