3167 5075
421 409 488 459 nn.
513 392 674 470 1226-7,
694 409 757 460 nn
786 397 923 460 10-11.
1161 399 1225 463 669

121 585 254 652 Isobelle
278 583 389 650 uxoris
418 583 561 649 Serlonis
590 582 632 648 de
661 582 840 649 Westwilre
861 583 926 649 fuit
948 583 1080 650 saisitus
1101 591 1161 651 eto
1183 585 1225 650 de

120 687 219 754 tribus
243 709 348 752 carue.
372 693 459 752 terre
483 707 558 750 cum
580 693 662 770 pert.
689 683 725 750 in
749 685 929 750 Hallctona
950 685 1005 751 dic
1028 694 1102 763 etc,
1126 708 1224 773 quam

118 799 233 856 tanam
248 789 413 855 Henricus
428 788 468 853 de
485 787 620 852 Neuilla
640 795 740 851 tenet
785 787 853 866 Qui
872 787 967 852 uenit
987 799 1022 852 et
1036 787 1117 854 dicit
1136 788 1224 874 qnod

115 893 211 958 assisa
224 914 291 966 non
306 892 405 957 debet
425 891 502 956 inde
522 890 601 968 fieri,
622 889 700 976 quia
716 890 883 976 predictus
905 892 1085 957 Nicholaus
1106 892 1224 959 habuit

115 1019 245 1062 uxorem
268 996 331 1061 sibi
352 996 580 1082 desponsatam
601 995 642 1060 de
663 1017 729 1080 qua
751 994 870 1060 habuit
891 995 973 1060 duos
991 996 1084 1074 filios,
1104 1004 1139 1061 et
1159 996 1223 1062 iste

41 1125 42 1128 ¹
114 1101 275 1166 Henricus
290 1100 391 1166 habet
405 1099 586 1164 custodiam
602 1107 687 1164 terre
708 1099 797 1164 illius
818 1121 894 1164 cum
913 1099 1069 1185 predictis
1084 1099 1168 1176 filiis,
1188 1107 1223 1164 et

113 1204 210 1268 nichil
240 1204 360 1268 clamat
389 1203 425 1268 in
454 1211 542 1268 tarra
570 1202 634 1267 nisi
663 1200 846 1267 custodiam
875 1223 950 1266 cum
977 1200 1053 1266 filiis
1081 1201 1162 1279 istis,
1187 1210 1223 1267 et

113 1307 191 1372 bene
219 1307 382 1394 cognoscit
406 1306 494 1393 qnod
519 1305 699 1371 Nicholaus
724 1305 809 1371 obiit
831 1305 962 1371 saisitus
991 1305 1033 1370 de
1055 1313 1144 1372 terra
1164 1305 1224 1374 illa

111 1410 192 1476 sicut
208 1411 310 1476 breue
325 1409 413 1476 dicit

174 1515 221 1580 Et
246 1515 338 1581 Serlo
360 1523 395 1579 at
418 1536 500 1580 uxor
523 1513 594 1578 eius
616 1513 756 1578 ueniunt
774 1522 809 1580 et
829 1511 944 1578 dicunt
965 1513 1052 1599 quod
1073 1513 1135 1578 hoc
1155 1534 1222 1578 non

109 1615 207 1683 debet
240 1618 288 1683 eis
324 1639 447 1696 nocere,
476 1617 554 1703 quia
590 1616 756 1702 predictus
793 1617 974 1683 Nich‘olaus
1009 1616 1221 1702 desponsauit

109 1721 309 1787 Matillidem
339 1744 474 1787 uxorem
503 1743 597 1786 suam
626 1720 662 1784 in
691 1720 776 1786 lecto
805 1744 864 1786 suo
889 1721 1029 1799 mortali,
1057 1721 1107 1787 ita
1134 1719 1221 1806 quod

107 1833 282 1911 postquam
304 1825 483 1911 requisitus
502 1823 567 1888 fuit
587 1824 628 1889 de
646 1823 793 1909 predicta
813 1823 977 1888 Matillide
998 1821 1222 1909 desponsanda

105 1937 139 1992 et
153 1929 284 1994 dictum
298 1928 363 1993 fnit
378 1928 410 1993 ei
425 1929 507 1993 Ecce
523 1948 605 1993 uxor
619 1935 687 2004 tua,
698 1933 733 1991 et
744 1925 815 2011 ipse
825 1924 910 1990 dixit
925 1932 985 1990 etc.
1002 1933 1037 1990 et
1051 1947 1220 2011 nunquam

105 2041 223 2118 postea
251 2031 383 2118 aliquod
413 2031 552 2097 uerbum
582 2032 710 2096 locutus
740 2029 813 2107 fuit,
841 2037 877 2094 et
904 2028 986 2115 ipsi¹
1015 2029 1129 2095 statim
1157 2029 1219 2094 im-

104 2145 287 2222 poaucnmt
314 2137 451 2202 anulum
471 2135 577 2222 digito
598 2133 754 2210 mulieris,
776 2155 837 2198 noc
858 2155 1015 2219 umquam
1036 2133 1133 2198 aliter
1154 2132 1221 2198 fuit

103 2241 310 2328 desponsata,
325 2249 360 2306 et
374 2247 524 2326 praterea
537 2239 652 2304 dicunt
667 2238 753 2325 quod
773 2260 859 2302 unus
878 2237 965 2302 filius
984 2261 1044 2324 per
1062 2259 1219 2325 magnum

103 2353 237 2432 tempus
269 2354 368 2410 natus
390 2344 455 2409 fuit
477 2352 655 2430 antequam
678 2343 727 2408 ita
748 2350 835 2408 esset
856 2342 1058 2428 desponsata,
1081 2351 1117 2408 ct
1135 2343 1220 2412 alter

101 2449 189 2514 filius
204 2448 359 2515 similiter
371 2449 462 2535 prius
477 2448 541 2513 fuit
555 2448 696 2534 genitus,
711 2455 762 2512 set
777 2456 875 2511 natus
888 2447 953 2511 fuit
967 2454 1087 2532 postea

166 2554 214 2619 Et
230 2554 394 2619 chricus
408 2552 488 2618 dicit
508 2551 595 2639 quod
610 2552 756 2638 predicta
770 2551 908 2617 Matillis
928 2552 1140 2637 solempniter
1154 2551 1219 2616 fuit

97 2656 300 2745 desponsata
313 2659 355 2724 ad
371 2658 514 2723 hostium
530 2656 674 2734 ecclesie,
687 2657 738 2722 ita
752 2655 839 2741 quod
934 2655 1217 2742 desponsacionem

99 2762 194 2828 illam
211 2763 300 2828 uixit
315 2784 493 2849 perunum
508 2782 663 2839 mensem,
678 2768 713 2824 et
727 2759 848 2824 itinera
909 2781 1019 2846 eques,
1030 2768 1065 2824 et
1075 2758 1218 2824 comedit
1344 2770 1349 2826 ζ

96 2876 131 2931 et
146 2866 283 2931 locutus
298 2866 371 2931 fuit.
415 2864 495 2931 Dies
510 2864 608 2929 datus
623 2870 674 2927 est
689 2870 747 2928 etc

38 2970 61 3033 6.
162 2971 283 3036 Assisa
297 2969 391 3035 uenit
405 2967 612 3054 recognitura
630 2966 658 3031 si
676 2966 838 3031 Radulfns
854 2966 942 3032 filius
965 2966 1097 3031 Ricaidi
1116 2966 1218 3031 frater

94 3072 245 3161 Agnetis
261 3072 370 3138 uxoris
384 3072 528 3138 Jeremie
549 3071 590 3136 de
610 3070 737 3135 Liseres
757 3078 792 3134 et
810 3069 983 3135 Matillidis
1001 3071 1066 3135 fuit
1085 3070 1217 3135 saisitus

95 3174 130 3241 in
155 3177 326 3242 dominico
347 3198 407 3241 suo
429 3184 488 3241 eto.
512 3176 553 3241 de
575 3174 703 3239 duabus
725 3174 855 3239 bonatis
877 3181 962 3239 terre
984 3196 1059 3238 cum
1081 3182 1162 3259 pert
1180 3175 1216 3238 in

93 3280 326 3367 Turgerlande
341 3279 394 3344 die
411 3302 475 3365 quo
490 3288 561 3359 etc,
576 3300 675 3365 quam
695 3286 816 3344 terram
837 3278 1000 3343 Henricus
1019 3278 1060 3343 de
1079 3278 1217 3344 Seinilla

93 3392 199 3451 tenet
251 3384 318 3465 Qui
337 3383 432 3448 uenit
451 3391 487 3448 ct
507 3390 603 3447 uocat
621 3381 697 3448 inde
718 3381 761 3446 ad
783 3388 965 3447 warantum
986 3382 1152 3447 Abbatem
1173 3382 1215 3448 dc

92 3488 222 3575 Rupe²,
247 3488 305 3575 qui
325 3510 458 3574 presens
480 3496 530 3552 est
552 3494 587 3551 et
609 3485 690 3550 dicit
713 3484 800 3572 quod
827 3484 925 3551 debet
948 3485 979 3549 ei
1008 3486 1216 3551 warantizare

92 3591 263 3679 quamdiu
280 3590 448 3677 predictus
462 3590 622 3654 Radulfus
637 3588 695 3675 qui
709 3588 773 3653 luit
791 3586 928 3652 donator
946 3594 981 3652 et
996 3587 1131 3653 heredes
1145 3588 1217 3653 eius

92 3696 124 3760 ei
139 3694 444 3772 warentizauerint,
458 3693 537 3780 quia
555 3692 632 3757 talis
651 3699 722 3757 erat
742 3689 942 3756 oonaencio'.
988 3691 1033 3756 Et
1055 3691 1217 3755 Henricus

48 3792 52 3801 ’
90 3798 155 3864 hoc
187 3796 364 3882 cognoscit
411 3796 455 3861 Et
484 3796 562 3883 quia
590 3818 651 3860 nec
679 3794 791 3860 Abbes
814 3817 875 3859 nec
900 3794 1065 3860 chricus
1090 3794 1215 3880 aliquid

90 3903 217 3969 dicunt
234 3910 347 3967 contra
360 3900 503 3977 assisam,
517 3898 755 3965 consideratum
771 3906 822 3963 cst
837 3898 923 3985 quod
937 3898 1040 3965 assisa
1051 3898 1215 3985 procedat,

89 4006 141 4070 ita
157 4004 255 4091 quod
269 4004 298 4067 si
313 4002 476 4068 chricus
490 4002 637 4068 amiserit
651 4024 710 4089 per
723 4001 856 4066 assisam
867 4000 956 4065 idem
967 4001 1079 4066 Abbas
1090 4000 1214 4065 nullam

89 4107 294 4174 warentiam
316 4106 348 4171 ci
370 4107 477 4187 faciat,
501 4128 539 4171 co
568 4105 656 4192 quod
677 4104 812 4171 heredes
834 4103 973 4190 predicti
994 4103 1126 4168 Radulfi
1148 4127 1213 4169 non

123 4244 219 4294 ¹The
237 4242 329 4306 peoplc
343 4246 456 4307 present.
493 4241 634 4304 Thacopy·
718 4240 802 4290 ³The
820 4240 905 4292 Abbot
927 4255 980 4290 aas
1001 4240 1064 4302 only
1080 4240 1169 4290 bound
1185 4244 1214 4291 to

88 4310 127 4361 ist
138 4310 194 4361 has
206 4308 323 4358 omitted
334 4308 379 4358 tha
390 4322 490 4358 answer
500 4308 528 4357 ol
539 4306 635 4357 Nicho·
685 4310 799 4357 variant
810 4306 901 4368 Hanry
909 4320 939 4356 ao
950 4306 1011 4367 long
1022 4320 1054 4355 aa
1064 4306 1152 4369 Ralph
1160 4306 1215 4356 and

87 4379 140 4429 las.
686 4370 728 4423 his
740 4371 811 4422 heirs
822 4371 907 4422 would
918 4374 1030 4422 warram
1042 4370 1087 4421 tha
1097 4372 1191 4421 Abbot.

122 4442 134 4474 ¹
152 4438 254 4491 Bochc
264 4437 523 4502 Abbeyinthewest
531 4436 635 4501 Riding.

1018 4540 1126 4601 42-2
