3167 5075
354 398 417 463 238
573 408 692 460 eoanu
714 408 812 470 nuce,
833 408 897 461 xo.
922 393 1164 471 1237-8‚xa
1188 395 1239 460 22.

350 583 435 671 quod
457 582 557 649 assisa
575 582 652 648 inde
672 582 742 647 sine
764 580 817 645 die
841 588 876 644 et
899 588 1008 665 partes
1030 580 1059 645 si
1080 580 1245 646 uoluerint
1267 580 1451 667 perquirant

350 686 413 753 sibi
428 685 656 772 perplacitum
672 683 712 749 de
728 682 791 748 fine
807 682 892 747 facto
907 691 967 747 ete

217 786 309 848 1224-
415 788 597 856 ¹Galfridus
618 788 659 854 de
683 788 844 874 Gamcges
869 786 1087 852 summonitus
1108 787 1172 852 fuit
1194 787 1237 853 ad
1261 788 1451 874 responden·

228 884 297 934 ⁵¹¹⁰*
350 895 429 961 dum
445 896 537 961 Dom.
553 893 638 980 Regi
653 915 717 980 quo
728 899 870 957 waranto
885 899 978 957 tenet
992 891 1174 958 manerium
1188 891 1230 959 de
1246 893 1452 959 Stottesdona

350 1002 437 1089 quod
452 1010 502 1067 est
516 1000 557 1065 de
572 998 732 1065 dominico
746 998 839 1062 Dom.
856 998 956 1083 Regis
971 1006 1030 1062 ete.
1052 996 1058 1081 Ι

234 1117 292 1169 [ua]
416 1104 459 1168 Et
475 1102 667 1169 Godehidus
681 1102 775 1166 uenit
790 1110 825 1166 et
844 1100 924 1167 dicit
947 1100 1033 1186 quod
1056 1108 1147 1166 tenet
1169 1101 1350 1167 manerium
1374 1102 1451 1167 illud

350 1206 485 1272 utillud
500 1207 540 1271 de
556 1228 620 1293 quo
635 1214 728 1292 pater
745 1227 824 1270 suus
843 1204 907 1270 fuit
926 1205 1057 1270 seisitus
1078 1213 1117 1269 ut
1138 1205 1180 1269 de
1202 1205 1295 1270 feodo
1316 1206 1371 1270 die
1395 1228 1452 1291 qno

351 1312 432 1379 obiit
447 1320 482 1377 et
496 1311 576 1376 dicit
596 1311 682 1397 quod
704 1308 897 1376 Godefridus
917 1310 959 1375 de
983 1310 1143 1397 Gomages
1164 1332 1247 1376 auus
1268 1312 1373 1397 ipsius
1396 1312 1453 1377 fuit

351 1417 489 1482 feofatua
517 1414 558 1481 do
588 1414 734 1501 predicto
760 1414 904 1479 manerio
932 1436 991 1500 per
1016 1415 1057 1478 H
1085 1415 1210 1502 Regem
1235 1438 1336 1481 auum
1362 1417 1451 1481 Dom.

350 1522 450 1610 Regis
464 1521 521 1607 qui
536 1520 645 1586 tenuit
660 1528 731 1584 tota
746 1519 819 1583 uita
832 1541 892 1583 sua
906 1526 966 1584 ete.

415 1626 460 1692 Et
476 1627 568 1692 Dom.
585 1625 656 1690 Rex
677 1624 718 1689 ad
738 1624 799 1688 hoe
818 1623 992 1709 respondet
1012 1645 1070 1710 per
1084 1623 1277 1688 Warnerum
1300 1624 1452 1711 Engayne

350 1729 436 1816 quod
459 1728 651 1795 Godefridus
673 1728 714 1793 de
737 1728 898 1814 Gnmages
920 1750 1002 1793 auus
1024 1728 1140 1793 habuit
1161 1728 1270 1813 plures
1291 1737 1396 1793 terras
1416 1728 1453 1793 de

350 1832 433 1897 dono
448 1831 544 1897 Dom.
561 1832 603 1896 H.
619 1830 719 1918 Regis
733 1838 768 1895 et
783 1852 842 1916 per
860 1839 973 1909 cartas,
988 1852 1047 1916 per
1060 1852 1141 1917 quas
1155 1839 1261 1895 cartas
1275 1830 1370 1897 Dom.
1387 1830 1452 1896 Rex

350 1934 538 2021 aliquando¹
552 1932 693 2018 inspexit
708 1955 762 1997 eas
777 1932 865 2018 cepit
879 1932 1065 2019 homagium
1082 1932 1219 2018 predicti
1236 1932 1413 2011 codefridi,
1423 1942 1453 1998 et
1539 1941 1543 1992 3

351 2046 473 2104 cartam
496 2037 536 2101 de
559 2045 646 2102 terra
669 2038 733 2102 ista
755 2058 923 2123 nunquam
943 2037 1094 2113 ostendit,
1110 2044 1145 2101 et
1165 2046 1298 2123 propter
1317 2038 1378 2104 hoc
1392 2062 1452 2103 non

352 2140 474 2227 recepit
488 2140 564 2204 inde
580 2139 673 2205 Dom.
688 2140 759 2204 Rex
776 2139 963 2226 homagium
977 2162 1082 2216 suum,
1093 2162 1154 2204 nee
1165 2140 1350 2205 Willelmus
1365 2150 1454 2227 pater

353 2244 422 2311 eius
437 2266 509 2309 eam
524 2244 641 2309 habuit
654 2244 718 2309 nisi
733 2244 773 2309 de
788 2244 887 2310 ballio
900 2266 958 2331 per
969 2266 1101 2309 manum
1116 2244 1307 2331 Rannulphi
1322 2244 1454 2311 Comitis

353 2347 478 2414 Cestrie
503 2355 647 2431 tempore
667 2368 792 2433 guerre,
813 2347 928 2411 etheo
950 2347 1034 2411 bene
1057 2354 1160 2432 patet,
1181 2348 1260 2433 quia
1284 2348 1319 2412 in
1344 2349 1454 2413 rotulis
1543 2427 1544 2432 γ

352 2449 440 2538 apud
462 2448 654 2514 scaccarium
680 2456 789 2535 potest
813 2449 953 2513 inueniri
979 2448 1066 2534 quod
1090 2449 1162 2514 Rex
1189 2450 1232 2516 R
1257 2473 1341 2515 auus
1362 2452 1451 2516 Dom
1543 2439 1546 2486 ³¹

353 2553 453 2640 Regis
467 2551 602 2618 tradidit
617 2560 736 2617 terram
751 2552 842 2617 illam
857 2552 1031 2618 Godefrido
1045 2575 1108 2618 auo
1122 2553 1163 2618 de
1178 2553 1323 2618 ballicet
1337 2553 1451 2620 nonde

353 2658 453 2737 feodo,
470 2656 547 2743 quia
567 2665 641 2743 post
662 2665 800 2722 mortem
816 2657 982 2723 Godefnidi
997 2657 1084 2743 cepit
1099 2659 1170 2723 Rex
1185 2666 1305 2722 terram
1319 2658 1409 2723 illam
1421 2657 1453 2722 in

352 2785 486 2827 manum
501 2784 603 2839 suam,
617 2770 652 2827 et
667 2770 779 2847 postea
793 2762 935 2828 reddidit
953 2762 1164 2828 medietatem
1183 2762 1272 2828 illius
1286 2771 1373 2828 terre
1386 2785 1452 2848 pre·

352 2863 455 2930 dieto⁸
469 2865 602 2931 Matheo
617 2866 684 2930 filio
701 2865 867 2931 Godefnidi
882 2876 917 2932 et
935 2867 1070 2932 alteram
1089 2867 1302 2932 medietatem
1324 2867 1453 2932 tradidit
1546 2862 1547 2905 ³

353 2968 498 3056 predicto
520 2968 656 3056 Hugoni
675 2969 824 3035 Pantolfo
844 2977 879 3034 et
894 2969 985 3034 fratri
1000 2992 1066 3035 suo.
1111 2970 1155 3034 Et
1169 2979 1283 3055 postea
1296 2991 1355 3056 pro
1368 2967 1450 3034 fideli

353 3071 488 3138 seruicio
510 3072 648 3158 predicti
670 3072 797 3138 Mathei
817 3074 953 3139 tradidit
973 3095 1045 3138 eam
1060 3074 1131 3139 Rex
1146 3074 1253 3140 eidem
1269 3073 1399 3140 Matheo
1411 3071 1450 3137 de

353 3173 452 3240 bailio
467 3196 532 3238 suo.
579 3174 623 3240 Et
637 3184 750 3260 postea
763 3176 893 3262 quando
907 3175 995 3242 idem
1010 3177 1164 3242 Matheus
1177 3177 1310 3242 reoessit
1324 3199 1345 3242 a
1357 3175 1451 3241 semi·

353 3279 402 3345 cio
417 3279 516 3366 Regis
530 3279 696 3366 predictus
712 3279 898 3346 Willelmus
911 3280 1012 3345 nichil
1031 3279 1148 3345 habuit
1162 3279 1198 3344 in
1213 3279 1359 3366 predicta
1371 3289 1451 3345 terra

353 3383 416 3448 nisi
436 3383 476 3448 de
496 3383 595 3448 hallio
616 3383 753 3450 Comitis
774 3383 899 3451 Castris
914 3384 1000 3449 sieut
1013 3383 1195 3470 predictum
1211 3393 1269 3449 eet
1316 3385 1359 3449 Et
1372 3383 1450 3471 petit

353 3484 415 3550 sibi
429 3485 558 3552 allocari
573 3485 660 3571 quod
673 3486 710 3550 in
724 3494 816 3551 carta
828 3509 926 3573 quam
941 3486 1107 3573 predictus
1126 3485 1322 3552 Godefridus
1338 3488 1449 3574 profert

352 3589 394 3655 de
408 3589 553 3676 predicto
573 3589 707 3656 Matheo
728 3590 915 3656 continetur
935 3590 1022 3678 quod
1037 3591 1222 3656 Willelmus
1243 3601 1337 3678 pater
1357 3591 1449 3678 ipsius

354 3691 520 3758 Godehidi
542 3701 577 3758 et
597 3693 731 3758 heredes
752 3693 804 3759 sui
823 3694 945 3759 debent
965 3702 1077 3760 tenere
1091 3703 1212 3760 terram
1226 3694 1318 3760 illam
1332 3695 1371 3760 de
1384 3715 1448 3780 pre

353 3796 441 3862 dicto
463 3797 596 3863 Matheo
620 3805 655 3863 et
678 3797 851 3862 heredibus
874 3797 941 3864 suis
961 3806 997 3864 et
1016 3820 1081 3863 non
1100 3797 1142 3862 de
1162 3797 1256 3863 Dona
1272 3798 1369 3884 Rege.
1408 3795 1447 3861 Et

353 3907 500 3983 preterea
521 3899 630 3985 querit
653 3898 778 3965 desicut
799 3901 920 3986 profert
940 3909 1045 3965 cartas
1068 3899 1195 3986 Regnum
1216 3899 1257 3964 de
1278 3900 1350 3965 aliia
1364 3897 1446 3964 terris

353 4025 433 4089 quas
448 4009 540 4067 tenet
553 4003 594 4067 de
610 4003 703 4068 Dom.
719 4004 819 4090 Rege,
834 4025 932 4090 quare
947 4027 1012 4069 non
1027 4004 1151 4090 profert
1164 4013 1288 4069 cartam
1303 4004 1399 4092 Regis
1410 4001 1445 4065 da

354 4113 440 4171 tene
454 4106 608 4191 predicta.

387 4250 397 4284 ¹
414 4249 478 4300 This
489 4265 571 4300 seems
586 4254 613 4301 to
628 4249 659 4301 be
674 4249 719 4301 tha
735 4265 795 4327 ease
811 4249 879 4328 cited
960 4249 972 4284 ¹
989 4251 1060 4301 Oorr.
1073 4253 1186 4328 quando·
1198 4253 1227 4328 .).

355 4317 390 4379 by
401 4317 521 4377 Braeton,
535 4315 554 4365 f.
566 4317 597 4365 54
610 4315 637 4374 b;
655 4315 702 4366 but
712 4315 757 4367 tha
769 4318 878 4367 ntanon
960 4315 972 4350 ⁸
987 4317 1099 4367 Brother
1108 4317 1137 4367 of
1145 4317 1177 4367 W
1277 4316 1330 4369 and
1341 4316 1411 4367 uncle
1421 4313 1444 4363 ot

356 4382 745 4511 idoliistnydnritieiiw.6amidm
761 4381 879 4432 beoomea
929 4379 1442 4445 theaetendantbutnotyetmenuoned
