3167 5075
480 426 630 488 aarum,
653 426 717 475 an.
743 413 836 488 1224,
859 426 922 476 aa
947 417 977 477 8.
1192 504 1195 507 .
1245 414 1286 481 57

22 604 131 667 1019.
240 601 435 686 Preceptum
447 596 511 665 luit
521 597 710 665 custodibus
719 598 912 685 plonitorum
921 596 1050 665 oorone¹
1062 598 1097 664 in
1106 592 1184 665 eom.
1196 600 1288 665 Wilt.
1348 599 1408 639 ΨΜ

175 702 262 790 quod
272 704 308 767 in
317 704 414 790 pleno
425 702 584 767 comitatu
596 700 755 767 recordari
769 702 913 767 lacerent
926 702 1095 767 recordum
1107 701 1147 767 de
1159 703 1289 789 loquela

174 830 240 895 que
266 806 332 873 fuit
356 807 393 872 in
419 805 533 871 eodem
564 806 721 871 comitatu
751 806 839 871 inter
866 805 1024 871 Thomam
1053 806 1094 871 de
1125 807 1289 895 Gumeges

176 920 347 977 tenentem
370 919 406 977 et
428 910 613 976 Johannem
633 909 674 975 de
696 911 729 975 la
749 911 832 976 Bere
850 919 885 975 et
899 911 1039 976 Aliciam
1062 932 1194 976 uxorem
1217 912 1288 977 eius

175 1024 329 1102 petentes
350 1016 391 1081 de
415 1014 517 1081 tercia
538 1022 631 1100 parte
653 1014 739 1079 feodi
756 1015 781 1098 j.
797 1014 912 1079 militis
931 1036 1006 1079 oum
1028 1023 1109 1100 pert
1125 1015 1160 1080 in
1175 1015 1289 1081 Ekles·

175 1119 304 1197 burnis,
318 1118 406 1184 unde
421 1118 509 1183 idom
524 1117 665 1203 Thomas
679 1116 829 1203 queritur
842 1117 959 1183 falsum
974 1118 1037 1182 sibi
1052 1118 1175 1183 factum
1189 1119 1288 1183 fuisse

175 1222 336 1289 iudicium
356 1222 392 1287 in
415 1221 528 1287 eodem
551 1221 708 1287 comitatu
732 1228 802 1297 eto,
816 1228 852 1285 et
873 1220 960 1308 quod
981 1233 1201 1288 summoueret
1223 1223 1289 1288 Ro·

175 1327 309 1393 bertum
338 1325 379 1391 de
411 1325 617 1411 Oreuequeor
646 1323 871 1389 uioeoomitem
894 1324 982 1410 quod
1007 1333 1092 1390 emet
1117 1325 1290 1391 auditurus

174 1431 336 1496 iudicium
358 1452 454 1495 suum
476 1428 518 1495 de
540 1428 601 1495 hoo
622 1428 709 1515 quod
728 1427 812 1494 illud
832 1428 999 1494 reeordum
1016 1452 1082 1494 non
1096 1430 1212 1496 habuit
1227 1439 1288 1497 ete.

174 1534 263 1599 sieut
289 1533 321 1598 ei
344 1534 379 1598 in
403 1533 506 1599 banco
530 1540 720 1619 preceptum
743 1533 815 1598 fuit
861 1533 906 1598 Et
930 1533 1110 1599 uiceeomes
1135 1534 1229 1600 uenit
1253 1544 1289 1601 et

174 1638 259 1704 dicit
281 1636 368 1725 quod
386 1638 470 1705 illud
490 1638 589 1704 breue
605 1660 669 1702 non
685 1635 810 1724 potuit'
824 1636 923 1723 prius,
938 1646 973 1703 et
986 1638 1060 1704 ideo
1074 1639 1117 1704 ad
1130 1639 1288 1705 iudicium

174 1743 219 1809 de
234 1765 280 1808 eo.
320 1742 364 1807 Et
379 1742 538 1808 Ricardus
552 1743 593 1809 de
609 1741 834 1819 Dumefordia,
843 1741 867 1806 J
868 1741 1011 1808 ohannes
1024 1743 1065 1809 de
1080 1744 1289 1832 Chereburgo

175 1856 213 1912 et
227 1846 285 1911 alii
300 1846 366 1911 duo
380 1845 501 1910 milites
516 1844 655 1910 ueniunt
675 1868 749 1911 oum
770 1846 901 1912 recordo
923 1868 982 1933 pro
1003 1848 1159 1913 comitatu
1184 1857 1219 1913 et
1238 1870 1289 1913 re-

175 1950 353 2017 cordantur
374 1949 460 2036 quod
483 1949 570 2015 idem
591 1949 759 2016 Johannes
778 1959 814 2017 et
833 1951 940 2017 Alioia
961 1952 1109 2017 tulerunt
1129 1953 1229 2018 breue
1246 1951 1288 2018 de

174 2064 267 2121 racto
280 2055 322 2120 de
336 2054 483 2142 predicta
497 2063 585 2120 tenu
598 2055 663 2120 soil.
679 2056 781 2121 tercia
792 2064 886 2141 parte
897 2078 995 2142 super
1007 2058 1115 2143 ipsum
1130 2057 1288 2122 Thomam

176 2166 214 2224 et
235 2158 370 2223 tandem
392 2157 530 2244 probatu
548 2156 672 2223 defalta
692 2158 781 2223 curie
803 2158 950 2224 eiusdem
965 2159 1089 2224 Thoms
1110 2159 1289 2225 seeundum

175 2262 448 2329 consuetudinem
471 2261 645 2326 comitatus
668 2271 702 2327 et
722 2263 792 2348 ipso
813 2263 939 2327 Thomu
958 2271 1072 2349 postea
1093 2261 1290 2328 summonito

175 2367 221 2433 ad
250 2364 451 2432 ueniendum
476 2363 519 2429 sd
543 2365 735 2430 comitatum
761 2365 803 2431 ad
826 2365 1086 2452 respondendum
1108 2364 1150 2430 de
1175 2364 1289 2431 eadem

176 2480 268 2535 terra
300 2467 434 2533 tandem
463 2475 537 2554 post
566 2468 728 2534 essonium
765 2470 887 2535 fautum
922 2468 1104 2556 comparuit
1131 2468 1219 2534 idem
1248 2468 1291 2534 ad

176 2572 372 2638 comitatum
388 2572 445 2657 qui
460 2571 525 2637 fuit
539 2571 592 2637 die
608 2573 723 2638 Martis
738 2574 773 2639 in
794 2573 974 2639 ebdomada
995 2574 1117 2639 Pasehe
1135 2581 1171 2639 et
1189 2573 1291 2660 peciit

177 2675 289 2740 uisum
316 2681 404 2738 terre
425 2683 462 2740 et
484 2674 602 2741 habuit
625 2684 659 2742 et
683 2677 780 2742 datus
806 2677 925 2742 fuitei
948 2677 1018 2742 dies
1040 2676 1082 2741 ad
1107 2678 1290 2763 proximum

176 2779 373 2845 comitatum
388 2779 453 2844 soil
464 2781 517 2846 die
529 2781 645 2846 Martis
660 2783 806 2867 proxima
820 2791 897 2848 ante
912 2782 1141 2847 Ascensionem
1157 2781 1291 2857 Domini

176 2881 223 2946 ad
253 2904 350 2968 quem
372 2882 429 2970 lse
459 2883 635 2948 essoniauit
663 2884 705 2950 de
735 2884 821 2950 malo
848 2883 1012 2960 ueniendi,
1037 2893 1073 2949 et
1100 2884 1197 2949 datus
1227 2883 1291 2947 fuit
1338 2890 1381 2940 1¹⁴⁸
1389 2888 1421 2938 hl

177 2985 212 3050 oi
236 2986 307 3050 dies
333 2986 374 3052 de
398 2987 546 3053 habendo
570 2998 713 3053 waranto
735 3011 793 3054 suo
817 2989 859 3054 ad
879 2986 1078 3075 proximum⁸
1099 2988 1290 3053 comitatum

115 3135 119 3140 -
178 3091 316 3156 suildis
338 3091 453 3156 Martis
474 3092 622 3178 proxima
641 3093 871 3179 poatNatiuit.
888 3094 919 3160 S.
935 3094 1008 3159 Joh.
1024 3094 1177 3181 adquam
1193 3095 1291 3160 comi-

179 3203 292 3260 tatum
307 3217 341 3260 se
356 3195 532 3260 essoniauit
547 3196 587 3262 de
603 3197 739 3262 seruioio
758 3198 853 3264 Dom.
869 3197 969 3283 Regis
983 3208 1018 3262 et
1033 3199 1129 3264 datus
1144 3198 1213 3264 dies
1227 3200 1292 3264 fuit

178 3299 214 3364 oi
228 3299 299 3364 dies
313 3299 353 3365 de
369 3300 517 3366 habendo
532 3310 676 3367 waranto
689 3325 747 3368 suo
762 3303 805 3368 ad
819 3303 1002 3389 proximum
1017 3303 1208 3368 comitatum
1224 3305 1290 3369 scil.

178 3402 236 3467 die
256 3401 372 3468 Martia
392 3410 452 3468 eto.
467 3403 525 3489 qui
545 3403 609 3468 fuit
628 3403 664 3469 in
679 3405 819 3470 crastino
834 3406 866 3471 S.
881 3405 996 3471 Jacobi
1018 3406 1061 3470 ad
1082 3429 1179 3492 quem
1203 3406 1290 3470 diem

180 3495 324 3573 Thomas
345 3529 406 3573 nec
427 3509 521 3574 uenit
543 3530 602 3574 neo
626 3532 659 3575 se
684 3510 860 3576 essoniauit
882 3519 917 3575 et
939 3510 1105 3576 «lohannes
1128 3517 1162 3575 et
1185 3509 1292 3574 Alicio

180 3611 374 3696 optulerunt
389 3633 423 3676 se
438 3619 473 3676 et
488 3612 657 3699 pecierunt
677 3613 833 3679 iudicium
854 3636 957 3678 suurn.
1003 3613 1046 3678 Et
1061 3613 1139 3700 quia
1152 3613 1292 3678 Thomas

180 3737 249 3780 non
281 3715 375 3779 uenit
400 3737 516 3781 nense
541 3717 717 3781 assoniauit
743 3717 979 3783 consideratum
1004 3717 1070 3782 fuit
1095 3717 1180 3804 quod
1205 3726 1293 3782 terra

180 3825 356 3903 caperetur
372 3816 407 3881 in
427 3839 561 3882 manum
581 3819 675 3884 Dom.
691 3817 790 3906 Regis
806 3828 865 3884 eto.
881 3828 915 3883 et
934 3819 1021 3905 quod
1043 3819 1182 3884 Thomas
1204 3842 1292 3884 sum·

181 3933 372 3998 moneretur
393 3925 479 4010 quod
501 3933 587 3991 esset
606 3926 648 3991 ad
668 3927 851 4013 proximum
873 3926 1067 3990 comitatum
1086 3926 1143 4012 qui
1158 3927 1222 3992 luit
1236 3925 1290 3992 die

183 4027 300 4094 Manis
314 4027 462 4113 proxima
475 4036 549 4114 post
569 4029 837 4116 Assumpcionem
853 4030 890 4096 B.
906 4029 1008 4094 Marie
1023 4029 1066 4094 ad
1080 4053 1178 4116 quem
1192 4031 1291 4095 eomi-

182 4139 291 4196 tatum
317 4131 411 4196 uenit
435 4131 522 4196 idern
548 4130 688 4197 Thomas
714 4140 748 4197 et
774 4131 853 4196 tulit
879 4131 978 4196 breue
1004 4132 1098 4198 Dom.
1124 4133 1224 4221 Regis
1249 4134 1290 4198 de

216 4269 225 4300 ¹
243 4269 364 4330 Bronton,
386 4267 406 4318 f.
429 4271 469 4328 75,
492 4269 555 4319 cites
577 4269 631 4320 this
653 4285 712 4321 osso
793 4269 899 4320 'Some
915 4269 985 4319 word
1001 4269 1120 4320 omitted.
1152 4269 1194 4320 Hs
1211 4270 1288 4321 oould

182 4335 250 4384 from
266 4334 361 4384 Bastar
376 4335 407 4386 A.
426 4333 458 4384 a.
476 4337 502 4388 8.
519 4339 546 4384 to
563 4335 635 4385 show
653 4336 711 4386 thot
762 4340 810 4386 not
820 4337 926 4385 exeunte
937 4334 982 4384 tha
993 4334 1059 4385 writ.
1163 4376 1165 4379 .

183 4399 263 4450 irrue
280 4399 370 4450 shorifl
393 4399 423 4450 be
440 4399 580 4462 negligent,
598 4401 642 4452 the
654 4401 711 4452 writ
793 4401 805 4434 ³
821 4403 855 4451 od
863 4403 1004 4466 proximum
1015 4399 1143 4463 repoawd.

181 4479 242 4530 ursy
253 4465 282 4517 bo
293 4467 352 4518 sent
363 4469 392 4516 to
403 4464 449 4516 the
459 4479 587 4516 coronare.
