3167 5075
43 1074 93 1139 tol.

329 400 456 452 comm
472 390 572 464 anon,
594 402 659 452 un.
674 384 844 463 .1236-7‚
865 400 929 451 sn
952 388 1003 452 21.
1157 390 1222 459 217

128 572 186 637 nou
209 572 318 659 potuit
341 594 413 637 eam
437 571 540 637 eicere
565 570 629 636 nisi
652 568 710 657 per'
735 568 842 657 legem
867 579 952 635 torre
975 568 1035 657 per
1056 566 1155 638 breue
1180 573 1222 639 de

127 676 262 762 ingressu
277 674 327 741 et¹
341 674 416 740 ideo
430 672 668 740 consideratum
684 681 735 739 est
749 672 836 759 quod
847 673 1009 738 Beatricia
1018 676 1223 761 recuperauit

127 781 266 846 saisinam
288 786 439 846 suamet
462 779 575 846 Simon
597 778 633 844 in
653 778 880 857 misericordie
901 786 937 843 et
965 778 1115 845 domiuus
1143 803 1223 847 suus

127 885 281 971 perquirat
295 884 360 950 sibi
372 906 432 971 per
445 883 545 949 breue
559 882 600 948 dc
615 883 762 971 ingressu
777 882 806 947 si
820 882 961 948 uoluerit
983 890 1043 949 etc
1059 892 1095 949 et
1112 883 1222 950 inucn’

124 987 200 1075 plag?
215 998 275 1055 ete.

177 1091 291 1157 Assisc
326 1090 421 1156 uenit
455 1090 663 1177 recognitum
698 1090 726 1155 si
761 1089 925 1155 Robertus
961 1092 1145 1177 capellanus
1180 1091 1223 1157 de

125 1192 268 1280 Owresby
293 1192 415 1257 iniuste
442 1200 502 1257 etc.
529 1190 707 1257 disseisiuit
731 1193 868 1258 Elanam
891 1192 932 1258 de
956 1192 1157 1260 Crosholmia
1181 1195 1223 1260 de

123 1295 215 1361 libero
239 1299 430 1361 tenemento
452 1297 516 1361 suo'
534 1295 570 1360 in
595 1294 760 1362 Norto'na'
786 1304 861 1383 post
886 1305 946 1362 etc
991 1297 1036 1363 Et
1060 1298 1224 1365 Robertus

122 1422 180 1465 non
192 1401 286 1467 uenit
298 1423 361 1467 neo
376 1399 440 1465 fuit
453 1400 610 1465 inuentus
625 1408 659 1465 et
673 1400 747 1466 ideo
767 1402 916 1487 capiatur
933 1401 1034 1467 assisa
1050 1424 1109 1488 per
1122 1402 1223 1468 defal-

123 1510 186 1567 tam
200 1510 258 1569 ete

179 1608 200 1671 J
202 1615 348 1672 oratores
369 1606 484 1671 dicunt
506 1604 593 1691 quod
614 1605 792 1671 disseisiuit
815 1628 887 1672 eam
909 1607 987 1693 quia
1007 1608 1125 1674 falsare
1144 1609 1223 1675 feeit

121 1706 283 1775 Rotcrtns⁸
298 1709 333 1773 in
349 1718 435 1773 terra
453 1708 557 1794 ipsius
577 1709 678 1773 Elene
699 1716 734 1773 et
753 1708 939 1795 asportare‘.
986 1711 1030 1775 Et
1052 1711 1125 1776 ideo
1147 1734 1222 1777 con·

120 1810 290 1877 sideratum
321 1816 371 1877 est
401 1811 488 1898 quod
517 1811 622 1877 Elena
648 1812 1044 1899 recuperauit'seisinam'
1063 1836 1157 1879 suam
1186 1823 1221 1882 et

118 1916 275 1983 Robertus
290 1918 326 1983 in
340 1916 560 1983 misericordia
573 1925 633 1983 etc
655 1916 660 2004 Ι

43 2063 48 2081 .
69 2024 87 2085 ’.
175 2022 288 2087 Assisa
301 2021 396 2086 uenit
410 2020 616 2107 recognitum
630 2020 658 2085 si
674 2020 790 2086 Grecia
803 2021 845 2087 de
865 2022 978 2087 Insula
991 2030 1027 2087 st
1040 2023 1149 2109 plures
1163 2023 1221 2089 alii

117 2131 148 2187 ct
160 2124 258 2189 infra⁸
273 2123 396 2189 iniuste
411 2131 471 2189 etc.
492 2122 738 2188 dissaisiuerunt
759 2124 944 2190 «Iohannem
964 2124 1005 2190 de
1026 2125 1160 2192 maxia
1178 2128 1219 2194 de

117 2225 210 2291 libem
225 2234 417 2292 tenemento
430 2248 489 2291 suo
503 2226 539 2291 in
558 2225 730 2312 Grimesby
743 2234 818 2311 post
837 2236 908 2305 etc,
922 2234 957 2292 et
970 2226 1058 2293 unde
1073 2230 1222 2315 queritur

116 2330 194 2413 quod
213 2329 464 2395 disseisiuerunt
486 2352 562 2395 eum
584 2328 625 2394 da
646 2352 720 2395 m
741 2329 798 2395 sol.
817 2329 964 2396 redditus
986 2352 1083 2417 quem
1103 2332 1220 2399 habuit

115 2454 150 2498 ex
164 2434 368 2499 concessione
383 2434 496 2499 Briani
507 2435 547 2500 de
559 2435 673 2499 Insula
688 2433 851 2521 quondam
866 2435 989 2501 domini
1003 2437 1063 2514 sui,
1074 2436 1123 2503 ita
1133 2438 1220 2525 quod

114 2561 167 2623 per
183 2539 326 2605 balliuos
345 2541 471 2626 positus
490 2540 554 2607 fuit
573 2540 608 2606 in
628 2541 788 2618 saisinam,
803 2548 838 2606 et
857 2541 936 2607 fecit
954 2549 1157 2608 attomatum
1177 2543 1218 2610 de
1259 2592 1264 2602 .
1347 2546 1351 2602 ζ

113 2645 332 2732 prosequendo
346 2667 404 2732 pro
419 2668 466 2711 eo.

171 2749 215 2813 Et
234 2771 336 2836 super
357 2748 418 2814 hoc
437 2748 546 2815 uenit⁰
568 2750 673 2816 Maior
686 2757 721 2816 ct
736 2750 858 2815 Balliui
873 2750 914 2816 de
929 2751 1117 2839 Grimesby'
1132 2753 1219 2840 quod

113 2859 336 2919 tenementum
373 2851 456 2918 illud
490 2863 540 2918 est
571 2853 607 2917 in
637 2853 810 2940 Grimesby
837 2862 873 2920 et
902 2855 1003 2920 talem
1032 2855 1219 2922 libertatem

113 2954 236 3036 habeut¹
243 2981 306 3044 per
320 2957 460 3022 cartam⁸
478 2957 579 3045 Regis
599 2957 760 3024 Johannis
782 2958 869 3045 quod
890 2981 954 3024 non
976 2959 1098 3026 debent
1119 2962 1219 3048 placi-

112 3069 175 3124 tare
204 3069 304 3126 extra
332 3059 445 3125 uillam
472 3083 565 3126 suam
591 3060 632 3126 de
658 3061 767 3147 aliquo
792 3062 912 3148 placito
937 3061 1002 3126 nisi
1025 3062 1067 3127 de
1093 3065 1218 3130 tenuris

113 3165 331 3242 exterioribus,
345 3172 381 3229 et
395 3163 471 3230 inde
487 3173 610 3230 cartam
625 3186 719 3229 auam
733 3163 870 3249 profert⁹
884 3186 948 3250 que
961 3163 1022 3229 hoc
1036 3173 1185 3234 testatur.

170 3269 215 3333 Et
229 3267 351 3334 Grecia
365 3274 400 3332 et
419 3267 583 3335 Robertus
603 3277 638 3335 et
652 3268 838 3334 Willelmus
859 3268 999 3333 ueniunt
1020 3276 1055 3334 et
1075 3270 1132 3334 alii
1152 3294 1221 3337 non·

113 3370 246 3436 ueniunt
273 3369 355 3456 quia
379 3392 445 3435 non
473 3371 606 3436 fuerunt
634 3369 771 3438 inuenti
815 3371 861 3436 Et
887 3371 1002 3437 Gracia
1025 3371 1218 3459 dicitquod

111 3473 276 3540 lohannes
302 3496 369 3539 non
394 3475 459 3540 luit
484 3474 561 3540 inde
584 3474 619 3539 in
642 3475 763 3540 saisina
785 3476 863 3562 quia
884 3484 1110 3541 tenementum
1135 3477 1219 3544 illud

111 3599 199 3644 suum
215 3579 283 3644 fuit
299 3585 409 3656 etant,
425 3577 503 3664 quia
524 3576 664 3643 Brianus
685 3576 727 3642 dc
748 3579 862 3644 Insula
883 3579 1045 3665 quondam
1067 3580 1218 3648 unauna

114 3683 230 3768 etipsa
249 3681 542 3768 implacitauerunt
562 3681 735 3768 quemdam
757 3682 916 3747 ualletum
936 3681 971 3747 iu
991 3682 1162 3770 Grimesby
1176 3685 1217 3751 de

114 3785 221 3852 eodem
243 3795 447 3864 tenemento,
462 3792 497 3850 et
516 3785 552 3850 in
572 3793 703 3850 tautum
725 3807 910 3871 processum
933 3785 998 3850 luit
1020 3786 1107 3872 quod
1129 3787 1216 3855 idem

110 3889 246 3954 ualletus
260 3887 454 3974 recognocit
469 3894 697 3952 tenementum
709 3887 795 3952 illud
805 3909 874 3953 esse
885 3888 937 3953 ius
947 3888 1089 3975 ipsorum
1105 3890 1217 3957 Briani

139 4042 221 4095 ¹0m.
233 4051 268 4094 et.
686 4042 884 4094 belowarstwo
895 4042 924 4092 of
932 4041 1011 4096 them.
1217 4016 1221 4022 Ι

138 4107 281 4172 2Purlmps
301 4107 423 4173 Bishop's
445 4109 547 4162 Norton
574 4123 637 4162 naar
720 4107 798 4158 'Sia
966 4156 970 4164 .

110 4170 398 4299 oimiiyli'iili‘sliis.
554 4196 557 4202 ⁵
718 4171 1009 4289 iiiiiiyiidiiiiiia
1037 4240 1110 4290 1201.
1154 4242 1214 4293 sot.

139 4303 148 4334 ⁴
163 4303 206 4355 Br.
222 4305 272 4354 161
285 4304 311 4354 b.
687 4305 757 4355 Cart.
769 4318 794 4366 p.
808 4305 849 4355 91.

136 4368 146 4400 ⁵
163 4369 261 4419 Names
272 4371 303 4420 of
311 4369 387 4420 other
397 4369 553 4422 deforciants
560 4369 636 4421 omit·
719 4369 730 4401 ⁰
747 4367 799 4420 Sic.

110 4433 155 4482 tel.
193 4434 295 4486 Bobsrt
321 4435 373 4486 and
399 4435 515 4487 william
542 4435 636 4487 named
