3167 5075
378 410 442 477 312
608 400 1131 481 momnnnm‚an..-1217·,aa
1154 402 1247 465 1-2.

379 593 410 658 ei
431 592 636 657 abstulerunt
657 598 732 677 post
751 593 866 677 pac'cm
885 596 947 654 etc.
966 588 1100 675 ponitur
1120 588 1155 653 in
1167 590 1359 675 ‘respectum
1379 605 1464 676 usque

379 697 421 763 ad
439 697 539 763 talem
558 696 646 761 diem
669 703 731 761 etc.
750 717 809 781 per
831 702 1021 781 preceptum
1046 693 1184 761 Comitis
1207 693 1400 760 Marescalli¹
1417 718 1464 781 per

379 800 557 867 Radullirm
577 800 713 887 Hareng
735 808 770 865 et
791 800 996 887 Stephanum
1012 798 1053 864 de
1068 798 1237 886 Segraue'.
1281 800 1325 865 Et
1339 798 1464 864 Hamon'

379 926 444 970 non
466 905 568 983 uenit,
592 912 626 970 et
649 904 829 970 uicecomes
852 903 1023 969 mandauit
1046 904 1133 990 quod
1154 926 1222 969 non
1243 903 1344 968 habet
1365 912 1465 969 terram

378 1016 449 1085 etc,
475 1016 510 1073 et
536 1016 586 1073 est
612 1007 654 1073 de
681 1008 806 1073 familia
828 1007 966 1074 Comitis
993 1007 1128 1087 Cestrie,
1152 1016 1188 1073 et
1212 1008 1286 1074 ideo
1310 1007 1467 1074 uiceocnea

379 1112 538 1177 attachiet
553 1134 629 1177 eum
643 1111 729 1177 siout
743 1119 804 1176 etc.
820 1118 855 1177 et
869 1110 914 1175 sit
927 1110 1101 1177 auditurus
1115 1122 1175 1178 eta

247 1216 340 1281 1310.
382 1266 385 1271 ⁴
444 1214 605 1280 Henricus
620 1215 709 1279 Hose
724 1222 759 1279 et
774 1214 936 1279 Robertus
956 1214 987 1280 le
1006 1214 1157 1301 Sauuage
1176 1214 1300 1281 milites
1319 1215 1403 1281 mimi
1420 1237 1466 1301 per

254 1318 324 1358 aaut.

377 1326 567 1405 preceptum
588 1316 682 1383 Dom.
703 1317 804 1406 Regis
823 1340 881 1404 per
900 1318 1000 1384 breue
1019 1341 1115 1383 suum
1136 1319 1178 1385 ad
1197 1320 1292 1386 Dom.
1312 1320 1466 1409 Reginum⁴

237 1472 240 1480 ,
377 1424 420 1489 ad
434 1421 633 1488 audiendum
647 1442 727 1508 quos
741 1420 813 1507 ipsa
832 1429 997 1487 attornarc
1016 1422 1119 1488 uellet
1138 1422 1207 1488 loco
1225 1446 1286 1489 suo
1299 1432 1358 1490 eta
1372 1446 1467 1489 uersus

378 1527 484 1592 Adam
507 1526 612 1591 Keret
632 1524 673 1590 de
696 1526 840 1591 manerio
860 1526 903 1591 de
925 1525 1057 1591 Kotona
1078 1549 1153 1592 cum
1175 1535 1268 1613 pert,
1290 1528 1422 1593 ueniunt
1439 1538 1466 1591 et

377 1631 492 1697 dicunt
529 1630 615 1717 quod
646 1630 717 1717 ipsa
744 1630 838 1716 ponit
868 1632 937 1696 loco
965 1654 1024 1696 suo
1052 1632 1228 1719 Hugonem
1256 1632 1299 1697 de
1328 1631 1451 1697 Batho'

252 1752 329 1803 [Μ]
378 1736 528 1801 clericum
544 1736 598 1800 nel
613 1735 824 1801 Waleranum
838 1736 870 1801 le
884 1734 990 1821 Tyeys
1005 1742 1064 1801 ete
1083 1734 1089 1822 Ι

245 1836 339 1899 1311.
442 1840 554 1905 Assisa
574 1839 668 1905 uenit
689 1840 895 1927 recognitum
913 1840 942 1904 si
961 1838 1114 1904 Warinus
1129 1838 1260 1925 Longos
1274 1849 1368 1924 pater
1378 1837 1464 1903 Alicie

258 1936 325 1978 utdd.

377 1944 485 2009 uxoris
506 1943 642 2009 Roberti
663 1943 704 2009 de
727 1944 900 2009 Fulemora
919 1942 983 2008 fuit
1002 1942 1133 2008 saisitus
1150 1942 1186 2007 in
1200 1942 1361 2009 dominico
1373 1964 1425 2007 suo
1435 1949 1465 2004 nt

375 2152 410 2217 in
440 2150 625 2217 Aldestrate
655 2148 708 2214 die
734 2170 799 2236 quo
829 2148 911 2214 obiit
936 2156 1008 2228 eto,
1033 2156 1068 2214 et
1090 2148 1120 2213 si
1141 2148 1224 2213 obiit
1248 2158 1324 2235 post
1347 2149 1463 2236 primam

375 2252 615 2319 coronacionem
629 2260 699 2330 etc,
714 2261 748 2318 et
763 2252 792 2322 si
805 2252 878 2338 ipsa
889 2251 997 2317 Alicia
1010 2252 1218 2339 propinquior
1237 2251 1332 2317 heres
1348 2252 1413 2317 eius
1424 2251 1463 2322 sit

377 2358 463 2423 unde
484 2357 671 2443 Stephanus
690 2356 731 2422 de
752 2356 923 2423 Gosewilla
941 2365 1034 2422 tenet
1052 2357 1085 2443 ij
1106 2379 1168 2423 aer.
1188 2364 1274 2422 terre
1296 2366 1332 2422 et
1352 2357 1421 2421 dim
1437 2364 1462 2418 et
1524 2365 1525 2410 t

377 2462 503 2527 Alanus
518 2462 548 2527 le
564 2462 703 2528 Briwere
723 2484 827 2527 unum
847 2460 1059 2549 mesuagium,
1074 2469 1109 2525 et
1129 2460 1304 2548 Gregorius
1323 2462 1465 2525 Tannator

372 2566 399 2652 j.
414 2566 626 2652 mesuagium,
636 2573 672 2630 et
686 2565 851 2630 Walterus
866 2565 982 2651 Pipere
992 2566 1017 2653 j.
1029 2565 1241 2652 mesuagium,
1252 2573 1288 2630 et
1302 2565 1464 2630 willelmus

379 2669 582 2735 Gareatarius
602 2669 628 2756 j.
651 2669 863 2755 mesuagium,
885 2668 944 2755 qui
964 2691 1076 2734 omnes
1096 2668 1237 2734 ueniunt
1259 2679 1294 2734 et
1316 2667 1462 2757 quesitisi

377 2771 457 2859 quid
471 2772 577 2838 dicere
592 2772 716 2838 uellent
731 2793 831 2858 quare
845 2771 946 2836 assisa
958 2779 1149 2849 remaneret,
1160 2771 1275 2837 dicunt
1289 2771 1464 2860 quodassisa
1523 2802 1524 2805 ¹

377 2897 442 2940 non
456 2875 555 2941 debet
569 2874 645 2941 inde
660 2875 730 2940 fieri
745 2875 823 2960 quia
837 2873 1002 2961 predictus
1016 2874 1169 2940 Warinus
1189 2875 1307 2941 habuit
1324 2874 1462 2962 quendam

377 2981 482 3045 filium
496 2981 626 3046 nomine
642 2980 847 3045 Gilebertum
862 2980 995 3045 fratrem
1012 2979 1115 3066 ipsius
1133 2980 1239 3052 Alicie
1258 2981 1317 3066 qui
1338 2981 1376 3046 de
1395 2989 1464 3044 terra

377 3108 475 3172 quem
498 3085 560 3173 ipsi
582 3093 697 3150 tenent
718 3085 782 3150 suit
804 3083 935 3150 saisitus
955 3091 1029 3170 post
1048 3091 1187 3149 mortem
1201 3085 1341 3170 predicti
1357 3079 1461 3149 Warini

377 3189 479 3276 patris
501 3189 561 3267 sui,
583 3189 632 3256 ita
652 3189 740 3276 quod
762 3189 850 3255 idem
873 3189 1059 3254 Gilebertus
1080 3189 1313 3254 terramillam
1335 3185 1461 3254 uendidit

377 3292 519 3358 Roberto
534 3292 600 3358 filio
615 3292 741 3380 Nigelli
755 3292 813 3378 qui
824 3291 914 3357 illam
924 3291 1017 3357 dedit
1026 3291 1062 3355 in
1072 3290 1281 3358 elemosinam
1292 3289 1461 3358 monialibus

377 3395 417 3461 de
438 3395 670 3463 Clerkenwilla
715 3396 842 3462 Dicunt
860 3396 964 3462 eciam
983 3396 1070 3482 quod
1088 3395 1196 3461 adhuc
1214 3395 1302 3462 uiuit
1320 3394 1461 3482 predictus

377 3500 561 3565 Gilebertus
575 3508 614 3565 ut
629 3499 766 3566 credunt
781 3509 816 3566 et
830 3501 930 3566 estin
945 3499 1120 3587 Hybernia

441 3603 485 3668 Et
509 3602 674 3669 Walterus
703 3604 819 3691 Pipere
848 3604 929 3670 dicit
957 3604 1045 3692 quod
1072 3605 1142 3691 ipse
1171 3604 1272 3670 nichil
1300 3599 1460 3670 clamatin

376 3706 540 3792 mesuagio
563 3707 649 3793 quod
675 3706 744 3792 ipse
771 3715 864 3772 tenet
892 3707 956 3772 nisi
985 3707 1027 3773 ad
1056 3708 1234 3773 terminum
1263 3707 1304 3772 de
1332 3701 1460 3771 annoin

374 3832 497 3875 annum
533 3809 573 3876 de
610 3810 750 3898 quodam
782 3810 934 3877 «Iohanne
964 3812 995 3877 le
1025 3811 1163 3897 Waleya
1222 3813 1268 3877 Et
1296 3807 1458 3876 Willelmus

376 3911 578 3978 Carectarius
592 3920 687 3978 uocat
702 3912 744 3978 ad
758 3922 939 3979 warantum
953 3913 995 3979 de
1009 3915 1175 4001 mesuagio
1188 3937 1249 3980 suo
1262 3923 1322 3985 etc

441 4016 485 4082 Et
510 4016 673 4083 Robertus
698 4026 733 4084 et
757 4019 865 4084 Alicia
887 4018 1067 4084 defendunt
1092 4019 1179 4105 quod
1202 4020 1362 4105 predictus
1383 4013 1460 4081 uile·

374 4118 486 4184 bertus
515 4141 681 4205 nunquam
711 4121 775 4186 fuit
804 4121 934 4186 saisitus
962 4122 1003 4187 de
1032 4121 1178 4208 predicta
1203 4130 1291 4188 terra
1316 4143 1370 4186 neo
1393 4123 1458 4203 post
1518 4204 1519 4207 Ἴ

951 4315 1082 4368 indicated
1091 4315 1126 4379 by
1137 4317 1207 4367 tales.

812 4417 819 4431 .
984 4381 1122 4432 ‘labella
1133 4381 1178 4433 the
1188 4395 1272 4443 queen
1282 4379 1383 4431 mona.

407 4443 417 4476 ³
435 4445 490 4494 One
501 4445 528 4494 cl
544 4445 589 4495 tha
600 4445 730 4497 unnamed
745 4447 900 4498 defendants
