3167 5075
397 382 534 444 smera,
556 380 621 431 sn.
646 368 739 443 1226,
761 381 823 430 aa
848 369 897 438 10;
1136 367 1201 436 ‚570

111 555 152 619 ita
170 553 250 640 quod
273 553 392 620 Vitalis
413 553 454 618 de
477 552 662 618 Oucrlande
684 551 749 617 luit
770 552 911 639 plegius¹
934 552 1146 627 essoniatcris,
1168 561 1202 616 et

111 657 173 722 ideo
189 655 316 743 plegius
335 656 370 722 in
391 655 616 732 misericordia,
632 663 667 721 et
686 655 786 721 assisa
805 654 952 741 capiatur
971 677 1030 741 per
1048 654 1203 720 desaltam

109 767 161 827 etc.

165 867 329 949 Jmatores
342 864 457 931 dicunt
472 864 558 951 quod
573 865 738 951 predictus
753 865 866 931 Simon
886 867 1089 952 presentauit
1103 888 1204 953 quen-

108 968 174 1033 dam
188 969 362 1034 Falconem
378 967 529 1033 clericum
546 967 603 1054 qui
615 967 734 1032 ultimo
749 967 831 1033 obiit
841 991 978 1054 persona
987 970 1029 1034 sd
1040 979 1205 1056 presenta-

107 1059 220 1138 cionem
240 1073 384 1138 eiusdem
407 1073 548 1138 Simonis
568 1072 610 1137 ad
630 1072 766 1138 eandem
787 1074 985 1160 prebendam
1005 1083 1040 1139 et
1060 1083 1204 1161 ternpore

108 1179 193 1262 pacis
216 1201 220 1206 ·
243 1178 287 1243 Et
312 1178 385 1243 ideo
411 1177 650 1243 consideratum
676 1185 727 1242 est
752 1178 839 1263 quod
865 1179 978 1244 Simon
1000 1179 1205 1265 recuperauit

106 1281 248 1348 saisinam
273 1305 365 1347 suam
392 1289 453 1348 etc.
498 1282 542 1346 Et
565 1281 642 1368 quia
664 1281 772 1346 Aficia
795 1282 970 1348 Comitissa
994 1284 1145 1349 nonfuit
1169 1285 1205 1349 in

107 1387 246 1472 partibus
269 1386 390 1473 Anglie
413 1385 542 1472 quando
566 1385 777 1450 summonicio
798 1395 858 1450 etc.
876 1409 936 1452 nec
955 1395 1077 1472 postea,
1094 1367 1206 1474 quieta

106 1490 145 1554 sit
159 1491 198 1556 de
212 1490 441 1566 misericordia,
456 1491 626 1577 presertim
637 1513 718 1556 cum
733 1499 892 1556 testatum
907 1492 952 1558 sit
970 1515 1029 1579 per
1047 1493 1205 1558 iuratores
1288 1471 1292 1486 ⁵

107 1595 185 1680 quod
210 1595 282 1682 ipsa
306 1595 408 1660 nichil
434 1594 510 1660 inde
537 1594 659 1673 sciuit',
682 1595 782 1660 immo
809 1596 885 1662 t'alis
909 1598 1103 1664 senescallus
1128 1620 1206 1664 suus

104 1698 273 1784 impediuit
288 1707 348 1763 etc.
364 1706 398 1762 et
413 1697 486 1762 ideo
501 1697 535 1762 in
551 1697 777 1763 misericordia
1165 1689 1168 1696 ‘

46 1801 72 1864 rt.
163 1801 373 1889 'Arnulphus
401 1802 490 1867 filius
519 1801 651 1867 Ricardi
680 1802 721 1868 de
752 1803 940 1870 Codenham
970 1813 1004 1869 et
1034 1805 1117 1870 tales
1145 1812 1206 1870 etc.
1283 1841 1319 1868 u.

103 1907 212 1973 fratres
244 1906 418 1973 attachiati
444 1908 577 1972 fuerunt
603 1906 646 1972 ad
671 1907 930 1993 respondendum
957 1909 1056 1974 Sauie
1081 1909 1148 1973 filie
1171 1918 1206 1974 et

102 2010 208 2077 heredi
222 2011 390 2097 Amulphi
405 2010 445 2076 de
462 2010 689 2078 Cheldefordia
706 2033 770 2097 quc
790 2019 841 2076 est
860 2011 944 2077 infra
963 2021 1087 2079 etatem
1106 2035 1206 2098 quare

101 2113 303 2180 intruserunt
325 2137 359 2180 se
381 2114 417 2180 in
438 2114 611 2180 dimidium
631 2113 810 2179 molendini
829 2137 911 2181 cum.
927 2123 1007 2201 pert
1024 2124 1059 2180 et
1079 2125 1206 2181 tantem

101 2226 157 2282 etc.
171 2217 207 2282 in
229 2218 420 2284 Godenham
441 2216 527 2283 unde
547 2217 712 2303 prodictus
734 2217 925 2303 Amulphus
947 2227 1040 2304 pater
1061 2219 1206 2305 predicte

101 2321 196 2387 Sauie
227 2321 323 2388 ouius
351 2322 445 2387 heros
469 2322 541 2408 ipsa
569 2330 620 2386 est
645 2320 728 2386 obiit
756 2321 887 2386 saisitus
915 2330 954 2387 ut
983 2321 1024 2388 ds
1050 2323 1142 2388 feodo
1166 2332 1206 2388 ut

98 2425 183 2492 dicit
204 2425 210 2512 Ι

160 2531 206 2596 Et
221 2531 416 2617 Amulphus
431 2538 466 2596 et
485 2530 543 2595 alii
562 2529 702 2595 ueniunt
724 2539 759 2597 et
781 2528 963 2596 defendunt
985 2530 1206 2597 intrusionem.

97 2634 153 2699 Set
169 2655 289 2701 uerum
304 2635 422 2699 uolunt
437 2634 551 2700 dicere.
596 2634 788 2721 Amulphus
807 2635 871 2699 fuit
890 2636 1073 2701 auunculus
1087 2658 1207 2714 eorum,

98 2748 129 2803 et
143 2740 278 2825 quando
293 2740 375 2805 obiit
387 2740 510 2826 prolem
521 2762 587 2803 non
599 2739 723 2816 habuit,
734 2747 785 2805 set
796 2748 910 2825 postea
918 2741 1001 2805 bene
1011 2741 1208 2807 audiuerant

96 2843 181 2928 quod
204 2844 318 2909 Alicia'
342 2866 423 2908 uxor
447 2842 592 2909 eiusdem
617 2844 781 2929 Arnulphi
806 2844 871 2909 luit
892 2868 1054 2931 pregnans
1075 2868 1116 2910 ex
1138 2846 1208 2932 ipso

96 2947 271 3034 Amulpho
296 2956 331 3014 et
354 2948 472 3013 habuit
495 2956 609 3034 postea
631 2948 812 3034 predictam
839 2950 983 3028 Sauiam,
1007 2950 1094 3016 undo
1123 2951 1207 3017 bene

96 3059 298 3138 cognoscunt
313 3051 399 3137 quod
419 3050 490 3137 ipsa
509 3059 560 3117 est
580 3051 674 3116 heres
693 3051 832 3137 predicti
851 3053 1024 3139 Amulphi,
1039 3063 1129 3119 etex
1144 3076 1208 3139 quo

95 3152 142 3218 ita
155 3164 207 3220 est
223 3153 324 3219 modo
338 3154 466 3219 nullum
481 3154 533 3220 ius
552 3154 695 3219 clamant
714 3154 749 3218 in
770 3162 860 3220 terra
873 3154 931 3219 illa
945 3165 1015 3232 etc,
1029 3164 1080 3222 set
1094 3178 1208 3221 reuera

95 3256 199 3339 primo
214 3262 399 3343 posuerunt
413 3276 447 3320 se
468 3254 503 3320 in
524 3255 676 3320 saisinam
699 3264 738 3321 ut
760 3255 810 3321 illi
831 3258 889 3343 qui
910 3258 1117 3323 crediderunt
1139 3279 1207 3322 esse

96 3358 233 3426 heredes
248 3358 391 3446 predicti
405 3358 577 3444 Amulphi.

159 3466 204 3530 Et
220 3464 333 3529 Alicia
347 3470 452 3528 mater
465 3462 567 3549 ipsius
583 3464 681 3529 Sauic
696 3486 829 3550 presens
844 3473 894 3531 est
909 3474 943 3530 et
958 3464 1038 3531 dicit
1049 3465 1135 3553 quod
1150 3465 1210 3530 hoc

94 3566 217 3633 iniuste
249 3566 367 3631 dicunt
399 3566 477 3652 quia
504 3566 567 3652 ipsi
596 3566 679 3632 bene
716 3569 882 3634 sciuerunt
918 3569 1004 3655 quod
1040 3570 1112 3655 ipsa
1147 3570 1210 3634 fuit

95 3696 271 3761 pregnans,
282 3681 316 3738 et
327 3680 440 3759 postea
454 3672 583 3758 quando
599 3672 699 3737 Souis
713 3688 792 3738 nata
806 3673 870 3738 luit
884 3674 947 3760 ipsi
960 3683 1210 3760 asportauerunt

93 3778 206 3845 domos
234 3785 274 3844 et
300 3776 430 3842 omnino
456 3784 577 3841 terram
603 3775 693 3841 illam
718 3784 933 3841 uastauerunt
958 3800 1017 3863 per
1041 3776 1210 3842 consilium

94 3881 205 3967 Egidii
221 3881 316 3945 Mero
330 3880 479 3966 capitalis
493 3878 617 3944 domini
631 3879 688 3966 qui
708 3887 828 3945 terram
848 3880 938 3945 illam
957 3880 1005 3946 eis
1024 3880 1210 3946 tradiderat.
1325 3931 1328 3936 .

94 3986 136 4051 Et
151 3994 311 4073 preterea
324 3984 387 4071 ipsi
402 3984 492 4071 prius
506 3984 718 4049 reddiderunt
733 3985 839 4049 cidem
854 3985 959 4051 Alicie
978 3986 1088 4051 dotem
1108 4008 1209 4061 suam,

94 4100 128 4155 et
143 4111 248 4176 quam
265 4088 331 4153 cito
346 4088 512 4155 sciuerunt
526 4088 615 4175 quod
628 4088 696 4154 filia
710 4112 770 4154 sua
784 4098 863 4155 nata
877 4090 941 4163 fuit
960 4090 1165 4156 abstulerunt
1180 4090 1212 4157 ei

92 4192 206 4258 dotem
221 4212 320 4255 suam
336 4198 370 4256 et
385 4190 481 4256 blada
495 4214 561 4257 sira

126 4330 134 4363 ¹
150 4330 198 4381 Br.
211 4330 233 4380 i.
244 4330 295 4379 351
306 4328 331 4379 b.
714 4329 727 4363 ⁸
742 4329 773 4379 B.
785 4344 821 4380 m.
840 4330 887 4389 11;
906 4328 951 4380 the
967 4332 1024 4380 first
1040 4335 1099 4393 part
1115 4332 1144 4380 ol
1159 4330 1213 4381 this

123 4398 135 4429 ¹
152 4397 226 4447 Hero
238 4395 263 4444 B
277 4399 355 4457 stopa
684 4398 771 4458 σαψ
789 4396 836 4445 but
847 4395 950 4445 crosssd
961 4401 1015 4446 cut.

1018 4487 1125 4556 37-2
