3167 5075
488 420 627 485 ruerus,
648 421 714 471 nn.
737 407 832 482 1225,
854 420 917 471 sn
941 407 970 471 9.
1218 405 1281 472 103

169 612 236 657 non
250 588 345 655 uenit
359 609 419 675 per
429 586 516 675 quod
531 586 707 653 essoniator
717 609 797 652 suus
807 609 866 674 per
875 586 1033 653 iudicium
1047 586 1135 654 curie
1149 588 1281 654 recessit

169 696 240 761 sine
267 694 329 771 die,
354 702 389 758 et
414 700 528 779 posteo
552 692 640 756 idem
666 691 853 757 Willelmus
876 691 1053 778 acquisiuit
1077 691 1167 757 aliud
1195 715 1279 778 pone

168 801 298 866 desicut
319 798 411 863 nulls
437 796 566 883 loquele
588 796 631 863 ad
656 796 744 861 hunc
768 794 856 861 diem
882 796 946 861 fuit
968 796 1004 860 in
1027 796 1185 862 comitatu
1211 804 1280 874 etc,

169 913 205 971 et
227 904 301 970 ideo
322 926 389 969 non
413 902 488 968 uult
513 901 706 988 respondere
731 900 796 967 nisi
818 900 908 966 curia
932 899 1192 967 considerauerit.
1236 902 1281 966 Et

168 1009 356 1075 willelmus
378 1007 438 1073 hoc
460 1014 569 1085 totum
591 1005 755 1094 cognoscit
775 1012 811 1071 et
829 1003 903 1072 ideo
917 1005 1079 1072 Robertus
1093 1005 1163 1072 eine
1177 1004 1231 1071 die
1245 1012 1281 1071 et

169 1111 357 1177 Willelmus
371 1110 406 1175 in
420 1109 644 1175 misericordie

117 1278 126 1293 ,
237 1213 361 1279 Editha
389 1235 453 1299 que
482 1212 546 1277 fuit
575 1235 657 1277 uxor
681 1210 840 1276 Willelmi
865 1211 896 1276 le
921 1210 1026 1275 Blalre
1050 1211 1137 1298 petit
1166 1232 1280 1277 uersus

169 1316 392 1404 Reginaldum
407 1316 437 1381 le
452 1315 547 1380 Teler
566 1314 778 1381 medietatem
787 1300 891 1381 ¹unius
905 1315 1042 1403 mesegii
1055 1338 1131 1382 cum
1145 1323 1228 1403 pert.
1243 1316 1280 1383 in

169 1419 342 1507 Wigornia
355 1426 395 1484 ut
409 1418 520 1484 dotem
535 1442 627 1484 suam
642 1426 703 1485 etc.

237 1523 283 1587 Et
306 1521 507 1610 Regineldus
527 1522 619 1587 uenit
642 1530 677 1587 et
699 1521 779 1587 dicit
802 1520 889 1608 quod
910 1544 976 1587 non
995 1529 1105 1607 potest
1123 1521 1200 1587 inde
1214 1544 1281 1587 res·

169 1626 314 1716 pondere
335 1628 414 1714 quia
432 1648 497 1692 non
514 1634 606 1692 tenet
621 1626 703 1691 illud
719 1626 899 1713 masagium
913 1626 978 1691 nisi
991 1626 1033 1692 ed
1048 1627 1225 1694 terminum
1239 1627 1281 1693 de

169 1755 258 1798 enno
279 1732 315 1797 in
336 1754 459 1797 annum
480 1731 522 1797 de
545 1732 701 1825 Gemasio
724 1731 754 1797 le
774 1732 867 1797 Seler
885 1739 921 1797 et
940 1731 1017 1797 inde
1036 1739 1133 1797 uocet
1147 1753 1224 1798 eum
1237 1732 1281 1798 ad

171 1844 363 1901 warantum.
407 1835 540 1901 Habeat
555 1856 630 1900 eum
646 1834 706 1900 tali
720 1834 773 1899 die
788 1841 849 1900 etc.

16 1946 125 2010 1081.
239 1940 435 2025 Preceptum
454 1939 519 2005 fuit
538 1938 722 2005 uicecomiti
742 1938 829 2024 quod
842 1938 1021 2025 inquireret
1035 1937 1211 2026 diligenter
1223 1939 1281 2025 qui
1384 1968 1402 1998 ι.

171 2045 308 2109 fuerunt
329 2044 487 2109 iuratores
508 2042 606 2109 assise
628 2064 713 2107 noue
733 2041 901 2107 disseisine
924 2064 1030 2127 nuper
1053 2050 1148 2128 capte
1173 2064 1281 2107 coram

172 2146 361 2213 iusticiamis
389 2146 432 2213 ad
465 2147 526 2213 hoc
561 2146 733 2233 assignatis
761 2146 850 2213 inter
878 2146 1081 2212 Willelmum
1109 2147 1150 2212 de
1180 2148 1282 2233 Percy

171 2259 365 2339 querentem
381 2260 416 2317 et
433 2252 613 2317 Robertum
634 2252 676 2318 de
695 2251 798 2339 Percy
811 2250 852 2316 de
873 2250 1013 2338 quodam
1034 2259 1151 2338 stagno
1172 2251 1282 2317 leuato

171 2358 210 2422 in
231 2357 481 2443 Homingetone
498 2356 540 2421 ad
559 2364 793 2422 nocumentum
816 2356 910 2422 liberi
931 2356 1115 2422 tenementi
1136 2356 1282 2422 eiusdem

171 2461 333 2527 Willelmi
347 2460 382 2525 in
400 2460 603 2527 Tatecastro¹
623 2469 659 2526 et
678 2460 765 2548 quod
787 2461 963 2548 assumptis
983 2460 1049 2525 illis
1070 2468 1106 2526 et
1126 2460 1199 2526 aliis
1220 2467 1281 2527 etc

172 2590 233 2654 per
248 2589 328 2654 quos
342 2575 402 2632 etc
418 2566 597 2654 inproprie
616 2588 752 2652 persone
773 2565 942 2631 accederet
960 2565 1003 2632 ad
1023 2565 1282 2653 Homigetonam

171 2680 211 2737 et
232 2693 292 2757 per
315 2693 427 2736 eorum
449 2671 557 2736 uisum
581 2678 733 2756 stagnum
757 2670 840 2735 illud
866 2692 935 2736 esse
961 2671 1081 2736 faceret
1104 2671 1189 2736 sicut
1211 2693 1282 2736 esse

171 2776 274 2842 debet
299 2783 335 2841 et
360 2776 443 2841 solet
467 2783 503 2841 et
528 2775 706 2840 secundum
736 2775 823 2861 quod
851 2775 1054 2862 recognitum
1082 2775 1147 2840 fuit
1175 2797 1282 2840 coram

171 2879 370 2955 iusticiariis
386 2886 421 2944 et
435 2878 522 2965 quod
537 2879 565 2944 si
578 2879 666 2944 idem
681 2878 845 2944 Robertus
859 2880 914 2944 uel
928 2879 980 2943 sui
1000 2877 1125 2964 aliquid
1146 2900 1282 2964 oocupa-

172 2981 286 3048 uerint
300 2990 414 3048 contre
426 2991 664 3049 sacromentum
679 2983 897 3069 predictorum
912 2982 1149 3070 recognitorum
1164 2981 1198 3062 id
1212 2982 1282 3048 sine

171 3087 334 3154 dilacione
349 3086 514 3152 emendari
529 3087 649 3152 faceret
664 3093 699 3152 et
713 3087 827 3152 eodem
842 3087 937 3152 modo
954 3087 982 3151 si
997 3086 1084 3152 idem
1100 3086 1283 3152 Willelmus

172 3191 232 3256 uel
246 3191 298 3256 sui
312 3190 436 3277 aliquid
450 3190 680 3278 occupauerint
694 3198 757 3256 etc.
767 3198 803 3256 et
813 3190 900 3277 quod
914 3190 942 3255 si
956 3189 1126 3256 abeodem
1140 3190 1283 3255 Roberto

173 3293 233 3360 uel
255 3293 419 3359 Willelmo
440 3293 551 3381 aliqua
570 3293 647 3360 inde
669 3301 881 3380 purpresturs
902 3294 989 3359 fecta
1009 3294 1109 3360 fuerit
1131 3316 1282 3380 purpres-

175 3407 287 3464 turam
302 3397 392 3464 illam
407 3398 487 3464 scire
506 3399 627 3464 feceret
646 3397 833 3463 iusticisriis
847 3405 907 3463 etc.
922 3406 1047 3484 quanta
1060 3405 1095 3464 et
1109 3420 1174 3483 quo
1188 3395 1283 3462 modo

174 3505 267 3570 facte
279 3509 365 3568 esset
379 3509 438 3568 etc.
482 3503 528 3568 Et
546 3502 725 3568 uicecomes
744 3501 835 3566 misit
857 3501 1103 3586 inquisicionem
1125 3523 1188 3588 que
1208 3500 1284 3565 talis

175 3615 239 3686 est,
268 3605 355 3693 quod
383 3606 547 3672 Robertus
574 3607 615 3673 de
638 3607 740 3692 Percy
760 3605 923 3672 leuauerit
944 3605 1107 3693 quoddam
1130 3613 1284 3692 stagnum

174 3709 268 3796 apud
289 3709 548 3796 Hornigetonem
562 3709 605 3776 ad
624 3716 858 3774 nocumentum
878 3708 972 3774 liberi
987 3707 1168 3773 tenementi
1182 3706 1286 3793 ipsius

176 3813 338 3880 Willelmi
351 3813 387 3878 in
401 3814 588 3879 Tetecastro
606 3814 666 3879 hoc
685 3812 781 3879 modo
801 3811 884 3878 scil.¹
898 3812 986 3899 quod
998 3812 1086 3878 idem
1101 3811 1286 3877 Willelmns

176 3915 389 3984 sustinuisset
412 3916 500 4003 quod
521 3915 585 4002 ipsi
608 3916 765 3982 iuratores
788 3924 1048 3982 amensurassent
1070 3915 1152 3981 illud
1175 3937 1287 4001 super-

177 4019 313 4096 lectum,
334 4019 398 4105 ipsi
425 4018 651 4105 deposuissent
679 4019 760 4084 duos
789 4019 889 4106 pedes
913 4019 1056 4107 plenarie
1081 4027 1287 4106 perrectum

178 4123 300 4189 lineam
315 4121 356 4188 de
371 4122 509 4209 predicti
528 4123 706 4210 stegnit
659 4123 706 4188 alt
707 4122 835 4190 itudine
858 4131 893 4189 et
913 4123 1070 4190 sumitate
1092 4131 1179 4190 certe
1201 4131 1287 4188 terre

213 4317 631 4382 ¹HorningtonsndTodcaster.
758 4317 825 4382 legal
836 4317 1074 4382 proceedingshsu
1065 4315 1287 4379 ⁸,ngbeenbsgun

212 4383 425 4434 'Anomimion
390 4399 501 4448 onyma
517 4384 578 4435 bes
565 4383 708 4448 suspected,
759 4334 1286 4436 Willismtookthslswintohisown

179 4449 388 4514 butrhepoint
406 4399 708 4508 olthecassisthat.
760 4447 856 4503 hands.
