3167 5075
369 386 434 451 382
676 396 827 461 remur,
850 380 915 448 hh.
941 384 1034 458 1220,
1056 396 1119 447 nu.
1142 385 1170 447 4.

363 572 576 660 probabiliter
594 580 718 638 testata
737 572 810 649 fuit,
825 569 914 636 unde
933 570 1025 636 euris
1042 570 1259 637 considerauit
1280 572 1363 659 quod
1382 572 1448 639 torro
1528 574 1531 611 '³

363 686 534 765 caperetur
554 679 590 743 in
613 700 748 743 monum
768 678 862 742 Dom.
878 676 988 764 Regis
1032 675 1170 741 Interim
1192 676 1288 742 uenit
1308 678 1447 743 lohannes
1528 761 1531 766 Ι

361 790 397 847 et
411 783 512 868 peciit
525 805 547 848 e
559 781 752 848 uioeoomite
766 790 889 847 terrum
904 802 996 845 suem
1011 802 1070 866 per
1084 779 1259 867 pleuinem,
1275 790 1310 847 et
1325 782 1447 847 uenited
1528 814 1531 819 ·

361 884 545 971 proximum
560 885 752 951 comitatum
767 892 802 949 et
816 884 917 971 peciit
932 891 1053 949 terrem
1067 906 1159 949 suum
1175 906 1232 970 per
1251 886 1408 971 pleuimm
1422 897 1447 950 et
1530 904 1531 907 ’

361 987 488 1055 hebuit.
517 988 561 1053 Et
575 987 722 1053 defendit
731 986 1019 1052 summonioionem
1032 987 1254 1073 et‘supersises
1263 996 1298 1053 et
1309 987 1448 1059 defslton,
1530 992 1531 1027 ³

362 1100 433 1170 eto,
458 1100 492 1157 et
517 1092 766 1157 summonitores
790 1098 958 1178 presentes
983 1090 1115 1156 fuorunt
1142 1100 1176 1156 et
1198 1092 1315 1157 testati
1339 1094 1449 1157 fuerunt
1531 1096 1532 1135 ἒ

360 1197 656 1273 summonioionem,
676 1204 711 1261 et
732 1197 807 1261 ideo
829 1195 1067 1261 consideratum
1089 1195 1152 1260 fuit
1174 1196 1261 1282 qnod
1283 1196 1449 1263 defenderet

360 1299 648 1364 summonioionem
670 1306 705 1364 et
727 1299 876 1364 uodimet
898 1298 1014 1384 legem,
1029 1305 1064 1362 et
1084 1298 1213 1364 ueniret
1234 1322 1312 1365 eum
1334 1300 1399 1387 lege
1417 1298 1448 1363 sd
1529 1330 1532 1341 ι

359 1400 542 1486 proximum
572 1401 774 1475 comitatum,
805 1400 862 1486 qui
891 1400 955 1465 fuit
989 1400 1155 1487 proximus
1184 1410 1257 1487 post
1287 1403 1401 1467 festum
1424 1402 1449 1465 S.

361 1504 501 1570 Hillnrii
544 1503 598 1569 Ad
618 1504 810 1569 comitatum
829 1504 924 1569 illum
944 1503 1120 1569 essonieuit
1143 1526 1186 1582 se,
1202 1514 1236 1570 et
1251 1506 1368 1571 hebuit
1380 1506 1449 1570 dien

360 1630 418 1694 per
432 1609 660 1675 essouiatorem
675 1632 770 1674 suum
790 1608 833 1674 od
853 1609 1037 1695 proximum
1057 1610 1248 1676 comitatum
1270 1618 1449 1697 sequentem.
1531 1620 1532 1623 ’

360 1709 415 1776 Ad
435 1712 627 1777 comitatum
648 1735 727 1778 uero
748 1714 843 1777 illum
863 1711 958 1777 uenit
978 1712 1145 1778 Johnnnes
1165 1736 1239 1778 eum
1260 1714 1335 1801 lego
1353 1736 1407 1779 sno
1423 1722 1450 1776 et

360 1814 514 1880 Methone
547 1814 640 1879 uenit
674 1824 709 1880 et
742 1814 868 1881 remisit
898 1816 929 1880 ei
963 1816 1070 1903 legem
1099 1815 1199 1891 illam,
1229 1824 1264 1881 et
1295 1816 1449 1881 comitatus
1532 1826 1533 1862 3

359 1918 510 1983 similiter
530 1917 655 1982 remisit
677 1918 707 1983 ei
729 1918 836 2004 legem
858 1918 956 1984 illam
978 1918 983 2005 Ι
1003 1919 1045 1983 Et
1067 1918 1220 1983 Methens
1240 1919 1342 2005 peciit
1356 1940 1450 1983 uersus
1532 1962 1533 1967 κ

360 2045 437 2089 enm
456 2022 617 2109 predictas
636 2045 693 2087 sex
713 2022 807 2087 hides
827 2032 913 2088 terre
933 2045 1007 2089 eum
1028 2030 1111 2109 pert,
1125 2032 1164 2087 ut
1179 2023 1230 2087 ius
1244 2046 1341 2088 suum
1356 2032 1413 2087 eto.
1424 2030 1450 2083 et

360 2132 399 2188 ut
413 2124 485 2189 illas
499 2124 587 2189 unde
601 2124 787 2190 willelmus
801 2126 842 2190 de
863 2124 1046 2191 Glinedone
1062 2148 1146 2191 auus
1166 2148 1246 2190 suus
1260 2124 1327 2191 fuit
1340 2125 1451 2191 seisitus
1532 2168 1533 2173 η

359 2235 399 2292 ut
413 2227 454 2293 de
469 2227 563 2293 feodo
577 2235 611 2292 et
625 2228 697 2293 iure
711 2227 796 2293 etin
810 2227 971 2293 dominico
986 2235 1132 2313 tempore
1147 2228 1189 2293 H
1207 2228 1310 2315 Regis
1324 2228 1377 2293 eui
1394 2236 1451 2301 ete,

359 2330 517 2418 cupiendo
532 2329 610 2395 inde
629 2332 761 2417 explete
774 2330 816 2396 ad
831 2330 1013 2396 uelenoinm
1027 2339 1097 2409 ete,
1112 2339 1146 2396 et
1161 2331 1202 2397 de
1217 2332 1289 2418 ipso
1303 2333 1451 2398 Willelmo

358 2432 525 2498 deseendit
550 2433 602 2499 ius
627 2440 713 2498 terre
738 2433 827 2498 illins
851 2433 996 2501 Johenni
1017 2432 1084 2499 filio
1105 2456 1164 2499 suo
1186 2443 1222 2499 et
1252 2435 1341 2521 petri
1365 2434 1451 2521 ipsius

359 2537 494 2615 hlothei,
518 2539 615 2604 etde
636 2539 708 2625 ipso
730 2539 881 2604 Johenne
904 2538 980 2606 huie
1002 2539 1136 2604 Matheo
1157 2548 1197 2604 ut
1222 2549 1294 2616 ete,
1322 2549 1357 2606 et
1380 2537 1453 2626 qnod

358 2642 523 2728 predictus
535 2643 720 2709 Willelmus
739 2643 789 2708 ita
807 2643 871 2708 fuit
890 2643 1021 2708 seisitus
1042 2651 1102 2709 ete
1118 2643 1240 2729 optulit
1254 2645 1388 2731 prebere
1405 2665 1452 2729 per
1533 2691 1534 2698 κ

358 2767 474 2831 eorpus
495 2747 665 2813 miusdnm
686 2755 746 2813 eto
770 2747 906 2813 Roberti
928 2747 969 2812 de
995 2747 1163 2834 Oloptonu,
1189 2747 1248 2835 qui
1267 2749 1328 2814 hoo
1348 2747 1453 2835 optulit
1520 2810 1526 2841 ι

357 2851 493 2936 probare
506 2875 566 2938 per
579 2875 694 2938 corpus
707 2875 804 2916 suum
819 2851 903 2917 sieut
917 2851 959 2917 de
974 2851 1049 2917 uisu
1063 2874 1122 2917 sno
1136 2859 1196 2916 ete
1241 2853 1285 2918 Et
1299 2851 1452 2918 Johnnnes
1521 2858 1528 2911 :¹

358 2954 505 3020 defendit
519 2956 571 3020 ius
584 2978 681 3020 suum
696 2963 731 3020 et
745 2955 846 3041 peciit
861 2955 969 3022 uisum
984 2955 1025 3022 de
1040 2963 1129 3021 tene
1141 2955 1204 3021 illa
1251 2956 1325 3036 Quo
1347 2955 1453 3028 auditu

357 3059 446 3125 idem
470 3059 624 3124 Mothous
647 3057 732 3124 dixit
756 3058 843 3145 quod
866 3082 932 3125 non
955 3059 1071 3125 debuit
1096 3059 1172 3124 inde
1202 3060 1311 3125 nisum
1342 3061 1455 3129 hebere,

357 3163 436 3249 quie
449 3163 538 3229 idem
552 3163 720 3230 Johennes
734 3163 844 3228 tenuit
864 3163 990 3250 integre
1012 3171 1117 3230 totum
1137 3164 1251 3230 uillam
1271 3165 1313 3230 de
1337 3163 1408 3229 Ken
1427 3173 1455 3226 et

358 3275 465 3330 totam
478 3266 592 3331 uillam
606 3267 646 3331 de
662 3266 778 3353 Hywis
791 3275 826 3332 et
840 3266 910 3352 ipse
926 3275 1028 3332 totam
1044 3276 1164 3333 terrem
1178 3269 1270 3334 illnm
1284 3269 1384 3355 peciit
1397 3267 1455 3332 sine

359 3370 426 3436 ullo
440 3371 658 3436 retinemento
672 3393 787 3436 uersus
801 3393 886 3448 eum,
901 3378 936 3435 et
950 3379 1100 3456 pretereo
1113 3379 1202 3437 tene
1214 3373 1273 3438 ille
1286 3381 1382 3459 eepte
1400 3369 1454 3435 fuit

357 3473 393 3537 in
407 3495 541 3538 menum
555 3473 649 3539 Dom
665 3473 765 3560 Regis
779 3495 837 3560 pro
852 3473 983 3538 defectu
996 3473 1098 3559 ipsius
1112 3476 1136 3541 J
1136 3475 1272 3541 ohannis
1286 3499 1346 3562 per
1360 3475 1455 3540 uisum

358 3585 497 3662 quatuor
510 3576 654 3641 militum
667 3577 725 3662 qui
739 3585 906 3662 presentes
918 3577 1051 3642 fuerunt
1061 3577 1097 3642 in
1108 3579 1266 3644 comitatu
1278 3589 1312 3645 et
1322 3579 1455 3667 plurium

358 3678 504 3756 nliomm,
533 3679 620 3744 unde
648 3679 746 3746 sciuit
774 3681 858 3746 bene
887 3681 1018 3766 qualem
1046 3689 1167 3747 terrem
1196 3683 1306 3769 peciit,
1330 3693 1367 3748 et
1394 3681 1457 3747 ideo

358 3781 533 3847 uidebatur
552 3783 584 3848 ei
604 3782 689 3868 quod
708 3805 774 3848 non
793 3782 909 3849 debuit
928 3784 1037 3850 uisum
1056 3786 1184 3853 hebere.
1230 3787 1274 3852 Et
1288 3787 1458 3852 uieeoomes

287 3972 292 3982 ι
358 3887 443 3952 dixit
467 3886 574 3952 eidem
596 3887 742 3954 Johenni
764 3888 851 3975 quod
875 3889 950 3954 inde
973 3889 1159 3977 loqueretur
1181 3898 1216 3956 et
1237 3889 1322 3978 quod
1345 3891 1458 3956 dieeret

358 3989 449 4056 aliud
474 3990 528 4054 uel
554 3999 742 4077 expectaret
767 3992 925 4059 iudicium
949 4017 1054 4072 snum,
1077 4003 1189 4060 utrum
1216 3995 1321 4061 uisum
1347 3995 1458 4060 hebere

359 4093 493 4159 deberet
507 4116 568 4160 neo
581 4117 630 4160 ne.
675 4095 720 4162 Et
733 4097 803 4183 ipse
823 4097 928 4162 exiuit
948 4106 983 4162 et
1000 4098 1127 4163 locutus
1142 4097 1206 4162 fuit
1220 4097 1295 4164 inde
1309 4107 1345 4162 et
1360 4097 1458 4172 rediit

360 4205 396 4262 et
419 4205 528 4283 spreto
554 4198 629 4264 uisu
658 4200 708 4265 ita
734 4201 822 4286 quod
850 4201 957 4268 noluit
986 4202 1105 4268 hebere
1129 4202 1286 4269 iudicium
1310 4201 1353 4268 de
1384 4203 1459 4274 uisu,

360 4301 498 4366 intrauit
512 4301 546 4366 in
561 4303 780 4370 defensionem
800 4315 861 4374 etc.
906 4307 951 4372 Et
971 4307 1124 4374 Mothous
1147 4307 1326 4394 querelauit
1349 4327 1457 4371 uersus

360 4425 436 4468 eum
459 4425 518 4489 per
540 4405 654 4472 eadem
679 4407 865 4495 uerbaque
893 4410 983 4495 prius
1008 4418 1068 4477 eto
1114 4410 1157 4476 Et
1182 4411 1347 4478 Johennes
1371 4409 1458 4476 uenit
