3167 5075
506 418 657 481 ramur,
680 419 743 468 en.
771 406 863 480 1224,
886 421 949 470 aa
973 408 1002 469 8.
1267 409 1306 475 61

200 588 335 653 terciam
359 594 485 673 partem
508 610 580 652 xxv.
602 610 664 653 aer.
687 595 772 653 terre
795 595 831 654 et
847 588 872 674 j
895 588 1073 654 molendini
1087 611 1162 654 cum
1177 597 1258 676 port
1274 590 1309 655 iu

199 693 316 757 eadem
339 692 421 757 uilla
442 700 502 757 ete.
525 700 559 757 et
574 712 688 757 uersus
702 690 867 779 Rogerum
884 691 1019 779 Oligant
1035 692 1168 758 terciam
1182 701 1309 779 purtem

194 798 221 883 j.
231 798 313 884 uirg.
324 806 409 861 terre
419 818 492 861 cum
503 803 583 882 pert.
594 794 1083 861 ineademuillaetc.etuersus
1091 796 1310 883 Reginaldum

199 900 306 964 filium
329 898 419 964 Petri
442 898 576 965 terciam
598 906 726 984 partem
747 897 826 963 dim.
847 897 929 984 uirg.
952 906 1038 963 terre
1060 921 1135 963 cum
1163 907 1245 985 pert.
1275 900 1310 965 in

199 1002 316 1067 eadem
339 1002 426 1078 uilla,
448 1024 529 1087 quas
549 1000 666 1067 tercias
687 1008 797 1086 partes
818 999 891 1086 ipsa
909 1000 1001 1066 Geue
1016 1000 1135 1067 clamat
1150 1001 1185 1066 iu
1200 1001 1310 1067 dotem

199 1113 261 1169 etc
277 1112 313 1169 et
328 1103 415 1168 unde
430 1104 493 1189 ipsi
508 1124 619 1167 omnes
634 1110 835 1167 uocauerunt
849 1101 893 1167 ad
911 1110 1093 1167 warantum
1108 1104 1310 1171 willelmum

199 1210 335 1274 fratrem
358 1217 393 1273 et
418 1206 570 1272 heredem
599 1204 739 1292 predicti
767 1205 900 1271 Ricardi
928 1206 985 1292 qui
1014 1229 1146 1293 presens
1175 1218 1225 1273 est
1254 1232 1312 1295 per

198 1311 490 1378 summonicionem
505 1318 565 1373 etc.
580 1317 616 1373 et
630 1308 711 1373 dicit
726 1308 814 1395 quod
827 1309 952 1373 nullam
968 1317 1088 1375 terram
1104 1310 1204 1376 habet
1224 1312 1311 1377 unde

198 1416 392 1481 waranciam
414 1420 523 1499 posset
545 1413 648 1477 faeere
670 1410 803 1476 atinde
822 1411 911 1499 petit
933 1412 1091 1477 iudicium
1112 1422 1148 1478 et
1169 1436 1234 1479 non
1255 1413 1311 1479 de·

199 1520 308 1586 fendit
323 1526 455 1585 cartam.
711 1572 714 1581 ,

268 1625 313 1687 Et
327 1622 474 1687 Abbates
488 1630 523 1687 et
537 1644 649 1687 omnes
663 1620 720 1686 alii
734 1620 875 1687 ueniunt
889 1629 924 1686 et
938 1621 1053 1687 dicunt
1067 1622 1153 1709 quod
1173 1623 1227 1689 die
1247 1647 1312 1710 quo

200 1735 406 1793 uocauerunt
426 1726 470 1792 ad
490 1734 671 1791 warantum
697 1734 732 1790 et
762 1748 827 1812 quo
855 1727 1074 1792 summonitus
1102 1728 1166 1793 luit
1193 1728 1312 1794 habuit

201 1834 271 1917 ipse
287 1841 406 1897 terram
421 1830 638 1897 sufficientem
653 1829 740 1895 unde
755 1828 980 1895 warantizaret
995 1838 1030 1895 et
1044 1830 1073 1895 si
1086 1841 1201 1918 postea
1219 1832 1310 1900 illam

201 1946 325 2019 terram
339 1936 437 2001 alicui
452 1934 614 2000 commisit
626 1934 682 1999 uel
697 1932 790 1999 dedit
804 1934 865 1999 hoc
879 1956 944 1999 non
958 1933 1058 1999 debet
1072 1936 1120 2002 eis
1134 1960 1256 2002 nocere

269 2039 313 2105 Et
335 2040 519 2104 Willelmus
540 2037 703 2123 cognoscit
724 2037 811 2123 quod
839 2059 954 2102 reuera
982 2037 1099 2103 habuit
1128 2049 1248 2105 terram
1276 2050 1312 2107 et

201 2143 290 2230 quod
306 2152 379 2230 post
394 2142 426 2207 N
429 2144 516 2209 atale
532 2142 666 2207 Domini
680 2142 770 2207 illam
785 2142 912 2207 dimisit
931 2142 1075 2209 Hemico
1096 2143 1137 2209 de
1159 2145 1310 2212 Aldithe·

201 2248 285 2334 lega
331 2248 375 2311 Et
396 2248 470 2313 ideo
492 2246 730 2311 consideratum
752 2247 912 2333 estquod
938 2247 979 2313 de
1000 2256 1090 2313 terra
1110 2272 1174 2335 que
1204 2250 1310 2316 eidem

201 2350 369 2415 Willelmo
398 2348 566 2415 descendit
594 2356 629 2413 et
659 2371 757 2435 quam
786 2350 857 2435 ipse
881 2349 991 2415 tenuit
1012 2352 1111 2417 faciat
1131 2353 1311 2419 uiceoomes

200 2453 309 2519 eidem
325 2454 416 2519 Geue
431 2452 629 2519 escambium
644 2454 686 2517 ad
700 2453 882 2519 ualenciam
897 2454 1116 2541 predictarum
1136 2457 1309 2523 terciarum

200 2557 348 2646 parcium
364 2567 398 2623 et
412 2559 559 2624 Abbates
573 2567 609 2624 et
623 2558 680 2622 alii
694 2559 770 2625 inde
785 2559 855 2624 sine
869 2559 923 2624 die
938 2568 973 2624 et
988 2567 1123 2626 teneant
1136 2560 1172 2626 in
1186 2584 1272 2648 pace.
1306 2621 1310 2634 .

267 2662 379 2728 Assisa
399 2662 492 2727 uenit
511 2662 719 2749 recognitum
740 2671 852 2728 utrum
874 2684 942 2728 una
962 2662 1092 2749 uirgsta
1120 2673 1206 2732 terre
1234 2690 1309 2732 cum

200 2773 282 2852 pert
305 2765 341 2830 in
363 2764 505 2852 Roinges
526 2765 571 2830 sit
592 2764 695 2830 libera
716 2765 892 2830 elemosina
905 2766 1072 2851 pertinens
1085 2767 1128 2832 ad
1142 2769 1310 2835 ecclesiam

201 2870 353 2958 Magistri
367 2870 391 2935 J
391 2870 528 2936 ohannis
541 2869 583 2934 de
598 2869 736 2956 Reygat'
751 2870 792 2935 de
808 2870 952 2958 Roinges
972 2893 1016 2936 an
1037 2872 1158 2938 laicum
1179 2875 1309 2940 feodum

202 2973 353 3040 (leufridi
366 2972 546 3040 Baieudete.
591 2971 658 3053 Qui
672 2971 765 3038 uenit
780 2982 815 3038 et
829 2972 910 3038 dicit
924 2973 1012 3060 quod
1025 2997 1091 3040 non
1112 2975 1213 3042 debet
1233 2977 1310 3042 inde

199 3077 301 3142 assisa
321 3075 393 3141 fieri
412 3075 493 3162 quia
513 3082 730 3140 antecessores
751 3073 804 3139 sui
822 3075 935 3141 leolati
949 3076 1083 3142 luerunt
1097 3099 1118 3143 a
1131 3087 1310 3165 conquestu

199 3175 321 3264 Anglie
337 3176 385 3240 ita
398 3174 486 3262 quod
500 3182 651 3240 tenerent
666 3173 707 3238 de
722 3175 858 3240 ecclesia
871 3175 929 3240 illa
942 3184 978 3240 et
992 3176 1080 3242 redd'
1102 3176 1134 3241 ei
1156 3200 1216 3265 per
1235 3203 1310 3246 ann

201 3303 231 3346 x.
261 3279 317 3346 sol
347 3287 382 3344 et
410 3278 494 3343 bene
523 3277 687 3365 cognoscit
716 3278 803 3364 quod
833 3279 1007 3345 seruicium
1032 3280 1115 3346 illud
1136 3290 1187 3346 est
1208 3283 1312 3353 libera

201 3381 377 3448 elemosina
398 3378 531 3447 ecclesie
552 3380 650 3458 illius,
675 3389 727 3446 set
755 3381 892 3447 ecclesia
919 3383 977 3448 illa
1005 3405 1173 3470 nunquam
1201 3387 1311 3453 tenuit

201 3486 427 3553 terramillam
441 3485 478 3551 in
492 3485 654 3550 dominico
669 3493 703 3550 et
717 3485 795 3552 inde
809 3487 902 3574 ponit
917 3511 952 3553 sa
966 3490 1217 3576 superassisam

264 3591 312 3656 Et
327 3589 486 3677 Magister
499 3589 666 3656 Johannes
680 3589 761 3654 dicit
775 3591 862 3676 quod
877 3591 1042 3657 Siwardus
1056 3599 1151 3678 pater
1164 3591 1310 3660 eiusdem

202 3695 352 3762 Gaufridi
365 3695 470 3782 primo
485 3693 602 3760 habuit
616 3701 736 3760 terram
750 3694 842 3760 illam
856 3704 892 3761 et
906 3717 971 3760 non
991 3694 1108 3760 habuit
1129 3695 1310 3784 ingressum

199 3800 264 3866 nisi
292 3821 352 3886 per
380 3798 554 3886 quemdam
584 3798 719 3864 Petrum
740 3820 909 3884 personam
932 3798 1078 3864 eiusdem
1098 3800 1231 3867 ecclesie
1253 3803 1311 3889 qui

199 3905 290 3970 illam
313 3903 345 3969 ei
366 3901 491 3968 dimisit
513 3923 571 3988 pro
593 3901 765 3966 uoluntate
787 3910 904 3968 suaet
926 3901 987 3966 hoc
1008 3901 1091 3968 bene
1113 3912 1216 3989 patet,
1233 3905 1310 3991 quia

199 4010 287 4076 idem
310 4006 475 4074 Siwardus
495 4005 670 4092 aliquando
692 4003 784 4071 dedit
806 4005 883 4070 inde
911 4005 1066 4071 maiorem
1094 4007 1222 4073 firmam
1250 4009 1309 4074 ali·

200 4111 330 4200 quando
344 4110 502 4177 minorem
517 4117 552 4175 et
566 4107 643 4175 inde
658 4108 752 4195 ponit
766 4131 802 4174 se
815 4131 914 4195 super
926 4110 1068 4176 iuratam
1083 4118 1119 4176 et
1134 4111 1310 4181 Gaufridus

198 4215 358 4282 similiter.

265 4321 435 4389 Juratores
466 4317 580 4384 dicunt
609 4317 695 4404 quod
723 4323 812 4382 terra
840 4316 897 4383 illa
924 4325 976 4383 est
1004 4317 1134 4382 feodum
1161 4317 1308 4383 eiusdem

200 4424 333 4492 ecclesie
355 4425 405 4490 ita
425 4422 512 4510 quod
533 4423 621 4488 idem
645 4421 822 4489 (laufridus
836 4431 871 4488 ct
884 4429 1102 4491 antecessores
1114 4421 1167 4488 sui
1181 4444 1309 4508 semper
