3167 5075
352 399 415 460 500
581 404 816 465 montanum,
837 402 901 451 nn.
928 387 1020 462 1223,
1043 400 1107 448 nn.
1129 384 1223 451 7-8.

351 567 530 648 sideratum
543 589 593 646 est
607 577 694 666 quod
716 575 870 642 defendet
892 597 926 640 se
948 575 1002 660 xii
1019 596 1118 638 manu
1141 581 1175 637 et
1197 571 1308 636 ueniat
1327 569 1379 635 tali
1390 567 1432 634 die

352 696 412 752 etc.
428 709 502 751 cum
517 685 589 771 lege
604 706 664 749 sua
678 692 739 748 etc.

418 787 633 875 ¹Reginaldus
663 787 704 852 de
734 783 952 850 Punchardun
978 791 1039 847 etc
1065 781 1125 868 iiij.
1151 780 1273 845 milites
1298 778 1378 844 mimi
1401 776 1437 840 ad

353 894 536 959 Walterum
558 892 599 957 de
622 889 803 956 Sonewella
822 888 880 974 qui
895 886 1069 973 languidus
1084 895 1144 950 ete
1160 885 1201 951 ad
1217 883 1402 949 audiendum
1416 883 1443 946 si

353 998 421 1084 ipse
437 996 595 1062 concessit
617 993 705 1080 quod
726 993 817 1057 misit
839 991 1020 1056 Robertum
1041 991 1146 1054 filium
1161 1011 1257 1054 suum
1272 986 1312 1052 sd
1325 1007 1443 1071 respon-

353 1101 497 1166 dendum
508 1122 566 1184 pro
582 1121 620 1163 eo
631 1098 672 1161 de
683 1095 813 1182 loquela
824 1117 887 1180 que
899 1102 948 1158 est
960 1093 995 1157 in
1007 1093 1120 1158 eadem
1137 1092 1228 1158 curia
1238 1092 1321 1156 inter
1329 1089 1444 1154 Willel·

354 1227 444 1270 mum
456 1202 578 1290 Paynsl
593 1208 762 1287 petentem
778 1205 813 1262 et
828 1197 935 1284 ipsum
945 1197 1129 1262 Walterum
1144 1204 1310 1262 tenentem
1324 1195 1360 1259 de
1373 1193 1447 1258 dim

354 1307 436 1394 uirg.
452 1315 536 1371 tene
557 1327 633 1368 cum
655 1310 737 1388 pert.
752 1301 787 1365 in
810 1301 892 1365 Broc
914 1308 948 1364 et
970 1299 1010 1364 de
1032 1322 1098 1364 nno
1119 1299 1257 1386 ferlingo
1278 1306 1357 1363 terre
1376 1319 1447 1361 cum

355 1418 435 1497 pert.
452 1409 487 1474 in
504 1406 748 1474 Smithenecota
769 1413 829 1468 etc
876 1402 920 1465 Et
939 1401 1002 1487 ipsi
1022 1402 1162 1466 ueniunt
1184 1411 1218 1467 et
1240 1402 1349 1466 dicunt
1369 1398 1451 1485 quod

355 1521 462 1577 ratum
489 1510 606 1575 habuit
631 1529 821 1593 responsum
846 1528 942 1571 sunm
964 1504 1050 1592 quod
1073 1504 1150 1569 fecit
1172 1526 1230 1590 pro
1251 1527 1297 1581 eo,
1317 1511 1352 1568 et
1371 1501 1451 1589 quod

354 1612 534 1677 attomauit
556 1609 697 1676 eundem
719 1609 787 1672 loco
810 1630 868 1673 suo
890 1616 952 1673 etc.
966 1608 1000 1671 in
1023 1607 1137 1672 eadem
1160 1607 1289 1693 loquela
1308 1615 1367 1672 eta
1413 1606 1452 1670 Et

354 1715 520 1780 sciendum
536 1713 623 1800 quod
636 1712 725 1777 idem
742 1711 834 1776 misit
854 1711 961 1797 ipsum
982 1711 1163 1775 Robertum
1186 1719 1225 1775 ut
1246 1709 1452 1796 responsalem

354 1841 450 1883 sunm
464 1825 636 1903 postquam
651 1815 828 1880 esaoniauit
843 1837 877 1879 se
892 1814 932 1880 de
948 1815 1033 1880 mdlo
1048 1814 1134 1892 lecti,
1149 1823 1209 1879 etc

420 1918 535 2005 ’Hugo
552 1919 638 1983 filius
652 1917 791 1982 Walteri
809 1917 895 2003 petit
915 1939 1028 1982 uersus
1048 1916 1236 1981 Falkesium
1258 1915 1298 1981 de
1320 1915 1454 1980 Breslrte

355 2031 390 2089 et
409 2022 604 2109 Margeriam
623 2043 758 2086 uxorem
777 2020 849 2086 eius
870 2043 950 2106 quos
972 2020 1135 2086 Walterus
1157 2021 1188 2086 le
1211 2021 1308 2085 Frers
1331 2021 1456 2085 uocauit

355 2126 397 2191 ad
419 2135 600 2190 warantum
615 2133 650 2190 et
665 2123 722 2210 qui
737 2124 768 2188 ei
777 2131 843 2189 etc.
859 2123 934 2190 dim.
952 2123 1032 2209 uirg.
1047 2131 1083 2188 et
1097 2131 1163 2188 tres
1177 2145 1268 2188 aeras
1287 2131 1372 2188 terre
1388 2145 1456 2188 cum

355 2239 436 2317 pert.
463 2229 498 2294 in
524 2227 775 2294 Sabrictewrthe
802 2235 841 2293 ut
866 2227 917 2292 ius
942 2249 1046 2305 suum,
1069 2225 1156 2292 unde
1182 2226 1252 2313 ipse
1276 2227 1376 2314 Hugo
1400 2228 1457 2292 fuit

356 2333 486 2399 seisitus
511 2339 658 2418 tempore
683 2331 783 2418 Regis
808 2330 840 2396 J.
865 2339 925 2396 etc.
971 2331 1015 2395 Et
1041 2331 1211 2396 Falkesius
1241 2341 1276 2398 et
1304 2332 1460 2419 Margaia

357 2437 496 2502 ueniunt
518 2443 552 2500 et
576 2434 690 2499 dicunt
714 2433 800 2520 quod
822 2434 891 2520 ipse
916 2434 1043 2498 nullum
1066 2434 1117 2499 ius
1139 2435 1278 2500 clamare
1300 2445 1410 2521 potest
1429 2436 1459 2499 in

358 2550 445 2607 terra
459 2540 524 2618 illa,
539 2540 617 2626 quia
632 2540 700 2625 ipse
716 2540 817 2626 Hugo
832 2540 969 2605 eandem
987 2548 1106 2605 terram
1122 2540 1248 2605 dimisit
1262 2548 1296 2605 et
1309 2541 1461 2607 conoeaeit

359 2654 393 2711 et
416 2645 560 2731 quietam
583 2644 738 2709 clamauit
760 2644 893 2708 Warino
915 2644 982 2709 filio
1005 2644 1145 2721 Geroldi,
1167 2645 1261 2711 ouius
1282 2645 1378 2711 heres
1399 2646 1462 2731 ipsa
1536 2631 1537 2645 ¹

359 2748 521 2834 Margeria
542 2758 600 2825 eat,
616 2768 676 2833 per
697 2754 820 2812 cartam
842 2769 935 2812 suam
958 2770 1057 2834 quam
1079 2748 1248 2834 proferunt
1270 2756 1304 2812 et
1323 2770 1388 2834 que
1409 2749 1462 2813 hoo

359 2852 447 2918 idem
462 2858 604 2916 testatur
618 2859 678 2915 etc.

427 2954 470 3017 Et
484 2954 584 3039 Hugo
599 2951 770 3018 concessit⁸
781 2960 904 3017 cartam
920 2961 955 3019 et
970 2954 1216 3031 concessionem,
1226 2962 1276 3019 aet
1287 2953 1371 3020 dicit
1385 2954 1464 3041 quod

361 3058 421 3122 hoc
437 3056 513 3121 lecit
527 3079 586 3142 per
600 3056 838 3121 districcionem
853 3080 951 3143 quam
966 3058 1131 3144 predictus
1147 3058 1312 3125 Walterus
1328 3061 1360 3125 le
1376 3061 1465 3125 Frere

361 3162 392 3226 ei
414 3162 499 3239 lecit,
515 3160 592 3247 quia
613 3162 683 3247 ipse
706 3161 769 3225 fuit
792 3161 934 3227 bellinus
956 3161 1096 3249 predicti
1119 3163 1264 3227 Guarini
1286 3172 1322 3227 et
1345 3164 1466 3229 obsedit
1534 3162 1535 3179 ¹

360 3287 436 3329 eum
451 3262 487 3328 in
501 3263 661 3328 cimiterio
676 3263 717 3328 de
733 3263 994 3343 Sabrictewrthe,
1009 3266 1059 3330 ita
1072 3264 1161 3352 quod
1178 3288 1243 3331 non
1259 3268 1372 3352 potuit
1386 3266 1465 3332 exire

361 3376 537 3453 antequam
564 3368 692 3431 fecisset
716 3376 839 3433 cartam
864 3368 962 3434 illam.
1008 3370 1052 3434 Et
1077 3371 1226 3456 quesitus
1251 3372 1387 3458 quando
1414 3372 1466 3436 hoc

362 3472 435 3549 fuit,
449 3472 530 3537 dicit
545 3472 631 3559 quod
646 3482 792 3559 tempore
806 3473 837 3538 J.
854 3473 955 3561 Regis
970 3498 1021 3539 xx.
1037 3476 1132 3541 annis
1148 3475 1321 3541 transactis
1337 3484 1399 3542 cte

429 3576 472 3639 Et
482 3576 559 3661 quia
568 3575 655 3640 idem
665 3576 766 3663 Hugo
774 3578 939 3663 cognoscit
949 3586 1071 3643 cartam
1081 3600 1247 3656 suam‚nec
1256 3579 1403 3665 aliquam
1411 3580 1467 3644 dis·

363 3681 548 3746 triccionem
564 3681 707 3745 ostendit
719 3704 781 3767 que
795 3682 826 3746 ei
841 3684 927 3748 sacta
938 3683 1046 3762 fuerit,
1057 3706 1118 3748 nec
1129 3684 1229 3749 alicui
1238 3692 1319 3750 tunc
1332 3685 1466 3751 ostendit

362 3785 599 3851 districcionem
615 3786 713 3863 illam,
729 3787 967 3852 consideratum
983 3788 1135 3873 estquod
1151 3789 1323 3854 Falkesius
1339 3800 1376 3855 st
1392 3792 1468 3855 mar·

363 3888 453 3975 geria
461 3887 646 3973 indequicti
655 3887 722 3951 sint
732 3896 766 3952 et
776 3889 877 3975 Hugo
886 3889 921 3954 in
930 3889 1149 3955 misericordis
1157 3912 1215 3976 pro
1225 3892 1468 3957 falsoclamore‘.

428 3993 639 4078 'Preoeptum
671 3993 736 4056 fuit
770 3994 958 4058 uicecomiti
992 3994 1078 4080 quod
1109 3994 1222 4059 uenire
1252 3996 1377 4062 laceret
1405 4011 1468 4061 octo

266 4116 293 4145 ⁶¹¹
397 4120 407 4152 ¹
424 4118 585 4171 A.m.11d.
942 4119 1012 4170 cited
1027 4120 1062 4183 by
1080 4120 1204 4179 Braoton,
1221 4120 1240 4170 1.
1257 4122 1316 4183 311,
1339 4123 1408 4172 from
1424 4122 1469 4171 this

397 4184 500 4236 ²A.m.
515 4184 583 4234 lad
942 4190 1018 4235 term.
1052 4184 1105 4235 But
1123 4185 1168 4235 the
1185 4200 1293 4248 passage
1312 4187 1343 4237 in
1365 4190 1468 4238 Baeton

397 4250 496 4301 'Gom
507 4253 638 4311 coquerem,
650 4250 681 4298 A.
943 4250 1017 4301 looks
1028 4250 1175 4301 likeanots
1187 4252 1342 4313 misplaced.
1369 4254 1469 4303 ouem

397 4317 526 4367 *secan
538 4316 556 4364 1.
570 4318 601 4365 16
612 4315 637 4363 b.
940 4315 1003 4365 that
1029 4315 1073 4367 the
1096 4316 1208 4366 Kentish
1231 4316 1344 4377 lmights
1366 4334 1411 4368 ars
1431 4323 1469 4365 not

397 4382 453 4431 ‘a
468 4396 503 4430 m.
515 4382 552 4431 13.
589 4380 655 4429 Thia
669 4395 752 4430 recma
767 4380 893 4431 tobetha
943 4380 1026 4431 called
1048 4380 1077 4430 in
1098 4396 1128 4431 as
1150 4382 1249 4445 jamra:
1274 4382 1343 4446 they
1359 4398 1429 4435 corne
1445 4396 1469 4431 ss

364 4462 424 4497 casa
444 4446 526 4496 about
548 4445 662 4495 Thomas
685 4446 715 4495 ol
740 4446 892 4496 Nassenden
942 4446 1049 4510 judioinl
1061 4460 1189 4498 assoesors
1201 4448 1254 4497 and
1265 4446 1301 4497 do
1313 4456 1365 4500 not
1375 4464 1455 4499 sacer.
