3167 5075
332 368 566 428 monimus,
587 367 652 417 sn.
678 354 771 430 1225,
793 367 857 418 sn
883 354 998 418 9-10,
1154 350 1217 418 527

125 543 258 629 queritur
283 540 371 628 quod
398 540 486 606 idem
510 539 682 626 Philippus
704 539 809 604 trahit
833 540 969 606 eumin
993 539 1151 625 placitum
1176 539 1219 604 de

125 647 208 712 bosco
228 646 267 710 de
288 645 354 710 Lee
376 653 411 709 et
434 644 475 710 de
497 665 589 709 mora
612 643 654 709 de
679 643 838 721 Wittona,
860 651 895 708 et
920 643 1071 708 similiter
1094 643 1135 708 de
1159 643 1219 709 hoo

123 749 199 835 quod
212 749 267 814 ubi
280 749 350 834 ipse
365 749 533 815 lohannes
552 757 588 813 et
607 749 756 814 homines
774 749 826 812 sui
846 749 979 835 capiunt
999 747 1098 814 uadis
1116 747 1220 813 homi-

124 876 193 918 num
215 852 315 939 ipsius
345 851 490 938 Philippi
517 874 577 938 pro
605 851 858 917 deterioracione
887 852 977 918 bledi
1006 861 1042 918 et
1070 851 1156 938 prati
1186 859 1220 916 et

122 956 246 1022 aliorum
264 955 489 1041 dampnorum,
503 955 544 1020 de
565 955 623 1020 ille
642 955 793 1041 capcione
815 955 918 1022 trahit
939 956 1026 1021 idem
1048 955 1220 1042 Philippus

123 1083 188 1126 eum
200 1061 233 1124 in
246 1060 413 1147 placitum,
427 1082 485 1145 per
499 1059 586 1145 quod
600 1058 816 1124 deterioratus
831 1067 881 1124 est
896 1069 956 1124 etc.

177 1163 219 1228 Et
232 1163 404 1248 Philippus
418 1161 512 1227 uenit
527 1170 561 1226 et
576 1160 657 1226 dicit
671 1160 758 1246 quod
772 1184 837 1226 non
848 1161 947 1227 debet
958 1161 1064 1226 eidem
1074 1162 1097 1227 J
1099 1161 1220 1227 ohanni

122 1265 156 1330 de
173 1267 277 1352 aliquo
297 1265 418 1351 placito
438 1264 639 1350 respondere,
654 1265 732 1350 quia
750 1264 820 1350 ipse
841 1266 1139 1331 excommunicatus
1160 1273 1220 1343 est,

120 1376 151 1432 et
169 1368 240 1434 inde
261 1371 385 1455 profert
406 1368 533 1434 litteras
555 1368 649 1432 Dom.
664 1367 909 1455 Archiepiscopi
932 1370 1140 1435 Eboracensis
1162 1393 1219 1456 pa-

120 1480 216 1539 tentes
237 1495 302 1559 que
323 1472 384 1538 hoc
405 1472 493 1540 idern
515 1480 681 1538 testantur
701 1472 783 1551 etc.¹,
806 1481 840 1538 et
866 1473 940 1538 ideo
961 1473 1132 1561 Philippus
1153 1497 1218 1540 non

120 1576 184 1640 uult
197 1577 226 1641 ei
240 1575 434 1662 respondere
448 1575 513 1640 nisi
527 1575 617 1640 curia
631 1575 892 1642 considerauerit.

175 1680 217 1746 Et
236 1679 406 1746 Johannes
426 1678 507 1744 dicit
529 1678 615 1765 quod
637 1679 678 1744 de
700 1679 820 1765 placito
842 1703 949 1746 coram
971 1681 1035 1746 illis
1057 1681 1218 1748 iudicibus

119 1805 175 1848 non
188 1783 341 1869 queritur,
356 1782 434 1869 quia
447 1781 489 1848 de
502 1781 637 1847 decimis
651 1783 799 1847 fenorum
814 1791 849 1847 et
865 1784 1123 1850 molendinorum
1138 1807 1219 1871 quas

118 1889 158 1954 ibi
171 1890 322 1976 exigebat
337 1888 478 1954 libenter
491 1887 589 1953 faciet
604 1888 692 1974 quod
706 1888 747 1953 de
767 1889 839 1954 iure
859 1889 1000 1967 debebit,
1017 1899 1067 1955 set
1082 1890 1122 1955 de
1138 1891 1218 1956 laico

118 1993 200 2059 feodo
218 2016 278 2059 suo
299 1993 445 2079 predicto
465 1999 500 2056 et
519 2000 668 2077 preterea
687 1992 729 2058 de
750 1993 890 2078 quodam
910 1983 1103 2080 hermitagio
1123 2003 1158 2058 et
1177 1995 1219 2059 de

118 2095 233 2161 decima
252 2096 362 2161 bestia
383 2095 501 2162 foreste
523 2117 583 2160 sue
599 2105 680 2160 'eum
701 2096 920 2180 implacitauit
943 2105 1055 2162 contra
1076 2097 1218 2183 prohibi-

117 2199 231 2266 cionem
246 2222 356 2265 eoram
371 2198 493 2264 talibus
507 2197 694 2277 iudicibus²,
706 2211 741 2264 et
756 2199 832 2264 inde
848 2200 948 2265 habet
962 2209 1084 2266 sectam
1100 2209 1169 2278 etc,
1184 2210 1219 2266 et

116 2302 190 2368 bene
210 2301 361 2367 concedit
382 2301 413 2366 ei
433 2308 468 2366 et
489 2301 622 2366 ecclesie
641 2323 699 2366 sue
719 2301 862 2368 decirnas
879 2303 946 2369 feni
966 2312 1000 2368 et
1019 2303 1219 2368 molendino-

116 2427 182 2470 rum
194 2415 229 2472 et
243 2406 286 2471 de
302 2405 471 2491 pannagio.

174 2511 217 2575 Et
230 2510 406 2597 Philippus
420 2510 480 2577 hoc
495 2518 604 2576 totum
623 2509 771 2577 defendit
790 2510 854 2576 nisi
876 2517 1006 2577 tantum
1030 2510 1071 2577 de
1092 2509 1220 2576 decima

116 2611 213 2679 bestia
239 2636 342 2700 quem
370 2613 475 2700 exigit
502 2621 539 2681 ‚et
569 2613 656 2679 unde
685 2614 822 2679 ecclesia
853 2636 913 2680 sua
942 2614 1006 2679 fuit
1035 2614 1155 2692 scisita,
1184 2624 1219 2679 et

117 2716 189 2784 dicit
209 2718 299 2806 quod
319 2718 389 2805 ipse
409 2726 445 2783 et
464 2718 611 2783 homines
631 2719 683 2784 sui
702 2742 831 2805 semper
848 2720 1033 2786 hahuerunt
1052 2730 1219 2807 pasturam

115 2842 199 2888 suam
213 2845 273 2909 per
290 2830 398 2887 toturn
412 2822 447 2887 in
462 2823 589 2898 forestu,
606 2830 641 2887 et
660 2822 748 2888 idem
768 2824 935 2890 Johannes
954 2834 989 2889 et
1004 2825 1151 2891 homines
1168 2826 1220 2890 sui

116 2925 241 3010 capiunt
270 2925 420 2991 homines
448 2948 523 2991 snos
552 2934 587 2991 et
617 2927 771 2992 auserunt
800 2928 832 2993 ei
860 2938 1027 3015 pasturam
1056 2952 1148 2995 snam
1185 2938 1220 2995 et

116 3048 314 3093 wmmunam
336 3035 397 3093 etc.
441 3028 486 3093 Et
505 3028 584 3113 quia
603 3028 705 3095 nichil
726 3030 886 3095 ostendit⁸
900 3054 962 3117 per
978 3032 1151 3097 citeciones
1165 3031 1219 3097 uel

116 3130 173 3195 alio
196 3131 294 3197 modo
324 3130 411 3217 quod
439 3129 527 3197 idem
552 3131 726 3218 Philippus
750 3133 883 3219 aliquod
908 3135 1066 3221 placitum
1089 3143 1220 3201 secutus

116 3233 206 3301 uerit
220 3234 257 3300 in
277 3234 370 3300 curia
388 3234 614 3300 cristianitatis
631 3235 673 3301 de
692 3236 802 3323 aliquo
821 3236 903 3303 laico
923 3238 1024 3315 feodo,
1040 3237 1218 3303 considera·

116 3346 180 3403 tum
202 3348 253 3405 est
275 3338 364 3425 quod
386 3338 558 3425 Philippus
583 3347 638 3405 eat
663 3340 740 3406 inde
766 3340 907 3427 quietus,
931 3350 965 3407 et
990 3342 1158 3408 ‚Iohannes
1183 3344 1218 3407 in

114 3443 334 3519 misericordia,
349 3450 384 3507 et
398 3443 600 3527 prohibitum
610 3451 661 3509 est
676 3444 828 3530 Philippo
839 3466 880 3509 ne
892 3454 1047 3531 sequatur
1061 3444 1216 3531 placitum

115 3554 168 3615 ete

51 3652 83 3715 31.
172 3651 386 3721 ⁴Mandatum
415 3652 481 3717 fnit
515 3651 704 3718 iusticiariis
737 3652 968 3717 itinerantibus
996 3653 1032 3717 in
1060 3652 1217 3717 comitatu
1298 3686 1339 3717 ss

115 3753 240 3822 Essexie
262 3755 351 3841 quod
374 3764 526 3841 caperent
551 3778 703 3842 magnam
728 3755 861 3821 assisam
884 3756 972 3821 inter
994 3756 1150 3822 Thomam
1176 3756 1217 3820 de
1257 3820 1261 3830 ,
1339 3773 1347 3780 “

113 3855 316 3923 Wodefordia
329 3866 497 3943 petentem
512 3867 548 3922 et
560 3858 746 3923 ‚Iohannem
765 3858 806 3923 de
827 3858 859 3923 la
879 3858 969 3923 Hille
989 3866 1155 3923 tenentem
1176 3858 1217 3922 de
1333 3900 1337 3905 -

114 3981 175 4027 uns
192 3962 275 4049 uirg.
295 3970 382 4027 terre
402 3970 438 4027 et
457 3962 533 4027 dim.
555 3984 632 4027 cum
653 3970 734 4048 pert
755 3962 791 4027 in
813 3962 1025 4028 Wodefordia
1072 3963 1115 4028 Et
1137 3962 1218 4027 dicti

143 4119 268 4171 murm
279 4121 500 4197 misens.
533 4184 541 4198 ²
720 4120 792 4170 ³131.
806 4121 823 4172 r.
837 4122 894 4171 410.
1105 4186 1112 4197 ι

113 4185 308 4313 riffiffi
328 4186 589 4301 tidrpffllfd
610 4187 641 4301 {l
689 4186 1217 4329 illshrllhhfftlyht‘lh

114 4314 194 4363 whom
212 4316 259 4365 the
277 4316 358 4367 above
379 4315 530 4367 mentbned
551 4318 639 4367 letters
689 4320 797 4377 county.

115 4380 311 4431 srssddressed.
344 4382 374 4443 A,
388 4383 419 4430 B.
