3167 5075
505 416 795 464 mscnnmunous
1139 404 1203 466 303

168 587 272 667 Quart
294 587 324 652 le
346 594 478 673 quarter
500 588 540 653 de
562 588 706 653 surmont
728 596 778 653 est
800 588 911 654 uendu
933 611 995 676 pur
1019 590 1059 656 ix.
1084 593 1139 656 sol.
1163 593 1204 659 de
1273 619 1278 628 ’

111 713 211 776 pescra
224 692 252 757 le
267 714 354 778 payn
369 692 409 756 de
424 692 541 779 ferling
555 716 605 758 xv.
621 694 675 758 sol.
687 695 710 779 j.
727 693 799 758 den

166 796 272 875 Quant
294 798 325 862 lo
347 805 479 883 quarter
500 797 540 863 de
563 799 707 862 furment
729 807 778 863 est
802 799 911 865 ucudu
934 823 997 886 pur
1020 800 1061 865 ix.
1084 802 1140 865 sol.
1162 802 1204 888 vj.

111 898 172 964 den
187 900 268 965 dunc
283 923 397 987 pesera
411 901 441 965 lc
456 924 543 988 payn
559 901 598 967 de
615 902 732 989 ferling
746 902 808 968 xiv.
824 904 879 967 sol.
896 904 935 969 iv.
952 904 1023 969 dem
1040 904 1089 970 ob.
1106 929 1177 992 qua

117 1018 120 1027 ·
165 1004 270 1083 Qusnt
292 1005 324 1069 le
346 1013 477 1090 quarter
498 1004 540 1069 de
561 1005 705 1070 furment
726 1014 776 1071 est
795 1008 906 1072 uendu
926 1030 1031 1093 purx.
1048 1009 1205 1076 soldano

109 1130 207 1191 pessra
221 1109 250 1172 le
264 1131 354 1195 payn
368 1107 409 1173 de
424 1110 541 1195 ferling
555 1109 622 1195 xiij.
638 1111 693 1175 sol.
708 1111 761 1197 w'j.
778 1111 849 1176 den
866 1134 938 1198 qua

163 1212 269 1292 Quaut
284 1213 316 1277 le
332 1220 464 1299 quanter
478 1212 518 1277 de
534 1214 678 1278 furment
694 1222 744 1279 est
760 1215 869 1280 uendu
886 1238 948 1301 pur
962 1240 990 1282 x.
1007 1218 1061 1282 sol.
1075 1218 1115 1304 vj.
1132 1218 1203 1283 den

107 1314 181 1381 dunc
194 1340 306 1403 pesera
321 1317 351 1381 le
367 1338 453 1403 payn
468 1317 507 1381 dc
524 1317 642 1403 ferling
656 1318 710 1403 xij.
726 1318 781 1383 sol.
797 1319 839 1404 xj.
854 1319 927 1385 den.
942 1343 1015 1407 qua.

163 1422 270 1501 Quant
290 1422 323 1486 le
343 1430 475 1507 quarter
493 1419 534 1487 da
554 1422 697 1485 furment
718 1430 768 1487 est
788 1423 898 1488 uendu
914 1448 977 1511 pur
990 1427 1032 1513 xj.
1048 1427 1102 1492 soL
1118 1427 1205 1493 dunc

108 1546 206 1609 pesera
220 1527 249 1591 le
264 1548 353 1612 payn
367 1525 408 1590 de
423 1526 541 1611 fcrling
555 1524 608 1610 xij.
625 1526 679 1591 sol.
695 1526 735 1589 iv.
752 1526 824 1591 den
841 1527 926 1611 qua¹

48 1630 76 1697 a.
162 1630 257 1715 Apud
287 1629 615 1694 westmonasterium
644 1628 684 1694 de
714 1631 855 1695 termino
890 1632 923 1697 S.
953 1634 1087 1699 Hillarii
1119 1658 1204 1701 anno

106 1732 192 1817 Regis
206 1734 248 1799 H.
264 1734 346 1820 iiijw.

160 1836 283 1903 'Assisa
296 1838 391 1903 uenit
406 1838 611 1923 recognitum
625 1838 653 1902 si
669 1838 856 1904 Anketillus
870 1849 964 1926 pater
979 1842 1150 1908 Matillidis
1169 1852 1205 1908 et

104 1938 194 2005 Alicie
222 1942 334 2007 uxoris
364 1940 513 2006 Gaufn'di
542 1941 572 2005 le
607 1942 835 2008 Parchimener
869 1953 903 2010 et
937 1946 1112 2033 Reginaldi
1144 1948 1205 2013 filii

102 2040 231 2109 Simonis
245 2045 311 2109 fuit
327 2044 458 2109 saisitus
475 2044 511 2108 in
530 2044 690 2109 dominico
711 2068 769 2110 suo
790 2055 828 2112 ut
849 2047 890 2113 de
910 2048 1003 2113 feodo
1017 2049 1058 2113 de
1072 2050 1105 2135 ij.
1121 2052 1202 2138 uirg.

102 2155 176 2213 terre
190 2172 265 2213 cum
281 2158 364 2237 pert.
381 2149 416 2213 in
431 2150 573 2214 Buroota
587 2148 639 2213 die
655 2172 719 2235 quo
740 2149 830 2228 obiit,
846 2161 880 2216 et
900 2152 929 2216 si
949 2160 1008 2217 etc.
1025 2175 1083 2241 per
1101 2154 1202 2219 breue

102 2251 188 2337 Regis
216 2254 270 2331 Η.,
297 2276 398 2339 quam
428 2261 549 2317 terram
578 2253 742 2318 Robertus
771 2255 812 2320 de
843 2256 977 2321 Estcota
1006 2257 1115 2322 tenuit
1145 2258 1202 2344 qui

101 2358 219 2421 uocauit
233 2358 312 2423 inde
328 2356 371 2422 ad
385 2366 567 2422 warantum
582 2358 762 2422 Henricum
783 2358 825 2422 de
845 2359 1022 2445 Braybrok,
1037 2360 1095 2446 qui
1109 2362 1202 2426 uenit

100 2470 128 2525 et
149 2464 177 2527 ei
198 2463 428 2528 warentizauit
452 2470 486 2527 et
510 2462 641 2526 uocauit
663 2461 803 2527 indeed
822 2471 1003 2528 warantum
1024 2464 1202 2531 Ricardum

101 2565 193 2632 filium
208 2569 363 2645 Simonis,
378 2569 426 2633 ita
441 2567 527 2653 quod
542 2567 700 2632 Ricardus
715 2568 933 2632 summonitus
948 2569 1012 2633 fuit
1032 2569 1074 2634 ad
1094 2593 1162 2636 esse
1182 2595 1204 2636 a

100 2668 145 2732 die
166 2671 195 2736 S.
218 2672 295 2737 Joh.
320 2671 357 2736 in
379 2680 445 2735 tres
467 2671 674 2756 septimanas,
696 2677 731 2734 et
757 2678 837 2734 tunc
862 2671 955 2735 uenit
981 2671 1139 2738 Ricardus
1168 2682 1202 2739 et

100 2771 203 2838 habuit
225 2775 317 2840 diem
339 2775 375 2839 in
396 2774 499 2839 banco
521 2798 541 2838 a
562 2774 615 2839 dia
634 2775 666 2839 S.
687 2774 784 2840 Mich.
804 2775 838 2839 in
861 2783 927 2839 tres
946 2777 1151 2862 septimanas,
1167 2787 1202 2843 et

99 2887 168 2940 tunc
181 2901 246 2943 non
262 2879 358 2944 uenit-
373 2878 540 2952 Ricardus‚
553 2886 586 2942 et
598 2878 671 2943 ideo
681 2877 921 2943 consideratum
936 2887 987 2944 est
1002 2879 1088 2966 quod
1102 2881 1203 2947 assisa

98 2983 240 3066 procedat
263 3005 364 3069 super
385 2981 566 3047 Henricum
590 3004 648 3067 pro
674 2981 804 3047 defectu
831 2983 933 3067 ipsius
954 2983 1094 3063 Ricardi‚
1117 2994 1151 3050 et
1173 2987 1201 3051 si

100 3085 252 3153 Heuricus
278 3087 415 3152 amittat
438 3107 497 3171 per
521 3085 663 3163 assisam,
685 3097 854 3172 recuperet
880 3109 994 3152 uersus
1016 3087 1200 3154 Ricardum.

97 3189 134 3254 Et
146 3192 315 3258 sciendum
331 3189 418 3277 quod
433 3190 594 3254 Henricus
609 3213 674 3254 non
689 3191 790 3256 uenit.

152 3295 323 3360 Juratores
363 3293 477 3358 dicunt
518 3295 604 3379 quod
641 3295 831 3360 Anketillus
866 3295 915 3360 ita
951 3296 1034 3360 obiit
1069 3297 1200 3363 saisitus

96 3396 170 3462 sicut
198 3399 303 3464 breue
332 3397 414 3462 dicit
444 3406 478 3462 et
506 3406 581 3482 post
610 3397 743 3462 assisam
773 3397 862 3463 obiit.
920 3399 963 3462 Et
992 3399 1065 3463 ideo
1095 3401 1200 3464 consi-

96 3498 236 3566 deratum
259 3509 312 3566 est
333 3500 420 3586 quod
440 3500 503 3586 ipsi
523 3509 798 3586 recuperaucrunt
812 3501 965 3566 saisinam
979 3525 1072 3566 suam
1086 3525 1199 3569 uersus

96 3602 269 3671 Henricum
295 3614 331 3670 et
362 3604 524 3669 Henricus
553 3605 587 3668 in
617 3605 836 3670 misericordia
872 3613 932 3671 etc.
964 3615 999 3672 et
1030 3616 1199 3693 recuperet

97 3729 199 3774 uersus
236 3709 416 3775 Ricardum
453 3709 481 3773 si
517 3710 665 3776 uoluerit.
722 3710 765 3774 Et
802 3710 965 3776 Robcrtus
1001 3710 1042 3775 de
1081 3711 1199 3776 Escota

93 3832 151 3875 non
171 3815 268 3879 uenit
291 3823 353 3879 ctc.
368 3823 403 3880 et
420 3813 494 3878 ideo
514 3836 587 3878 cum
604 3815 732 3879 uenerit
747 3814 867 3880 habeat
882 3838 1069 3903 recuperare
1084 3838 1197 3880 uersus

94 3913 276 3982 Henricum.

119 4123 255 4176 1InAnn.
265 4127 340 4175 Burt.
350 4126 395 4176 the
403 4127 474 4177 tarifl
485 4127 507 4176 is
516 4128 615 4178 carried
665 4131 722 4179 225.
751 4129 816 4178 This
827 4144 885 4179 case
896 4129 919 4178 ia
930 4129 1009 4178 taken
1020 4129 1194 4178 fromaterm

91 4203 120 4237 on
136 4196 162 4240 to
181 4194 221 4248 12,
247 4192 277 4240 in
294 4193 361 4242 Stat.
385 4196 413 4241 to
436 4195 477 4250 20,
495 4193 614 4256 shfflings
665 4196 732 4244 from
756 4194 841 4244 which
862 4210 898 4244 we
925 4193 992 4243 have
1014 4193 1120 4256 already
1140 4194 1194 4244 had

91 4257 613 4370 iiiitffirdd⁰¹¹‘⁰¹¹³q¹¹⁸““⁰“
665 4259 1193 4375 attramentarium·

118 4385 192 4435 ’See
213 4387 261 4436 Br.
280 4387 299 4437 f.
319 4357 367 4438 {59
384 4387 401 4436 b
418 4387 471 4437 and
493 4389 533 4437 for
548 4387 615 4438 later
665 4390 758 4439 Geram
770 4391 839 4451 Rege
849 4389 917 4448 Roll,
928 4390 978 4439 No.
990 4391 1014 4448 3,
1025 4403 1062 4438 m.
1072 4391 1095 4447 3,
1107 4390 1156 4438 Νο.
1167 4361 1192 4446 5;

89 4451 254 4513 procaedings
276 4466 318 4501 sea
339 4452 420 4503 below
443 4453 498 4503 Ma.
518 4455 536 4503 f.
554 4457 610 4514 208,
665 4469 699 4506 ra.
715 4455 762 4503 ld.
