3167 5075
345 388 408 449 484
656 402 791 462 msrnn,
814 400 878 449 nn.
903 386 996 460 1223,
1019 399 1081 448 nn.
1104 383 1132 450 7.

344 572 419 638 dnm
435 573 486 638 uir
499 595 578 639 eune
592 583 736 660 tempore
752 575 783 640 J.
798 573 898 660 Regis
913 583 971 658 per
984 581 1173 658 preceptum
1194 572 1283 636 Dom
1298 573 1325 637 J.
1338 571 1414 658 Regi

343 676 441 763 fiegit
465 677 628 743 uiuerium
651 677 792 742 illudet
812 676 900 762 cepit
924 684 1031 741 totum
1052 676 1173 762 piscem
1193 676 1234 741 cd
1253 699 1326 762 opus
1342 676 1414 740 Doni

345 779 452 866 Regis,
482 789 516 845 et
544 781 615 867 ipse.
643 789 756 867 postea
780 780 893 844 refecit
923 779 1086 844 uiuerium
1115 780 1200 845 sicut
1228 781 1334 866 potuit
1377 780 1416 844 De

344 882 528 948 molendino
543 884 622 949 dicit
637 884 723 969 quod
738 905 803 947 non
819 891 868 947 est
883 890 1059 959 uastatum,
1069 881 1148 968 quia
1161 882 1196 946 in
1211 881 1320 968 hyeme
1332 888 1420 967 potent

344 985 428 1051 bene
443 986 573 1064 molere,
588 995 639 1051 set
653 987 688 1051 in
708 994 815 1050 estete
837 1008 902 1050 non
928 1007 986 1071 pro
1008 986 1138 1051 defectu
1153 1009 1243 1072 eque
1286 985 1422 1050 Deboeoc

344 1089 424 1154 dicit
439 1090 524 1177 quod
540 1099 684 1176 tempore
699 1113 813 1177 guerre
829 1088 929 1155 uicini
950 1099 1191 1156 cesertauerunt
1210 1091 1334 1154 boscum
1347 1087 1425 1152 illurn

344 1214 404 1277 per
423 1215 574 1280 guerram
595 1193 644 1258 ita
666 1193 751 1279 quod
773 1201 847 1278 post
869 1215 1019 1280 guerram
1041 1193 1129 1279 cepit
1151 1192 1244 1256 Dcm
1260 1193 1326 1257 Rex
1338 1201 1428 1255 tutem

345 1305 464 1361 terrem
486 1296 521 1361 in
543 1319 678 1362 menum
699 1319 791 1362 suem
812 1304 846 1360 et
866 1296 929 1382 ipsi
949 1297 1046 1362 finem
1062 1296 1207 1361 fecerunt
1222 1318 1279 1382 pro
1292 1294 1433 1360 habendis

345 1402 440 1467 terrie
469 1402 545 1480 suin,
567 1411 617 1468 set
647 1424 705 1487 per
729 1424 802 1466 eam
825 1401 953 1466 nullum
972 1401 1096 1466 fectum
1119 1407 1170 1465 est
1191 1400 1363 1486 dampnum
1381 1422 1435 1464 nec

345 1513 475 1570 uentum
491 1514 525 1570 et
540 1506 600 1570 hoc
614 1506 708 1570 offert
722 1504 895 1570 defendere
910 1505 994 1569 sicut
1009 1503 1099 1569 curin
1113 1503 1359 1568 considemuerit
1372 1511 1425 1568 ete

411 1609 455 1674 Et
476 1610 643 1676 Johennes
664 1607 813 1696 producit
834 1617 956 1674 sectam
978 1617 1038 1674 etc.
1054 1608 1142 1694 qnod
1161 1609 1233 1694 ipen
1252 1617 1324 1694 poet
1340 1607 1435 1694 prohi-

346 1713 505 1779 bicionem
520 1713 598 1780 fecit
612 1723 743 1779 uastum
758 1721 828 1792 etc,
844 1721 879 1778 et
894 1713 967 1778 ideo
982 1712 1040 1778 fiet
1060 1711 1137 1778 inde
1151 1712 1260 1778 iurato
1281 1721 1315 1778 et
1335 1712 1436 1776 ueniet

346 1817 406 1882 tati
420 1817 474 1883 die
488 1826 523 1883 et
539 1841 620 1884 unco
633 1817 746 1883 ueniat
761 1825 823 1883 etc.

367 1937 369 1941 ’
412 1923 523 1988 Amisa
544 1923 636 1988 uenit
658 1922 863 2009 recognitum
883 1921 957 2007 quis
988 1921 1165 1986 aduocatus
1194 1929 1339 2007 tempore
1363 1919 1440 2006 peris

250 2031 263 2060 ⁰
348 2027 549 2112 precentcuit
563 2036 623 2092 etc
638 2027 681 2091 ed
695 2026 862 2092 ecclesiam
884 2026 915 2091 S.
930 2025 1101 2091 Adelberti
1121 2025 1162 2091 de
1184 2025 1373 2101 Mundham
1386 2046 1440 2110 que

348 2137 445 2196 uocat
464 2138 534 2207 etc,
548 2131 640 2196 cuius
660 2129 907 2195 aduoeacicnem
932 2127 1089 2194 Ricardus
1111 2128 1152 2194 de
1175 2129 1312 2216 Seinges
1334 2129 1442 2193 clamat

349 2255 462 2298 uersus
476 2233 676 2298 Bennulfum
692 2232 733 2298 de
749 2232 914 2308 Sheltcne,
930 2231 988 2316 qui
1002 2231 1095 2296 uenit
1109 2241 1145 2296 et
1159 2230 1240 2297 dicit
1254 2230 1341 2318 quod
1354 2231 1444 2296 emim

348 2358 413 2400 non
435 2335 533 2402 debet
554 2336 630 2400 inde
652 2335 731 2411 fieri,
746 2335 824 2420 quie
845 2334 1016 2400 eduoeacic
1037 2333 1125 2398 illius
1145 2334 1278 2399 ecclesie
1297 2335 1445 2400 remansit

349 2441 454 2506 eidem
466 2441 630 2506 chnulfo
638 2448 674 2504 et
684 2439 827 2504 Roberto
837 2437 923 2524 petri
934 2460 992 2502 suo
1002 2459 1061 2522 per
1071 2437 1169 2502 finem
1181 2439 1303 2502 fectum
1315 2439 1350 2502 in
1364 2438 1446 2502 curin

349 2546 449 2633 Regis
460 2547 498 2613 R
508 2554 568 2611 ete.
578 2568 636 2631 per
645 2542 879 2631 cyrographum
891 2542 1013 2607 fectum
1028 2542 1115 2606 inter
1130 2542 1258 2607 eosdem
1273 2543 1446 2607 Robertum

349 2656 385 2713 et
410 2648 610 2713 chnulfum
636 2654 786 2733 petentes
812 2652 846 2710 et
870 2644 1013 2709 Alenum
1044 2643 1085 2709 de
1114 2644 1296 2710 Mundhem
1322 2654 1392 2722 etc,
1416 2656 1447 2709 et

348 2751 470 2836 profert
485 2748 719 2837 cyrographum
730 2747 817 2834 quod
830 2747 890 2811 hoc
905 2755 1055 2824 testatur,
1070 2746 1155 2811 unde
1171 2747 1251 2812 dicit
1266 2748 1352 2835 quod
1366 2748 1449 2813 idem

350 2854 507 2920 Ricardue
528 2855 591 2920 fuit
615 2863 693 2919 tunc
714 2875 845 2939 presens
870 2852 958 2938 epud
986 2852 1185 2939 Gipewicum
1214 2854 1273 2919 ubi
1296 2855 1370 2919 finis
1398 2855 1450 2919 ille

350 2960 454 3024 fectus
469 2958 533 3023 fuit
547 2967 581 3023 et
596 2982 660 3023 non
675 2956 880 3033 contradixit,
894 2964 928 3019 et
943 2954 1017 3021 ideo
1032 2956 1118 3041 petit
1132 2956 1290 3022 iudicium
1308 2958 1339 3022 si
1358 2980 1452 3044 super

350 3062 410 3126 hcc
424 3062 456 3127 ei
469 3061 587 3126 debeat
600 3060 799 3146 respondere.
844 3058 970 3125 Profert
985 3057 1087 3123 eciem
1101 3068 1223 3124 certem
1243 3061 1275 3127 J.
1290 3063 1452 3147 quondam

351 3164 565 3231 Norwicensic
576 3164 726 3251 Episcopi
734 3186 798 3250 que
807 3170 948 3228 testetur
956 3162 1042 3250 quod
1051 3164 1454 3249 ipseadpresentacionem

350 3270 485 3335 Roberti
500 3270 541 3335 de
557 3269 714 3335 Sheltone
728 3266 860 3333 admisit
875 3265 1055 3331 Henricum
1075 3267 1277 3353 capellanum
1297 3269 1341 3334 ad
1357 3270 1455 3336 eccle·

350 3374 432 3440 siem
458 3374 490 3439 S.
516 3371 695 3450 Adelberui,
720 3378 755 3436 et
780 3369 841 3435 hec
870 3370 996 3435 racione
1026 3371 1143 3436 clamet
1172 3371 1242 3457 ipse
1272 3374 1457 3441 Runnulfin

348 3478 597 3549 ¹aduocecionem
611 3476 710 3553 illem,
725 3484 760 3540 et
774 3474 859 3561 petit
873 3474 1023 3539 seininem
1038 3496 1129 3539 suem
1144 3484 1205 3540 etc.

418 3584 462 3647 Et
483 3580 640 3645 Ricardus
661 3578 741 3643 dicit
763 3577 849 3663 quod
871 3575 1096 3663 cirographum
1118 3576 1199 3642 illud
1222 3601 1285 3644 non
1302 3579 1411 3647 debet
1431 3583 1459 3647 ei

353 3708 466 3753 nocere
477 3686 555 3773 quia
562 3692 733 3771 postquem
742 3681 824 3745 illud
835 3680 1032 3746 fectumfuit
1044 3682 1244 3766 presentcuit
1254 3682 1459 3751 Willelmum

352 3791 457 3857 filium
471 3812 566 3855 suurn
581 3788 624 3852 ed
638 3787 774 3852 eandem
789 3785 958 3850 ecclesiam
973 3785 1030 3871 qui
1045 3785 1160 3850 ultimo
1181 3787 1263 3851 obiit
1285 3788 1369 3856 inde
1392 3814 1460 3879 per·

352 3918 438 3972 sone,
453 3902 487 3959 et
501 3894 584 3959 bene
599 3890 744 3956 defendit
759 3888 846 3975 quod
862 3888 1023 3955 Henricus
1042 3913 1108 3954 uon
1126 3891 1191 3955 fuit
1212 3890 1291 3957 inde
1313 3916 1461 3979 persone

353 4006 387 4061 et
401 3996 477 4061 inde
491 3995 584 4082 ponit
598 4017 633 4059 se
648 4016 744 4079 super
757 3993 906 4059 iuratam.

419 4102 463 4167 Et
477 4100 661 4166 Rannulfus
674 4099 754 4165 dicit
769 4097 855 4184 quod
870 4097 944 4162 finis
959 4098 1013 4163 ille
1029 4098 1133 4163 factus
1143 4099 1208 4163 suit
1221 4112 1382 4185 presente
1397 4106 1462 4192 ipen

354 4206 492 4271 Ricardo
506 4212 541 4269 et
555 4226 619 4267 non
634 4200 882 4277 contradicente,
896 4207 930 4264 et
944 4209 1018 4287 post
1032 4202 1129 4265 finem
1147 4201 1240 4267 illurn
1255 4210 1463 4289 prementum

354 4310 517 4375 Robertue
539 4317 729 4393 paterenus
754 4304 936 4392 predictum
963 4304 1141 4371 Henricum
1164 4306 1248 4371 sicut
1273 4312 1462 4394 predictum

355 4422 413 4490 est,
429 4422 462 4477 ct
485 4412 570 4498 petit
591 4410 677 4496 quod
699 4409 772 4474 finis
793 4417 953 4487 teneatur,
968 4417 1003 4473 et
1024 4410 1106 4473 bene
1128 4409 1312 4496 dicitquod
1332 4418 1463 4482 eeclesia
