3167 5075
408 344 558 411 rmnnr,
580 350 645 401 nn.
666 336 763 412 1220,
785 350 848 400 nn
872 337 902 400 4ss
1143 325 1209 401 353

122 523 167 588 eui
179 522 216 589 de
229 523 327 589 tercia
341 530 434 609 parte
449 522 535 587 feodi
550 522 626 589 dim.
641 523 756 589 militis
770 546 843 588 cum
860 532 939 609 pert.
956 523 991 587 in
1006 523 1209 589 Middeltone

122 650 207 712 quam
220 627 302 693 idem
318 626 525 692 Burchardus
539 634 641 701 tenet,
657 627 711 691 uel
726 648 799 691 non.

175 730 335 795 iuratores
356 729 472 795 dicunt
493 728 579 815 quod
594 729 801 795 Bnrchardus
816 730 907 794 uenit
922 752 997 794 cum
1011 729 1078 794 filio
1092 753 1151 795 suo
1165 732 1207 797 ad

121 832 246 897 hostium
270 832 457 898 monasterii
482 839 517 896 et
543 832 726 896 Rannulfus
752 832 782 897 le
811 832 931 897 Waleie
956 854 1030 897 cum
1057 832 1125 898 filia
1149 854 1209 897 sua

78 960 80 964 ·
120 935 249 1019 predicta
268 936 419 1001 similiter
440 936 493 1000 die
515 957 580 1022 quo
601 933 787 1021 desponsari
809 935 934 1013 debuit,
953 934 1003 1000 ita
1021 935 1108 1021 quod
1128 944 1208 1001 tunc

119 1045 180 1103 orta
205 1039 341 1126 quadam
371 1036 579 1103 contencione
606 1036 773 1101 intereos
802 1036 843 1101 de
873 1037 1014 1123 quodam
1042 1037 1208 1103 bouiculo¹

118 1142 204 1227 precii
224 1142 279 1230 iiij.
296 1143 350 1208 sol.
375 1164 472 1228 quem
491 1140 578 1206 idem
602 1140 785 1205 Rannulfus
806 1138 922 1205 debuit
944 1141 1020 1207 dare
1043 1164 1117 1207 cum
1139 1141 1209 1207 filia

117 1267 174 1321 sua,
200 1246 331 1311 tandem
360 1244 448 1310 idem
478 1244 662 1309 Rannulfus
691 1244 849 1309 satisfecit
877 1245 983 1310 eidem
1013 1245 1207 1324 Burchardo‚

116 1358 145 1411 et
163 1358 236 1413 tnnc
254 1347 471 1434 interrogauit
492 1347 580 1413 idem
601 1348 785 1412 Rannulfirs
808 1370 830 1412 a
852 1348 998 1435 predicto
1021 1350 1209 1415 Burchardo

115 1451 259 1535 quomodo
288 1452 375 1517 filius
404 1451 507 1538 ipsius
537 1451 716 1517 Burchardi
744 1451 860 1517 debuit
889 1452 1081 1539 desponsare
1106 1454 1207 1519 filiam

115 1556 336 1643 memetipse
351 1556 517 1641 respondit
532 1555 619 1642 quod
632 1554 747 1621 eodem
762 1555 858 1619 modo
873 1579 936 1642 quo
950 1556 1020 1643 ipse
1035 1557 1207 1644 desponsa-

115 1657 157 1721 nit
170 1681 298 1723 uxorem
313 1682 407 1723 suam
421 1666 456 1723 et
476 1681 540 1745 quo
561 1657 649 1723 idem
672 1658 856 1723 Rannulfus
875 1659 1084 1745 desponsauit
1104 1684 1208 1727 suam.

115 1761 151 1825 Et
160 1763 274 1848 quesiti
289 1764 318 1828 si
333 1764 443 1851 aliqua
456 1763 514 1829 doe
528 1763 697 1828 nominata
708 1772 794 1829 esset
805 1762 881 1827 hinc
895 1762 980 1841 inde,
992 1759 1106 1829 dicunt
1120 1765 1207 1851 quod

112 1866 190 1930 nulla
203 1867 330 1932 mencio
343 1866 420 1932 inde
436 1868 522 1933 facta
535 1867 606 1932 luit
652 1867 697 1931 Et
711 1866 784 1932 ideo
799 1867 1037 1932 consideratum
1053 1876 1103 1933 eat
1120 1865 1208 1955 qnod

112 1968 172 2055 ima
185 1970 284 2037 nichil
300 1972 410 2058 capiat
424 1994 483 2058 per
497 1972 580 2037 hanc
596 1972 736 2037 iuratam
751 1970 828 2037 ete¹

48 2080 80 2144 ll.
165 2076 375 2163 'Preceptum
398 2077 463 2142 luit
484 2077 615 2142 balliuis
637 2076 715 2142 uille
737 2076 779 2142 de
800 2076 1011 2163 Cantebrigia
1030 2077 1116 2163 quod
1135 2076 1206 2142 fieri
1333 2131 1339 2143 .

111 2180 239 2245 lacerent
260 2180 431 2245 recordum
452 2180 487 2244 in
507 2181 598 2245 curia
613 2203 673 2245 sua
686 2178 727 2245 de
743 2180 872 2265 loquela
885 2202 948 2266 que
964 2180 1027 2245 fuit
1041 2181 1076 2244 in
1091 2180 1205 2245 eadem

109 2282 186 2347 curia
206 2306 266 2348 ena
288 2284 377 2348 inter
398 2282 566 2348 Mabiliam
589 2282 630 2347 de
650 2284 847 2349 Nunancurt
866 2291 1033 2370 petentem
1049 2291 1083 2348 et
1097 2284 1205 2349 Adam

108 2384 142 2449 de
163 2385 340 2453 Cokefled’‘
363 2396 531 2453 tenentem
553 2387 719 2453 detercia
740 2397 833 2475 parte
859 2388 948 2474 lxxij.
974 2412 1035 2454 aer.
1061 2396 1146 2453 terre
1171 2398 1207 2453 et

106 2490 240 2557 redditus
262 2491 405 2558 duarum
425 2514 604 2558 marcarum
619 2500 654 2557 et
669 2492 744 2558 dim.
761 2515 836 2559 cum
850 2500 932 2579 pert.
947 2492 981 2558 in
997 2492 1208 2580 Cantebrigia

107 2615 193 2679 quam
209 2595 282 2682 ipsa
298 2597 418 2661 clamat
433 2596 468 2661 in
483 2596 594 2662 dotem
608 2619 721 2662 uersus
736 2621 812 2662 eum
827 2606 862 2662 et
873 2598 960 2663 unde
974 2599 1046 2684 ipsa
1059 2600 1209 2685 queritur

106 2699 212 2765 falsum
233 2701 397 2766 iudicium
419 2699 483 2766 sibi
504 2701 582 2766 fieri.
628 2702 672 2766 Et
691 2702 751 2766 tali
765 2701 819 2766 die
834 2710 893 2768 etc.
910 2711 1072 2768 uenerunt
1087 2705 1207 2769 Herui-

104 2825 153 2868 cua
173 2804 259 2870 filius
283 2803 422 2869 Martini
444 2812 479 2869 et
499 2804 557 2869 alii
578 2804 703 2890 plures⁵
722 2827 797 2869 curn
818 2805 948 2870 recordo
962 2806 1049 2891 quod
1065 2807 1130 2871 tale
1146 2816 1205 2881 eet,

104 2909 181 2992 quod
194 2910 268 2996 ipsa
283 2909 385 2996 peciit
400 2909 435 2972 in
449 2908 539 2973 curia
556 2930 615 2973 sua
634 2907 767 2973 terciam
789 2916 917 2994 partem
937 2909 1206 2995 lxiiij.acr.te1re

103 3021 133 3076 et
152 3014 287 3079 terciam
312 3019 439 3100 partem
461 3011 607 3077 redditus
628 3009 767 3076 duarum
790 3034 970 3076 marcarum
990 3021 1026 3077 et
1039 3013 1115 3078 dim.
1131 3027 1205 3078 curn

103 3123 174 3196 pert.
195 3114 231 3179 in
253 3113 470 3198 cantebrigia
491 3135 604 3177 uersus
625 3113 731 3177 Adam
755 3113 797 3177 de
822 3112 1012 3180 Ookefcldia
1034 3123 1073 3179 ut
1096 3115 1206 3180 dotem

101 3240 194 3297 auam,
215 3218 308 3284 unde
331 3217 445 3284 Simon
465 3216 629 3303 quondam
652 3215 705 3281 uir
726 3224 784 3281 etc.
809 3238 882 3281 eam
905 3217 1034 3282 dotauit
1057 3227 1118 3284 ete.
1163 3221 1207 3284 Et

102 3319 199 3386 Adam
215 3333 293 3409 post
310 3321 419 3385 omnia
433 3319 559 3386 esconia
574 3322 660 3385 facta
674 3327 709 3385 et
723 3329 798 3406 post
817 3320 926 3386 uisum
948 3330 1033 3386 terre
1055 3322 1206 3407 petitum,
1250 3381 1255 3389 ,
1335 3335 1340 3341 ’

102 3425 226 3491 tandem
242 3425 342 3490 uenit
357 3432 391 3488 ct
406 3423 491 3488 dixit
506 3423 592 3510 quod
607 3446 671 3488 non
687 3423 802 3489 debuit
817 3423 859 3488 ad
876 3423 937 3489 hoc
955 3425 1055 3490 breue
1076 3447 1207 3512 respon-

101 3527 168 3594 dere
182 3531 264 3617 quia
280 3530 353 3615 ipse
368 3537 488 3594 terram
503 3528 593 3593 illam
608 3551 672 3592 non
688 3528 797 3593 tenuit
817 3529 852 3592 in
873 3529 1033 3594 dominico
1054 3553 1113 3595 nec
1135 3531 1207 3596 red·

100 3632 199 3698 ditum
224 3632 333 3698 immo
354 3630 411 3696 alii
430 3640 535 3696 totam
557 3639 676 3697 terram
692 3639 726 3696 et
741 3631 906 3697 redditum
921 3641 1098 3699 tenuerunt
1113 3635 1154 3699 de
1169 3654 1207 3698 eo

100 3734 192 3803 libere
214 3737 277 3824 qui
301 3743 469 3822 presentes
491 3736 624 3800 luerunt
645 3735 768 3800 scilicet
789 3736 888 3800 tales⁸
902 3746 961 3802 ete.
977 3739 1034 3823 qui
1054 3739 1207 3804 dixerunt

100 3839 153 3904 hoc
175 3842 267 3908 idem
296 3838 385 3925 quod
413 3838 519 3904 Adam
550 3838 673 3904 scilicet
703 3839 789 3925 quod
818 3849 996 3907 tenuerunt
1024 3851 1144 3909 terram
1172 3855 1209 3909 et

98 3943 264 4015 redditum
284 3944 372 4009 sicut
394 3943 577 4029 predictum
598 3952 655 4008 eet.
700 3945 744 4008 Et
764 3944 842 4030 quia
856 3945 928 4030 ipsa
942 3969 1007 4011 non
1023 3949 1208 4034 potuit-hoc

100 4189 314 4248 ·¹mouzco.13.
431 4197 435 4204 '
523 4199 525 4202 '
588 4183 595 4214 ³·
687 4187 921 4252 '⁴Gokcseld',B.
977 4187 980 4190 ’
1019 4227 1033 4231 ,,
1087 4184 1090 4189 ’

126 4251 628 4310 'Brwtonoitesthiromcmn
712 4253 1010 4319 *nominantes
1042 4264 1065 4296 Α.;
1124 4264 1196 4296 ;=·

96 4317 613 4444 Fffifffifffifgffiffifflcffll·
712 4317 991 4400 ‘Simnana-135
1027 4326 1078 4401 ‘23

179 4501 216 4549 n.
241 4500 297 4548 111.
1081 4487 1122 4548 23
