3167 5075
316 408 434 459 cornu
456 408 555 471 snos,
577 408 641 458 nn.
667 394 846 468 1239-40,
868 409 932 461 nn
956 396 1007 460 24.
1149 396 1214 461 289

175 580 287 646 Postes
309 580 448 668 predicti
473 580 613 647 Thomas
642 590 676 646 et
706 580 894 647 Christiano
922 590 957 647 et
985 582 1129 649 Borbots
1156 605 1216 671 per
1264 594 1343 645 ssot}

118 691 286 750 attornotos
310 684 454 772 ipserum
477 685 617 750 ueniunt
642 693 677 750 et
698 684 814 752 dicunt
838 687 925 773 quod
947 688 1071 753 nullam
1092 696 1217 757 sectam

117 786 184 853 inde
204 786 324 854 debent
345 788 423 875 quie
443 810 558 854 reuera
578 802 723 875 tempore
746 789 789 853 M
805 788 846 853 de
868 789 1072 856 Patteshullo
1085 790 1216 877 quando

117 888 273 955 itinernuit
288 890 461 977 aliquando
475 890 511 955 in
530 890 688 955 comitatu
705 889 836 954 Essexie
856 889 920 955 fuit
940 890 1109 977 inquisicio
1128 892 1216 957 foeta

117 1014 211 1057 coram
232 1016 270 1060 eo
292 1016 351 1080 per
371 1002 562 1081 preceptum
577 994 669 1058 Dom.
687 992 787 1079 Regis
801 1015 861 1079 per
874 993 915 1059 xi
932 994 1062 1071 milites,
1077 1004 1112 1061 et
1127 996 1214 1082 quod

116 1097 228 1163 nullam
252 1107 375 1163 sectam
401 1098 542 1163 debeant
567 1097 770 1185 recognitum
796 1098 859 1163 fuit
883 1120 942 1183 per
969 1098 1216 1185 inquisicionem

116 1201 204 1279 illem,
218 1209 251 1267 et
265 1200 344 1267 inde
357 1208 484 1289 ponunt
499 1224 533 1267 sc
548 1223 645 1289 super
659 1202 781 1266 rotulos
802 1201 844 1266 de
865 1201 983 1267 itinere
1004 1202 1107 1289 ipsius
1128 1204 1215 1271 Mar·

116 1303 177 1370 tini

60 1471 62 1479 ,
170 1408 212 1471 Et
227 1408 390 1495 Morgerio
404 1408 496 1473 uenit
511 1416 547 1473 et
561 1406 641 1473 dicit
656 1406 743 1493 quod
765 1414 855 1472 secte
875 1406 933 1472 ills
954 1428 1082 1494 semper
1102 1408 1215 1474 debito

115 1511 170 1577 fuit
189 1512 230 1579 sd
255 1510 463 1577 hundredum
492 1511 533 1577 do
563 1510 788 1598 Bordestsplio
815 1511 904 1597 quod
928 1511 1029 1579 hebet
1057 1510 1100 1577 od
1128 1512 1216 1578 feodi

114 1613 228 1680 firmam
257 1615 301 1681 de
330 1616 425 1681 Dom.
451 1614 551 1702 Rege,
575 1623 610 1681 et
635 1614 684 1679 its
706 1615 793 1701 quod
817 1614 980 1681 Robertus
1005 1616 1046 1681 de
1072 1615 1215 1681 Suttons

113 1726 195 1802 pstor
208 1740 287 1784 suus
302 1718 366 1783 fuit
380 1717 510 1784 scisitus
525 1719 566 1785 de
586 1718 740 1805 predictis
761 1719 859 1783 sectis
875 1728 953 1784 onte
967 1720 1213 1806 inquisicionem

113 1820 190 1887 illem
205 1832 338 1909 etpost,
354 1831 389 1888 et
403 1823 505 1889 eciam
520 1833 593 1909 post
608 1832 746 1888 mortem
760 1822 846 1888 eius¹
861 1823 1045 1889 Willelmus
1062 1825 1093 1889 le
1109 1825 1214 1913 Bigod

113 1926 263 2010 quondam
278 1926 333 1992 uir
347 1949 435 2004 suus,
449 1935 484 1992 et
498 1927 742 2014 qualiscumque
757 1928 845 1993 sacta
858 1936 943 1993 esset
964 1927 1023 1993 illa
1043 1928 1214 2015 inquisicio

112 2030 238 2116 quedam
252 2031 425 2118 inquisicio
440 2040 553 2118 postes
566 2032 653 2097 fecto
667 2032 731 2097 fuit
744 2054 804 2118 per
817 2054 917 2119 quam
931 2032 1134 2118 recognitum
1149 2032 1214 2099 fuit

111 2134 186 2219 quod
206 2135 355 2222 predicte
376 2144 465 2201 secto
485 2135 599 2202 debito
619 2136 683 2202 fuit
702 2136 744 2201 sd
759 2136 943 2223 predictum
957 2136 1163 2202 hundredum
1177 2146 1214 2203 et

110 2236 186 2322 quod
199 2237 321 2303 seisins
333 2237 410 2303 inde
424 2236 516 2303 fieret
527 2237 671 2324 predicte
683 2237 852 2326 Mergens,
861 2239 938 2303 talis
947 2237 1071 2303 scilicet
1082 2238 1212 2323 qualem

110 2341 235 2424 predicti
258 2342 446 2407 Willelmus
470 2350 505 2407 et
531 2342 693 2430 Mergerio
716 2342 793 2407 inde
819 2343 1007 2408 habuerunt
1034 2351 1213 2428 antequam

112 2442 271 2511 Hubertus
294 2445 336 2511 de
358 2446 468 2533 Burgo
489 2469 544 2511 eos
565 2446 641 2512 inde
664 2446 841 2511 disseisiuit
863 2447 1028 2513 occisione
1042 2445 1214 2511 cuiusdam

111 2555 188 2613 carte
202 2571 303 2636 quam
317 2549 412 2614 Dom.
429 2549 471 2614 H„
487 2549 558 2614 Rex
573 2548 651 2614 fecit
666 2549 697 2615 ei
712 2549 752 2615 de
767 2549 888 2615 honore
903 2551 944 2616 de
959 2549 1060 2637 Reyl’‚
1075 2558 1110 2615 et
1125 2549 1212 2636 quod

110 2661 177 2718 onte
197 2654 379 2741 predictam
400 2655 648 2741 inquisicionem
667 2655 733 2721 fuit
753 2655 920 2741 predictus
941 2655 1105 2721 Robertus
1118 2666 1213 2742 poter

111 2777 178 2822 suus
191 2758 267 2824 inde
283 2759 320 2825 in
334 2758 453 2824 seisine
467 2767 502 2824 et
516 2759 588 2846 ipss
608 2768 645 2824 et
659 2758 844 2825 Willelmus
865 2760 918 2826 uir
938 2782 1018 2825 suus
1038 2768 1152 2847 postes
1172 2769 1214 2826 ut

111 2857 145 2923 de
168 2861 380 2946 pertinenciis
401 2861 443 2926 sd
463 2861 646 2948 predictum
668 2860 883 2939 hundredum,
909 2870 944 2928 et
965 2862 1041 2928 inde
1063 2863 1155 2949 ponit
1177 2886 1213 2930 so

110 2985 196 3050 super
215 2965 472 3052 inquisicionem,
488 2974 523 3031 et
544 2966 572 3032 si
593 2967 704 3053 eliqua
725 2967 812 3033 facts
833 2967 898 3032 fuit
919 2967 1091 3054 inquisicio
1105 2990 1212 3034 coram

111 3065 147 3132 11
156 3068 193 3134 de
204 3069 412 3136 Petteshulls
425 3078 460 3135 et
474 3069 567 3136 sociis
582 3070 649 3136 suis
663 3070 734 3158 ipse
748 3091 809 3136 nec
823 3070 876 3136 uir
889 3093 969 3136 suus
982 3080 1162 3156 posuerunt
1175 3093 1211 3138 se

110 3167 139 3234 in
152 3170 395 3258 inquisicionem
411 3172 520 3238 illam.-

165 3276 208 3340 Et
229 3277 373 3342 Thomas
394 3285 429 3343 et
450 3277 507 3342 alii
529 3278 668 3344 ueniunt
690 3285 725 3343 et
746 3277 862 3342 dicunt
883 3277 970 3364 quod
984 3286 1058 3364 post
1072 3277 1212 3364 primum
1266 3320 1270 3325 ω

110 3375 346 3464 inquisicionem
358 3380 477 3446 factam
489 3402 548 3468 per
561 3382 602 3446 xi
619 3381 740 3446 milites
754 3381 826 3466 ipss
839 3380 1002 3468 Margeria
1014 3403 1075 3445 nec
1085 3378 1212 3445 willel-

110 3501 173 3546 mus
196 3483 248 3548 uir
277 3506 357 3549 suus
385 3505 445 3549 nec
473 3484 638 3571 predictus
664 3484 827 3550 Robertus
855 3493 950 3571 pater
978 3507 1056 3550 suus
1085 3485 1210 3549 nullam

110 3585 249 3654 seisinom
265 3586 343 3654 inde
357 3587 553 3670 habuerunt,
570 3597 604 3654 et
618 3589 694 3654 inde
709 3596 836 3676 ponunt
851 3611 885 3654 se
899 3611 997 3675 super
1010 3588 1159 3675 petriam,
1174 3596 1211 3654 et

111 3687 134 3752 si
146 3690 251 3777 alique.
265 3691 436 3778 inquisicio
451 3700 564 3779 postea
578 3693 664 3758 fecte
677 3693 742 3758 fuit
756 3692 821 3779 ipsi
835 3714 900 3757 non
919 3700 1097 3779 posuerunt
1118 3715 1153 3759 so
1174 3693 1210 3758 in

110 3791 344 3879 inquisicionem
375 3795 473 3862 illam
533 3797 577 3862 Et
606 3805 796 3882 preceptum
825 3805 876 3862 est
904 3797 1088 3862 uicecomiti
1123 3795 1212 3883 quod

111 3899 211 3964 uenire
226 3901 325 3966 iaciat
341 3923 447 3965 coram
461 3923 495 3966 se
511 3909 667 3966 eteorum
681 3899 870 3965 custodibus
889 3900 1081 3986 placitorum
1096 3922 1210 3966 corono

111 3999 141 4064 in
161 4003 254 4088 pleno
277 4005 435 4070 comitatu
457 4005 511 4091 xij.
528 4013 596 4069 tem
618 4005 740 4070 milites
761 4027 861 4090 quam
883 4005 962 4069 alios
983 4012 1043 4070 etc
1058 4025 1116 4089 per
1130 4025 1210 4090 quos

112 4113 173 4183 etc,
186 4117 220 4172 et
234 4108 349 4172 ueniat
363 4107 533 4194 inquisicio
548 4109 607 4173 tali
621 4107 674 4174 die
690 4117 748 4174 etc.
794 4108 912 4173 Postea
925 4109 1018 4172 uenit
1040 4107 1210 4194 inquisicio

111 4217 155 4272 set
175 4211 320 4296 predicte
341 4212 503 4298 Margerio
524 4212 617 4276 uenit
639 4221 673 4276 et
693 4211 773 4276 dicit
788 4211 875 4297 quod
889 4211 1059 4298 inquisicio
1073 4213 1131 4277 ills
1144 4234 1209 4276 non
1301 4223 1305 4230 ⁴

140 4380 147 4412 ¹
163 4381 214 4432 MS.
225 4383 276 4434 hss
286 4387 399 4448 ipsorum
410 4385 476 4435 oster
486 4388 539 4436 eius
551 4383 598 4436 but
609 4386 631 4434 it
682 4389 728 4436 not
739 4384 848 4436 wanted.

112 4447 204 4504 maybe
218 4449 326 4499 marked
343 4451 383 4500 ior
399 4450 523 4500 omission
539 4450 592 4500 snd
609 4451 631 4500 is

190 4565 222 4612 u.
248 4567 296 4616 ιιι.
1081 4552 1121 4611 19
