3167 5075
300 362 363 426 604
409 375 500 424 erce
522 376 566 425 or
588 375 788 428 rirrsnuuu
811 379 851 427 m
873 379 977 441 rerer,
998 379 1064 431 uo.
1088 362 1184 442 1227,
1205 379 1269 428 ru
1293 365 1344 428 11.

297 551 362 629 illu,
388 558 422 617 et
447 551 615 617 Joheunes
640 574 705 616 non
735 550 857 617 dedicit
885 551 972 638 quod
1001 559 1088 617 tenu
1115 551 1174 617 ille
1202 551 1337 616 nonsit
1365 550 1408 616 de

297 658 442 746 predicto
457 657 550 724 feodo
564 680 624 724 nec
639 656 762 743 aliquid
777 657 962 744 specialiter
975 657 1137 743 excipitur
1155 656 1191 721 in
1207 656 1408 745 cirographo,

296 761 534 829 consideratum
571 769 621 828 est
657 761 743 848 quod
780 761 1016 848 cyrographum
1052 769 1214 839 teneatur,
1248 771 1284 826 et
1319 760 1408 848 quod

296 865 481 931 Alexander
505 864 710 951 recuperauit
736 863 888 930 seisinam
912 887 1004 929 suom
1027 864 1069 930 de
1095 863 1273 930 medietate
1302 862 1409 929 tocius

295 970 439 1056 predicte
454 977 539 1034 terre
555 991 653 1055 quem
666 969 812 1034 Albreda
826 969 935 1034 tenuit
949 969 985 1033 in
998 968 1118 1048 dotem,
1133 976 1169 1034 et
1189 969 1213 1034 J
1213 969 1358 1034 ohannes
1371 969 1408 1034 in

296 1074 513 1140 misericordie
528 1081 587 1138 etc.

165 1171 256 1241 1778.
361 1177 487 1243 ¹Assisa
511 1177 604 1243 uenit
629 1177 835 1264 recognitum
862 1177 890 1242 oi
920 1177 1106 1242 Gilebertus
1132 1177 1173 1243 de
1201 1177 1411 1264 Brumpdono

296 1281 476 1347 auunculus
505 1280 663 1345 Willclmi
692 1281 732 1345 de
765 1280 971 1366 Brempdona
1000 1280 1064 1344 fuit
1092 1281 1224 1345 seicitus
1247 1281 1283 1345 in
1303 1281 1410 1346 domi-

176 1403 239 1456 [m]
296 1385 367 1451 nico
389 1407 447 1451 suo
467 1385 472 1471 Ι
491 1384 531 1450 de
547 1409 575 1449 r.
591 1384 673 1449 eoric
688 1393 772 1450 terre
793 1407 868 1449 oum
888 1392 969 1471 pert.
985 1383 1021 1447 in
1035 1384 1149 1449 Veteri
1170 1385 1333 1450 Rumenui
1352 1385 1409 1450 die

296 1497 364 1568 eto,
387 1498 422 1556 et
444 1489 471 1554 si
493 1497 563 1565 eto,
578 1489 664 1554 unde
687 1489 794 1554 Adam
817 1488 935 1554 Ruffus
957 1496 1049 1554 tenet
1068 1496 1136 1554 tres
1157 1511 1247 1554 aoros
1268 1499 1302 1554 et
1324 1490 1410 1554 Wil-

133 1602 254 1690 md
296 1594 412 1660 lelrnus
441 1593 471 1658 le
501 1593 627 1680 Noreye
655 1592 687 1658 ii.
711 1615 807 1658 acrae
867 1593 912 1657 Et
933 1590 1040 1656 Adem
1066 1601 1101 1657 et
1133 1592 1317 1658 Willelmuo
1340 1617 1411 1658 non

132 1697 233 1784 zm
295 1706 466 1776 uenerunt,
492 1706 527 1762 et
556 1697 768 1763 summonicio
794 1704 865 1775 etc„
888 1704 924 1761 et
948 1695 1022 1761 ideo
1047 1697 1196 1783 capietur
1224 1697 1325 1763 umisa
1348 1721 1413 1785 per

132 1791 458 1878 fflffiffldefeltam.

133 1885 269 1973 iiiiiim'
360 1908 528 1972 iuratores
542 1906 656 1972 dicunt
671 1905 757 1993 quod
773 1905 959 1971 Gilebertus
970 1905 1094 1970 nullom
1108 1914 1231 1972 terrem
1245 1909 1354 1974 tenuit
1370 1909 1409 1974 in

296 2013 410 2079 Veteri
424 2010 594 2090 RumoneL
604 2019 653 2077 set
664 2011 747 2076 bene
759 2011 867 2076 sciunt
878 2010 965 2095 quod
980 2010 1166 2076 Gilebertus
1176 2012 1259 2076 obiit
1272 2013 1411 2079 eeisitus

296 2118 336 2183 de
361 2118 465 2182 tribus
488 2116 570 2182 acris
602 2124 687 2181 terre
718 2123 752 2181 et
781 2113 858 2180 dinu
881 2115 918 2178 in
946 2113 1159 2202 Audingtona
1188 2138 1268 2202 quac
1296 2117 1411 2183 Adam

296 2221 463 2308 Colsweyn
477 2229 579 2299 tenet,
593 2227 628 2285 et
643 2220 727 2285 bene
741 2219 849 2284 sciunt
863 2219 950 2305 quod
965 2218 1047 2284 obiit
1061 2219 1191 2284 seisitus
1213 2220 1254 2286 de
1275 2219 1410 2288 duabus
1547 2301 1549 2304 Α

295 2326 377 2392 acris
392 2334 476 2390 terre
491 2326 525 2390 in
541 2323 655 2390 eedem
670 2322 750 2389 uillo
764 2344 846 2409 quur
861 2323 1024 2388 Robertue
1041 2331 1075 2388 et
1095 2323 1205 2389 Homo
1226 2325 1257 2390 le
1278 2325 1413 2414 Noreyn

295 2439 418 2508 tenent,
436 2438 486 2496 set
502 2429 652 2495 nesciunt
672 2428 745 2516 quis
765 2428 809 2493 eit
824 2427 1008 2493 Willelmus
1030 2427 1060 2493 le
1083 2428 1216 2514 Noreyu
1262 2431 1307 2495 Et
1328 2432 1415 2517 quia

294 2535 393 2601 breue
409 2533 553 2621 loquitur
567 2532 608 2599 de
625 2531 738 2599 Veteri
753 2531 917 2598 Rumenul
932 2542 966 2597 et
981 2532 1091 2599 Homo
1105 2542 1141 2598 et
1157 2533 1320 2601 Robertus
1341 2559 1413 2601 non
1439 2612 1445 2621 Ι

294 2648 371 2704 sunt
386 2638 576 2704 summoniti
591 2636 632 2702 de
647 2637 774 2703 duabus
788 2636 870 2702 acris
885 2646 978 2715 terre,
993 2637 1232 2703 consideratum
1252 2642 1414 2727 estquod

294 2744 334 2809 de
358 2743 422 2809 illis
445 2744 571 2809 duobus
595 2742 676 2807 coris
699 2750 784 2807 terre
810 2741 977 2829 perquirat
1001 2741 1091 2808 eliud
1115 2742 1215 2808 breue
1240 2753 1275 2808 et
1301 2744 1345 2809 sit
1372 2746 1413 2810 in

293 2846 511 2912 misericordia
525 2868 583 2932 pro
598 2846 677 2910 falso
692 2846 841 2910 clamore.

358 2952 409 3017 De
425 2951 529 3016 tribus
544 2949 625 3015 coris
640 2958 725 3015 terre
740 2949 856 3015 dicunt
870 2950 957 3035 quod
977 2972 1092 3015 reuera
1112 2958 1200 3015 terra
1219 2950 1275 3016 illa
1296 2960 1348 3016 est
1373 2952 1415 3019 in

292 3055 443 3142 parochie
456 3056 498 3121 de
515 3054 628 3120 Veteri
643 3054 806 3119 Rumenal
821 3053 857 3118 in
873 3055 1014 3141 quodam
1028 3056 1174 3121 membro
1194 3056 1235 3121 de
1256 3056 1417 3147 Auding·

292 3167 377 3225 tone
431 3159 475 3223 Et
498 3158 655 3223 iuratores
682 3156 797 3222 dicunt
820 3157 907 3243 quod
931 3157 1039 3222 Adam
1063 3157 1094 3223 le
1119 3158 1189 3224 Rus
1214 3167 1307 3225 tenet
1337 3170 1415 3228 tres

292 3284 387 3328 acrae.
433 3263 477 3327 Et
498 3261 571 3327 ideo
593 3260 832 3327 consideratum
855 3262 1013 3348 estquod
1029 3262 1214 3329 Willelmue
1235 3280 1417 3352 recuperet
1544 3335 1545 3356 i

292 3368 442 3433 seisiuem
458 3388 548 3432 suam
564 3388 678 3431 uersus
693 3386 769 3430 eum
784 3374 819 3431 et
834 3365 903 3453 ipse
918 3366 954 3431 in
968 3366 1188 3434 misericordia
1201 3377 1261 3435 etc
1544 3369 1545 3452 f

356 3470 480 3535 ⁸Adem
505 3470 592 3535 filius
616 3469 743 3535 Bertini
768 3470 855 3556 petit
878 3493 991 3536 uersus
1016 3472 1216 3537 Willelmum
1238 3473 1278 3538 de
1301 3474 1417 3542 Punt-
1544 3463 1545 3468 ἵ

292 3572 391 3639 feldio
404 3574 457 3660 xij.
474 3596 563 3639 eorus
578 3581 662 3638 terre
678 3581 712 3639 et
727 3572 804 3638 dim.
819 3596 895 3638 cum
909 3584 990 3660 pert.
1005 3574 1041 3639 in
1064 3576 1143 3640 Esse
1163 3586 1203 3641 ut
1223 3576 1275 3641 ius
1296 3600 1415 3659 suurn,
1543 3619 1544 3662 r

292 3678 378 3743 unde
402 3677 534 3765 quidum
558 3685 739 3743 antecessor
762 3700 841 3741 suus
867 3676 1031 3766 Malgcrus
1053 3679 1184 3745 nominc
1212 3702 1296 3746 auus
1324 3706 1416 3752 suus

292 3782 355 3847 fuit
377 3781 507 3847 seieitus
533 3780 566 3845 in
592 3780 753 3846 dominico
773 3803 832 3845 suo
855 3791 894 3847 ut
915 3782 957 3847 de
987 3783 1080 3849 feodo
1105 3793 1164 3849 eto
1189 3794 1336 3872 tempore
1365 3791 1416 3857 Η
1543 3762 1545 3788 ¹

291 3887 390 3975 Regis
404 3887 460 3951 eui
475 3888 568 3951 Dom,
584 3886 683 3971 Regis
697 3886 854 3972 capiendo
869 3895 938 3965 etc,
953 3889 1045 3954 etde
1065 3888 1211 3978 Mulgero
1232 3890 1415 3961 deseendit

290 3990 342 4055 ius
364 3999 448 4055 terre
470 3988 559 4055 illius
581 3989 709 4055 cuidem
732 3990 901 4076 Emulpho
924 4000 959 4056 et
982 3992 1116 4058 Bertino
1137 3995 1230 4060 fratri
1244 4018 1304 4061 suo
1318 3997 1417 4066 sicut
1542 3991 1544 4074 ζ

291 4102 377 4161 une
402 4094 572 4182 partibilis,
595 4102 629 4159 et
655 4095 742 4161 uem
769 4095 940 4161 Amuldus
966 4097 1030 4163 fue
1054 4107 1149 4184 pater
1174 4100 1342 4179 willermi
1375 4115 1418 4171 et
1542 4087 1544 4098 '

291 4200 455 4286 predictus
469 4200 623 4266 Bertinus
637 4200 702 4265 fuit
715 4208 811 4287 puter
824 4201 907 4279 Ade,
922 4202 1010 4267 unde
1025 4210 1113 4268 term
1127 4226 1192 4290 que
1213 4204 1278 4270 fuit
1300 4204 1417 4293 ipsius

323 4332 334 4365 ¹
350 4334 379 4384 A„
394 4348 429 4385 nu
445 4334 485 4384 11.
871 4336 1071 4399 ononymourly.

323 4399 473 4459 'Bronton⁹
491 4399 509 4449 1.
526 4400 582 4458 289,
602 4398 665 4451 cites
687 4398 741 4451 thir
762 4414 821 4452 case
903 4400 1009 4452 hum.
1023 4403 1062 4451 11.
