3167 5075
341 407 576 470 momentus,
597 409 662 460 an.
678 397 792 472 11223,
803 410 866 463 aa
884 397 982 466 v7—8.
1151 403 1216 466 489

120 583 332 669 spondendum
349 585 513 650 Willelmo
527 585 568 650 de
585 586 775 656 Kenewell'¹
797 597 896 673 quare
916 587 1003 673 cepit
1025 589 1216 654 aueria'sua

121 697 151 750 et
163 687 297 754 iniuste¹
310 697 379 766 etc,
394 689 483 754 unde
502 689 590 754 idem
605 690 790 756 Willelmus
812 691 960 777 queritur
981 693 1067 778 quod
1089 693 1216 759 desicut

119 792 191 855 tulit
215 792 321 857 eidem
346 791 532 857 uioecomiti
558 794 658 858 breue
683 793 779 860 Dom.
805 794 906 881 Regis
931 794 972 860 de
1001 796 1120 860 aueriis
1149 795 1216 861 suis

119 895 334 988 replegiandis,
348 896 417 980 ipse
434 912 499 960 non
513 896 664 962 obstante
679 898 834 962 mandato
851 898 907 964 illo
927 899 1065 964 retinuit
1085 907 1215 965 tantum

118 1010 171 1064 ete
185 1010 220 1065 et
233 1000 340 1065 adhuc
355 1000 492 1078 detinet,
507 1023 566 1086 per
580 1003 666 1087 quod
680 1023 740 1088 per
753 1002 813 1066 hoc
828 1002 1042 1068 deterioratus
1057 1012 1107 1068 est
1122 1010 1185 1069 etcss

176 1105 219 1170 Et
243 1106 344 1193 Hugo
370 1106 463 1171 uenit
489 1114 524 1170 et
548 1105 695 1171 defendit
716 1106 873 1171 iniustam
895 1107 1078 1193 capcionem
1102 1115 1136 1173 et
1161 1107 1215 1172 de-

117 1209 292 1274 tentionem
318 1218 388 1289 etc,
414 1218 465 1276 set
490 1231 607 1274 uemm
631 1209 706 1275 uult
731 1209 846 1274 dicere.
890 1211 966 1296 Ipse
996 1219 1047 1276 est
1075 1211 1217 1277 bellinus

116 1310 265 1376 Falkesii⁸
281 1313 337 1398 qui
355 1320 406 1376 est
426 1313 605 1377 uiceoomes
626 1313 719 1376 Dom
736 1311 845 1398 Regis,
860 1321 895 1376 et
916 1312 985 1397 ipse
1010 1311 1110 1399 Hugo
1131 1313 1217 1379 sicut

115 1415 249 1481 balliuus
272 1417 364 1482 Dom.
385 1417 414 1480 F
414 1415 529 1480 alkesii
550 1415 661 1482 tenuit
682 1415 852 1481 hundreda
873 1439 932 1503 per
953 1417 1154 1496 comitatum,
1168 1418 1217 1482 ita

115 1520 195 1605 quod
207 1520 250 1585 ad
265 1544 368 1585 unum
384 1520 589 1586 hundredum
604 1521 730 1586 dictum
745 1521 824 1587 fuit⁴
839 1523 924 1609 quod
936 1522 1022 1587 idem
1032 1523 1216 1589 Willelmus

116 1622 225 1694 habuit
246 1625 359 1688 aueria
380 1624 568 1690 aduenticia
588 1647 653 1710 que
674 1626 884 1711 pertinebant
905 1626 947 1690 ed
969 1627 1062 1692 Dom.
1082 1628 1215 1714 Regem,

115 1727 229 1793 scilieet
245 1750 346 1792 unam
361 1749 452 1794 suem
468 1751 542 1793 cum
558 1728 705 1814 porcellis
719 1737 753 1793 et
768 1751 870 1794 unum
883 1750 1015 1815 porcum
1026 1731 1215 1807 masculum,

116 1831 159 1896 ita
182 1832 271 1918 quod
296 1832 553 1897 manducauerat
578 1854 711 1918 porcum
737 1832 840 1910 illum,
867 1840 902 1897 et
928 1855 1020 1897 suem
1042 1832 1158 1898 habuit
1180 1834 1215 1898 in

113 1935 202 2000 domo
231 1958 300 2000 sua
344 1935 388 1999 Et
417 1958 492 2000 cum
521 1935 608 2000 idem
641 1936 823 2001 Willelmus
851 1937 1037 2022 inculpatus
1066 1947 1150 2003 esset
1180 1939 1214 2004 in

114 2039 285 2114 hundredo,
307 2040 440 2106 tandem
466 2041 564 2106 finem
591 2041 669 2105 fecit
693 2063 751 2127 pro
776 2040 994 2106 misericordia
1018 2051 1133 2107 suaet
1157 2065 1215 2128 pro

113 2142 265 2207 habendis
296 2143 399 2228 porcis
427 2143 493 2207 illis
521 2165 579 2229 pro
607 2165 658 2208 xm
686 2143 750 2220 sol,
776 2151 811 2208 et
836 2144 912 2208 inde
939 2144 1067 2209 inuenit
1091 2145 1216 2233 plegios

113 2245 306 2310 sufficientes
327 2253 361 2310 et
383 2245 500 2310 habuit
521 2245 609 2310 diem
628 2245 784 2310 reddendi
804 2245 951 2310 denarios
966 2246 1044 2324 illos,
1060 2246 1102 2311 ad
1117 2270 1213 2333 quem

82 2428 85 2437 μ
113 2371 172 2413 non
200 2348 352 2414 reddidit
406 2348 450 2413 Et
479 2348 557 2434 quia
584 2350 738 2435 cognouit
766 2349 914 2414 debitum
945 2350 1027 2415 illud
1055 2349 1089 2414 in
1118 2351 1215 2437 pleno

112 2453 266 2518 comitatu
281 2462 355 2539 post
368 2451 455 2516 diem
470 2459 635 2516 statutum
650 2451 690 2516 de
706 2452 846 2517 denariis
857 2453 1036 2529 reddendis,
1047 2455 1133 2541 cepit
1145 2455 1215 2542 ipse

112 2556 217 2621 aueria
237 2578 300 2621 sua
320 2564 355 2621 et
376 2556 434 2621 illa
453 2557 615 2621 commisit
634 2557 763 2623 cuidam
783 2558 927 2623 Johanni
941 2559 998 2644 qui
1012 2582 1070 2645 per
1080 2559 1214 2645 ⁸feodum

113 2659 224 2725 uendit
240 2659 429 2724 huiusmodi
447 2660 582 2738 aueria⁶,
599 2668 634 2724 et
649 2669 728 2725 tunc
744 2661 914 2727 mandauit
929 2663 1035 2727 eidem
1050 2663 1217 2730 Willelmo

111 2763 193 2847 quod
213 2762 418 2848 acquietaret
439 2764 551 2828 aueria
569 2785 629 2829 sua
648 2774 682 2829 et
697 2765 812 2843 noluit,
827 2766 875 2830 ite
889 2766 976 2851 quod
990 2778 1215 2834 remanserunt

110 2865 142 2930 in
162 2866 312 2932 custodia
332 2866 492 2931 Johsnnis
513 2889 572 2952 per
592 2891 643 2934 xa
659 2870 857 2955 septimanas
879 2870 914 2935 in
937 2870 1061 2958 hyeme,
1080 2881 1115 2937 et
1136 2874 1215 2959 quia

110 2970 211 3036 noluit
234 2970 420 3057 acquietare
446 2971 559 3036 aueria
583 2994 643 3037 sua
667 2995 726 3058 per
750 2974 1018 3041 consuetudinem
1040 2977 1215 3043 comitatus

111 3073 258 3140 uendidit
280 3074 445 3161 predictus
466 3073 633 3140 Johannea
655 3076 766 3141 aueria
787 3076 845 3141 illa
865 3099 923 3162 pro
941 3101 991 3145 xv.
1007 3079 1062 3145 sol.
1077 3079 1118 3144 ad
1134 3103 1215 3166 opus

111 3178 308 3244 mcecomitis
322 3186 358 3243 et
371 3200 430 3264 pro
444 3198 511 3243 una
524 3201 633 3243 marea
646 3180 688 3253 ad
707 3202 788 3265 opus
809 3180 953 3246 eiusdem
975 3182 998 3247 J
999 3182 1135 3247 ohannis
1157 3205 1214 3269 pro

110 3282 254 3347 custodia
268 3304 336 3360 sua,
350 3290 385 3346 et
399 3282 459 3347 hoc
474 3290 582 3348 totum
597 3283 720 3348 factum
735 3283 800 3348 fuit
814 3284 1002 3371 priusquam
1022 3278 1215 3371 suscepisset

111 3386 232 3452 litteras
255 3387 349 3451 Dom.
372 3386 473 3474 Regis
494 3395 554 3453 etc
600 3388 651 3451 De
674 3411 758 3474 equo
779 3388 860 3453 dicit
882 3389 967 3475 quod
993 3390 1081 3475 cepit
1105 3390 1212 3476 ipsum

111 3513 164 3575 pro
176 3514 206 3555 v.
221 3491 280 3556 sol.
295 3489 434 3555 residuis
448 3490 489 3555 de
503 3514 555 3557 aa
571 3491 626 3557 sol.
642 3500 677 3556 et
691 3514 749 3577 pro
763 3492 837 3557 aliis
858 3493 998 3557 denariis
1020 3515 1100 3579 quos
1117 3494 1213 3560 debe·

110 3594 164 3658 bat
185 3604 257 3671 etc,
273 3603 308 3659 et
328 3594 405 3659 inde
427 3596 521 3681 ponit
540 3617 575 3660 se
594 3618 692 3681 super
710 3595 925 3661 comitatum⁸.
971 3597 1015 3662 Et
1030 3597 1214 3663 Willelmus

110 3697 166 3761 hoc
189 3706 301 3762 totum
328 3696 483 3765 defendit.
528 3699 573 3763 Et
596 3698 669 3763 ideo
693 3699 885 3765 mandatum
911 3707 961 3765 est
987 3700 1146 3766 militibus
1172 3703 1212 3769 de

110 3800 265 3866 comitatu
279 3799 367 3887 quod
380 3823 487 3866 eoram
502 3801 690 3867 custodibus
705 3810 764 3867 etc.
780 3800 989 3867 recordentur
1007 3803 1035 3868 si
1048 3804 1213 3891 predictus

110 3905 292 3970 Willelmus
313 3904 427 3970 finem²
448 3906 561 3971 fecerit
582 3928 657 3971 oum
680 3906 750 3992 ipso
771 3907 963 3972 uiceeomite
982 3931 1040 3994 pro
1059 3909 1213 3994 predictis

109 4006 242 4073 aueriis⁸
256 4016 317 4073 etc
339 4008 422 4087 etsi
442 4008 588 4095 predicto
610 4008 705 4073 modo
727 4010 849 4095 ceperit
872 4032 992 4095 equum
1015 4012 1069 4077 uel
1090 4036 1163 4091 non,
1178 4023 1212 4079 et

138 4174 148 4205 ¹
164 4176 291 4232 Keocbell,
304 4174 332 4224 Δ.
432 4178 435 4186 ’
684 4174 770 4223 beasts
781 4189 811 4223 so
823 4172 916 4223 ssized.

137 4239 273 4353 :3²an
276 4238 439 4355 &31ngss
683 4238 958 4354 mgnfflsthpppaergs
978 4238 1025 4290 but
1044 4255 1079 4291 un
1096 4241 1211 4306 abridge·

139 4370 149 4400 ⁴
165 4319 267 4433 Sdiiply
277 4373 309 4428 ei,
320 4369 350 4421 Δ.
432 4340 440 4354 ⁰
717 4368 728 4402 ⁷
738 4372 816 4433 finem
826 4340 957 4431 repeated:

139 4437 149 4467 ⁵
164 4436 190 4485 It
200 4450 256 4484 was
270 4434 313 4484 his
329 4434 411 4494 office,
422 4432 464 4483 hia
481 4434 527 4492 sse,
543 4438 571 4484 to
586 4435 633 4485 soll
716 4432 728 4466 ⁸
745 4433 1053 4498 §muneratorium
