3167 5075
345 410 409 473 344
652 422 803 483 rnuurr,
824 420 888 471 un.
913 408 1007 482 1220,
1030 422 1092 471 nn
1117 409 1146 470 4.

344 589 446 655 eciem
470 597 592 654 eertum
616 588 686 653 Eue
708 589 750 655 de
771 589 906 676 Gurney
919 589 1033 654 metris
1056 589 1158 676 ipsius
1176 589 1309 655 Roberti
1326 598 1358 655 et
1373 591 1422 655 filie

344 694 487 781 predicte
511 693 654 759 Hewisie
681 716 744 780 que
768 694 936 759 confirmet
963 694 1010 759 eiu
1035 694 1157 759 donum
1185 695 1271 781 quod
1298 695 1342 759 eis
1365 696 1424 761 feeit

345 798 489 864 Hewisie
502 806 607 864 meter
625 820 685 862 sue
705 798 746 861 de
766 796 901 863 ecclesie
920 798 961 864 de
984 797 1212 885 Inglieeumbe
1258 797 1424 865 continetur
1535 801 1536 806 ’

345 898 446 963 eciem
476 898 511 963 in
539 904 629 963 carte
657 895 714 961 illa
743 898 829 983 quod
859 896 931 983 ipsu
960 896 1032 963 Eue
1060 898 1134 962 uult
1157 899 1243 984 quod
1269 898 1422 984 predictum

345 1001 575 1067 monesterium
599 1001 639 1067 de
660 1000 914 1067 Bormumdeseie
932 1000 1079 1087 optineat
1091 1001 1271 1087 predictum
1285 1001 1423 1067 eoeleim

344 1106 379 1171 in
400 1127 515 1191 puram
536 1113 596 1170 ete.
612 1113 680 1171 tem
700 1128 740 1170 ex
762 1105 939 1171 domnoione
958 1127 1018 1170 sue
1036 1128 1136 1191 quem
1155 1128 1196 1171 ex
1211 1105 1424 1171 confirmacione

345 1206 528 1292 prescripta
574 1205 700 1270 Profert
723 1204 827 1271 eciem
846 1213 969 1269 certem
989 1204 1163 1291 Regimnldi
1182 1206 1339 1292 quondum
1352 1202 1425 1288 Epie
1536 1235 1537 1276 r

345 1310 417 1395 copi
432 1307 675 1373 Bethoniensis¹
690 1332 755 1395 que
770 1310 939 1374 confirmat
951 1308 999 1374 eis
1009 1309 1236 1374 reeionebilem
1244 1308 1426 1375 donacionem

346 1435 443 1499 quarn
455 1410 600 1477 Hewisie
614 1413 654 1478 do
670 1413 805 1499 Gumay
815 1413 893 1479 fecit
907 1412 1101 1479 monasterio
1116 1412 1148 1479 S.
1165 1412 1340 1479 Seluetoris
1350 1433 1427 1497 snper

346 1518 415 1583 iure
435 1524 625 1602 patronatus
644 1517 685 1581 de
700 1517 936 1604 Ingleeeumbe
951 1526 985 1583 et
1000 1516 1133 1584 uidetur
1146 1516 1177 1582 ei
1191 1517 1277 1603 quod
1290 1516 1427 1581 Robertm
1537 1547 1538 1608 r

346 1621 444 1687 debet
459 1621 580 1686 donum
594 1620 676 1685 illud
691 1622 738 1686 eis
752 1622 941 1687 confirmare
955 1630 991 1687 et
1005 1621 1218 1686 warentizare.
1537 1651 1538 1692 ᾗ

413 1724 456 1789 Et
481 1724 644 1789 Robertue
669 1723 765 1790 dioit¹
794 1724 881 1811 quod
909 1733 999 1791 oertu
1027 1724 1170 1790 Hewiuie
1200 1745 1265 1788 nom
1292 1720 1427 1788 debetei

346 1852 460 1895 nocere
486 1828 566 1915 quin
595 1828 694 1895 ensise
722 1830 884 1915 procedet,
908 1830 987 1915 quia
1014 1838 1185 1915 postquam
1210 1830 1282 1915 ipse
1309 1826 1427 1894 Hnwisie

274 1992 278 1999 .
347 1934 424 1999 feeit
451 1932 456 2020 Ι
486 1940 609 1999 eertum
638 1932 736 2010 illem,
765 1932 858 1999 dedit
887 1933 958 2019 ipse
988 1934 1161 2005 ,eeclesiam
1197 1932 1288 1998 illem
1321 1931 1425 1997 cuidem
1538 1992 1540 1999 .

347 2037 489 2101 Roberto
506 2036 562 2122 qui
577 2036 694 2101 ultimo
709 2036 791 2101 obiit
809 2058 951 2122 persone
997 2036 1048 2101 De
1067 2044 1157 2101 carte
1177 2036 1248 2101 Eue
1266 2036 1343 2101 dicit
1359 2030 1426 2121 quod
1538 2063 1539 2118 j

347 2140 379 2204 ei
393 2162 458 2204 non
473 2140 572 2206 debet
586 2162 700 2206 nocere
715 2141 793 2226 quie
807 2142 894 2206 fecte
908 2140 972 2206 fuit
985 2140 1021 2205 in
1036 2140 1220 2227 egritudine
1235 2162 1300 2228 que
1317 2139 1388 2205 obiit
1401 2145 1426 2202 et

347 2244 481 2309 uiuente
501 2244 629 2331 Rogero
648 2244 689 2309 de
711 2244 887 2310 Pieutone⁸
900 2244 971 2309 uiro
985 2266 1044 2309 suo
1059 2253 1094 2309 et
1107 2243 1184 2309 inde
1198 2244 1292 2330 pouit
1305 2266 1337 2310 se
1350 2262 1427 2329 super
1538 2249 1539 2252 ’

346 2348 494 2413 iuratam.

414 2451 457 2515 Et
477 2450 555 2538 quie
574 2450 736 2517 Robertus
756 2460 807 2518 est
826 2452 911 2518 infre
930 2461 1053 2519 etatem
1073 2461 1108 2518 et
1123 2474 1188 2517 non
1201 2460 1310 2539 potest
1323 2471 1428 2538 respon·

347 2555 424 2620 dere
452 2554 495 2620 ed
524 2563 637 2633 certus,
667 2554 906 2622 consideratum
934 2565 985 2622 est
1014 2556 1101 2642 quod
1128 2555 1192 2642 ipsi
1223 2577 1266 2622 ex
1297 2573 1427 2620 eoeneum

348 2657 494 2745 parcium
515 2667 705 2744 presentent
727 2659 879 2724 clericum
900 2658 943 2724 ed
964 2659 1132 2724 eeclesiam
1153 2658 1245 2723 illem
1267 2659 1353 2724 seluo
1373 2657 1427 2720 iure

349 2760 523 2826 cuiuslibet
552 2769 587 2826 et
616 2783 690 2826 curm
720 2760 873 2826 habuerit
902 2768 1025 2826 etatem
1053 2759 1167 2826 ueniet
1194 2760 1240 2825 ed
1267 2760 1380 2826 curium
1402 2767 1430 2822 et

350 2862 543 2949 respondeat
557 2871 788 2929 eontruoertoe
803 2864 831 2929 si
845 2864 988 2929 uoluerit
1002 2864 1079 2929 ete⁴
1539 2879 1541 2886 '

414 2968 509 3033 ⁶Dies
524 2966 621 3033 dutus
636 2976 687 3032 est
701 2968 837 3055 Hugoni
851 2967 997 3033 Malebie'
1011 2990 1070 3054 per
1083 2975 1285 3034 ettomatum
1303 2988 1389 3034 suum
1404 2973 1431 3030 et

278 3097 294 3128 r·
350 3071 522 3157 Wyemero
544 3071 585 3136 de
608 3071 808 3136 Thorintoma
828 3079 864 3136 et
885 3071 1027 3136 Roberto
1049 3071 1214 3136 Beinnard
1235 3071 1277 3137 de
1297 3067 1430 3156 oupiendo

350 3173 547 3262 cyrogmmpho
566 3197 624 3241 suo
645 3176 705 3241 teli
724 3175 777 3240 die
797 3183 858 3240 ete
879 3197 918 3240 eo
937 3174 1023 3260 quod
1041 3174 1199 3241 Rioerdus
1212 3175 1255 3240 de
1270 3170 1430 3261 Leybnrmn

350 3279 407 3365 qui
429 3277 545 3346 debuit
566 3280 753 3368 cognouisse
774 3278 949 3344 seminium
971 3301 1067 3344 suum
1088 3303 1154 3344 non
1174 3281 1277 3348 uenit
1319 3280 1359 3344 Et
1372 3299 1429 3363 pre

350 3391 482 3470 ceptum
505 3383 569 3448 fuit
591 3383 774 3448 uioeoomiti
796 3382 882 3470 quod
904 3382 1040 3448 heberet
1061 3404 1176 3467 eorpus
1196 3405 1294 3449 suum
1314 3381 1367 3447 uli
1385 3377 1427 3442 die

352 3495 410 3554 eto.
427 3494 461 3551 et
476 3485 549 3552 ideo
563 3487 648 3552 sicut
662 3486 759 3572 prium

416 3591 572 3656 ‘Thomas
591 3589 632 3656 de
654 3590 806 3656 velena*
826 3590 1026 3657 attechietus
1045 3591 1110 3656 suit
1131 3590 1174 3656 ed
1195 3587 1428 3678 respondendum

288 3735 293 3747 ·
353 3693 505 3759 Priorisse
525 3693 566 3759 de
588 3694 761 3780 Campesse
781 3717 881 3782 quere
899 3695 1055 3761 defomiet
1072 3696 1104 3760 ei
1117 3704 1340 3762 tenementum
1351 3709 1431 3760 suum

351 3797 387 3861 in
407 3797 545 3862 Parhern
565 3796 653 3863 unde
672 3798 743 3883 ipse
760 3819 867 3863 eorem
886 3799 1072 3864 iusticieriis
1090 3800 1208 3866 ultimo
1226 3798 1436 3867 itinerantibus

352 3901 387 3966 in
416 3901 573 3966 comitatu
603 3902 808 3988 recuperauit
843 3902 995 3969 seisinem
1031 3926 1144 3970 uersus
1181 3905 1367 3972 Gilibertum
1393 3898 1435 3964 de

354 4002 513 4068 Ooleuille
532 4026 591 4090 per
609 4005 740 4070 assisam
760 4027 845 4071 noue
864 4006 1031 4072 dieseisine
1050 4007 1127 4072 inde
1147 4007 1304 4074 intereos
1320 4011 1437 4090 neptem

354 4105 441 4192 apud
464 4106 496 4172 S.
521 4106 730 4174 Edmundum
753 4117 811 4174 ete
857 4110 901 4174 Et
924 4109 1063 4176 Thomas
1089 4111 1182 4176 uenit
1203 4119 1239 4178 et
1263 4105 1442 4193 dicitquod

387 4243 395 4275 ¹
414 4241 463 4292 Ob.
476 4243 548 4294 1191.
963 4245 973 4276 ⁴
989 4245 1033 4297 Br.
1046 4246 1066 4295 t.
1078 4245 1126 4296 249
1136 4245 1161 4297 b.

387 4307 878 4373 ²1nBthereisemeterinHydif-
962 4309 1267 4370 ³A.m.5;13.m3e

356 4375 439 4424 terent
450 4372 551 4424 version
563 4375 591 4424 ot
601 4375 719 4424 Robert’u
729 4375 797 4438 plen.
963 4375 1068 4425 ἰῶ.
1080 4377 1110 4433 53
1126 4376 1204 4428 Bm.
1216 4378 1238 4428 2.

387 4437 399 4470 ⁸
414 4439 520 4496 Pelton',
531 4437 561 4487 B.
962 4441 973 4474 ⁷
994 4442 1116 4500 Vettium.
1127 4441 1158 4491 B.
