3167 5075
348 392 411 456 436
535 402 668 453 armar
690 404 764 452 ιιιι)
787 400 925 463 marna,
947 402 1012 471 an.
1036 391 1130 464 1221,
1152 404 1215 454 ιιι.
1240 394 1266 453 5.

347 580 511 647 Robertus
535 602 601 644 nou
626 577 744 644 habuit
766 577 850 643 illud
874 576 938 642 nisi
964 576 1008 641 ad
1032 577 1158 641 firmam
1180 576 1223 641 dc
1244 599 1283 642 eo
1304 585 1341 641 et
1363 575 1453 640 lacit¹

348 686 504 751 defaltam
533 706 591 770 pro
620 682 691 748 iure
721 704 779 747 suo
806 682 837 746 ei
866 680 1050 759 auferendo,
1077 689 1112 746 et
1141 682 1262 767 profert
1291 680 1455 767 quoddam

348 788 584 875 cyrographum
599 786 687 872 quod
701 794 845 851 testatur
859 785 945 871 quod
965 786 1128 851 commisit
1149 784 1231 851 illud
1251 784 1455 869 mesuagium

348 891 455 956 eidem
480 890 622 954 Roberto
647 888 691 953 ad
717 886 894 953 terminum
920 896 980 952 etc.
1027 889 1071 952 Et
1096 888 1170 953 ideo
1191 895 1383 973 preceptum
1408 896 1455 950 est

348 993 534 1060 uicccomiti
550 992 638 1079 quod
652 992 772 1057 habeat
786 990 917 1077 corpus¹
932 1000 993 1056 etc.

286 1106 310 1169 ⁹.
415 1098 544 1163 'Aesica
565 1096 658 1162 uenit
680 1096 886 1183 recognitura
908 1095 981 1180 quis
1002 1095 1180 1161 aduocatos
1203 1104 1349 1181 tempore
1368 1094 1459 1180 pacis

248 1217 283 1290 ¹¹*
349 1199 552 1287 presentauit
566 1201 718 1265 ultimam
733 1222 903 1286 personam
925 1220 989 1284 que
1009 1208 1139 1264 mortua
1160 1208 1209 1265 est
1229 1200 1270 1265 ad
1288 1200 1459 1264 eoelesiaur

350 1305 391 1369 de
421 1304 502 1369 Acle
532 1326 595 1390 que
624 1312 722 1369 uacat
751 1311 822 1381 etc,
850 1302 943 1367 cuius
980 1302 1228 1369 aduocacionem
1258 1304 1351 1368 Dom.
1386 1304 1460 1367 Rex

350 1411 469 1475 clamat
498 1430 612 1474 uersus
640 1408 784 1474 Priorem
815 1408 855 1472 de
882 1410 914 1473 S.
944 1407 1165 1473 Frideswitda
1211 1408 1277 1488 Qui
1302 1408 1399 1473 uenit
1426 1420 1459 1472 et

350 1512 431 1578 dicit
446 1513 533 1599 quod
547 1512 647 1577 assisa
667 1535 734 1576 non
753 1512 852 1576 debet
870 1512 947 1578 inde
970 1513 1041 1577 fieri
1063 1512 1141 1599 quia
1160 1514 1294 1578 eeclesia
1315 1512 1373 1577 illa
1393 1536 1459 1577 non

350 1623 448 1679 uacat
469 1615 569 1679 immo
592 1614 680 1679 idem
706 1613 798 1678 Prior
824 1622 873 1679 est
895 1614 971 1679 inde
993 1637 1130 1700 persona
1153 1624 1191 1680 ut
1213 1614 1254 1680 de
1274 1616 1333 1679 illa
1357 1637 1457 1702 quarn

349 1717 555 1803 recuperauit
578 1717 613 1781 in
639 1717 707 1781 foro
728 1716 943 1781 eeclesiastico
971 1740 1079 1782 eoram
1109 1718 1271 1784 iudicibus
1298 1719 1459 1804 delegatis

350 1843 464 1887 uersus
478 1819 681 1885 Willelmum
697 1820 802 1885 lilium
818 1820 950 1885 Ricardi
965 1843 1134 1906 personam
1154 1821 1299 1887 eiusdem
1314 1822 1458 1897 ecclesie,
1533 1862 1534 1869 ι

351 1932 387 1989 et
406 1924 479 1989 ideo
499 1946 563 1988 nou
591 1922 689 1987 debet
715 1923 816 1987 assisa
836 1922 1018 2008 procedere.
1063 1924 1107 1988 Et
1130 1926 1277 2010 quesitus
1301 1948 1342 1989 ex
1363 1927 1458 1989 cuius

350 2028 435 2092 dono
456 2027 543 2092 idem
562 2025 745 2089 Willelmus
767 2024 885 2089 habuit
907 2026 1075 2090 ecclesiam
1094 2026 1194 2105 illam,
1210 2026 1289 2092 dicit
1311 2026 1402 2113 quod
1420 2050 1456 2093 ex

352 2131 435 2198 dono
455 2128 662 2197 Cancellarii⁴
682 2128 783 2215 Regis
803 2129 934 2194 Ricardi
956 2151 1014 2214 per
1035 2130 1167 2195 forciam
1189 2154 1281 2197 suam
1303 2141 1339 2197 et
1359 2156 1459 2219 super

351 2235 517 2322 appellum
532 2256 635 2299 suum
681 2234 725 2297 Et
740 2232 819 2319 quia
841 2232 1061 2299 Cancellarius
1079 2236 1283 2320 presentauit
1305 2237 1366 2301 ult
1341 2246 1455 2301 trmam

352 2362 521 2425 personam
530 2347 590 2403 etc
605 2338 668 2404 sub
682 2338 813 2402 nomine
829 2338 923 2403 Dom
939 2338 1041 2426 Regis
1056 2349 1089 2404 et
1104 2340 1197 2404 Prior
1211 2340 1270 2405 hoc
1284 2342 1457 2457 cognoscit,

351 2441 590 2507 consideratum
627 2447 677 2505 est
714 2440 800 2527 quod
837 2441 930 2507 Dom.
969 2442 1040 2507 Rex
1070 2444 1276 2529 recuperauit
1305 2444 1456 2509 saisinam

351 2545 603 2632 presentacionis
617 2567 675 2610 sue
690 2553 725 2610 et
739 2545 855 2610 Prior
846 2569 881 2610 ιιι
896 2546 1113 2612 misericordia
1126 2558 1187 2614 eta

221 2661 313 2724 1546
416 2650 620 2715 'Theodorus
644 2649 686 2714 de
709 2648 912 2714 Wichfoulia
936 2650 1022 2736 petit
1047 2673 1161 2716 uersus
1189 2653 1388 2718 Gilibertum
1417 2653 1458 2718 de

227 2761 299 2800 ΨΜ
351 2754 596 2840 Beingewrthe⁶
612 2762 647 2818 et
669 2753 798 2818 Sarram
818 2773 952 2818 uxorem
971 2754 1041 2820 eius
1061 2754 1143 2820 duas
1163 2756 1257 2822 hidas
1279 2767 1364 2822 terre
1383 2781 1458 2823 cum

350 2867 433 2946 pert
448 2859 484 2923 in
499 2857 716 2924 Otheshelue'
731 2857 795 2922 ut
785 2880 837 2922 rus
852 2879 948 2922 suum
964 2867 1023 2922 etc

417 2965 461 3028 Et
477 2963 657 3028 Gilibertus
679 2962 781 3040 uenit,
802 2970 837 3027 et
859 2962 1035 3028 (laufridus
1058 2963 1098 3028 de
1114 2964 1324 3053 Falkeburgo
1344 2967 1402 3053 qui
1425 2991 1459 3032 se

351 3066 430 3132 facit
463 3066 681 3152 responsalem
718 3065 863 3130 eiusdem
903 3066 997 3130 Serre
1033 3089 1096 3151 que
1133 3089 1168 3132 se
1206 3069 1381 3134 essoniauit
1419 3069 1460 3132 de

351 3171 437 3235 malo
463 3170 540 3235 lecti
563 3178 598 3235 et
622 3169 739 3234 habuit
762 3171 960 3256 languorem,
984 3171 1124 3236 ueniunt
1146 3182 1182 3237 et
1199 3182 1320 3259 petunt
1342 3173 1459 3238 uisum

351 3276 507 3394 Habeant
521 3282 581 3338 etc
626 3273 707 3337 Dies
726 3273 824 3338 datus
844 3282 894 3338 est
914 3282 974 3338 etc
997 3275 1064 3442 tEt
1086 3285 1277 3362 preceptum
1301 3285 1349 3341 est
1370 3277 1460 3340 uice
1532 3295 1533 3330 ι

350 3483 633 3550 adaudiendum
608 3505 636 3547 ιι
645 3482 717 3568 ipsa
725 3430 834 3546 misit
825 3503 931 3568 ipsum
943 3482 1137 3548 Gaulridum
1149 3483 1191 3548 ad
1199 3483 1462 3600 respondendum

350 3609 408 3673 pro
428 3611 468 3653 ea
487 3595 521 3652 et
540 3587 569 3652 'si
590 3587 698 3673 ipsum
720 3595 885 3651 attornare
906 3585 1047 3652 uoluerit
1069 3586 1111 3651 ad
1132 3587 1321 3651 lucrandum
1338 3595 1406 3652 etc.
1430 3588 1464 3652 in

350 3693 480 3779 loquela
497 3692 555 3757 illa
573 3699 633 3757 etc
654 3700 689 3756 et
708 3691 780 3756 illos
803 3691 925 3756 milites
945 3691 1057 3756 uenire
1079 3691 1178 3756 faciat
1201 3713 1304 3757 coram
1325 3691 1464 3776 capital

350 3796 457 3862 iustic’
472 3795 563 3862 cum‘
577 3795 662 3883 etc}
751 3793 754 3796 ⁴

383 3957 394 3990 ¹
406 3954 521 4019 secit,B.
930 3955 1003 4004 1542.

382 4021 465 4071 'ciue
481 4024 511 4069 ιἰι
526 4019 575 4069 ocl’
592 4021 708 4068 Οιιιιιίιιιιι
727 4020 899 4068 Sanctorum
961 4019 1067 4068 ⁵A.m.
1080 4019 1127 4080 243
1144 4019 1175 4068 B.
1187 4035 1223 4069 m.
1235 4018 1293 4069 ltd.

350 4088 386 4136 ad
402 4087 450 4136 rec’
468 4086 558 4149 quid
547 4087 878 4149 rpseiurirclunwtinr'llo
960 4083 1141 4146 ’Βιιιίριυνιίζ
1155 4085 1186 4136 Β.

350 4153 477 4212 namacio
499 4153 565 4199 unde
593 4153 717 4212 Magister
740 4152 878 4200 Willclmur
960 4149 1124 4212 7ΙΙοΙιιεῙιιιιί,
1136 4151 1168 4198 B.
1531 4191 1532 4200 ,

350 4217 504 4279 dicitquod
525 4231 575 4265 non
597 4217 671 4265 habet
692 4217 759 4264 illud
774 4218 827 4264 aiei
844 4217 877 4265 ud
960 4211 1071 4264 ⁸coram
1087 4217 1193 4279 cupital'
1211 4214 1291 4264 irsllc'
1308 4219 1405 4276 prim
1423 4223 1465 4269 ad.

351 4233 492 4341 enutriam,
506 4280 544 4339 B;
561 4281 592 4329 Α.
604 4295 703 4343 agrees.
927 4285 1112 4330 uerrucarum
1126 4289 1213 4344 parter
1227 4282 1283 4330 illua
1295 4287 1467 4344 uenerit&

383 4347 439 4397 ἰὰ.
453 4361 489 4395 m.
502 4347 546 4404 2&
562 4345 594 4395 Β.
606 4361 642 4395 m
655 4348 694 4396 14.
928 4345 995 4395 int.
1007 4349 1117 4410 capitali
1130 4351 1157 4397 at
1168 4347 1218 4396 lull
1229 4343 1322 4407 length

382 4411 525 4460 ⁴wi11iam
547 4411 723 4474 Longchamp,
747 4427 790 4462 see
813 4411 877 4462 (lass
