3167 5075
407 413 548 479 1111111,
572 413 636 466 nn.
660 401 755 478 1226,
777 414 841 466 aa
866 403 917 468 10.
1154 403 1220 468 557

183 589 225 654 Et
243 589 319 676 quia
338 587 451 654 Abbes
470 587 618 654 defendit
636 587 823 673 capcionem
843 586 982 675 predicti
1005 587 1167 654 Johannis'
1188 593 1223 654 e't

124 693 380 780 redemptionem,
402 701 438 757 et
460 692 612 758 similiter
633 691 723 757 talis¹
746 701 807 758 etc
830 715 937 757 coram
963 714 1027 779 quo
1052 692 1127 758 finis
1153 691 1225 758 fieri

124 797 229 864 debuit
249 798 310 862 hoc
331 805 440 862 totum
462 795 618 874 defendit,
639 795 879 862 consideratum
905 797 1063 883 estquod
1085 805 1224 884 uterque

124 921 223 964 eorum
236 898 392 977 defendat
406 921 440 964 se
455 897 510 984 xij.
525 920 625 963 manu
641 905 701 963 etc
717 905 752 962 et
766 898 881 964 ueniat
894 907 956 964 etc.
972 899 1032 964 tali
1046 899 1100 964 die
1113 905 1174 965 'etc

53 1005 93 1073 17.
179 1005 376 1074 'Willelmus
407 1004 449 1070 de
486 1003 738 1070 Huntercumba
773 1005 861 1091 petit
896 1028 1011 1070 uersus
1048 1005 1225 1072 Osbertum
1298 1040 1346 1070 1111

123 1109 236 1176 Giffard
265 1119 414 1197 quartam
444 1115 572 1194 partem
602 1109 687 1173 feodi
717 1109 816 1174 unius
840 1109 956 1174 militis
981 1132 1057 1174 cum
1081 1117 1163 1196 pert.
1189 1110 1225 1174 in

122 1213 273 1300 Ispedena
292 1221 332 1278 ut
351 1212 403 1278 ins
422 1233 527 1289 suum,
549 1211 637 1278 unde
658 1212 843 1278 Willelmus
863 1213 1026 1300 Percbaye
1045 1237 1128 1278 auus
1146 1235 1226 1279 suus

121 1318 178 1384 fuit
198 1319 329 1384 seisitus
351 1325 390 1384 ut
412 1317 453 1382 de
476 1316 569 1384 feodo
592 1327 661 1396 etc,
677 1326 712 1383 et
733 1318 775 1384 de
797 1319 963 1384 Willelmo
984 1318 1152 1384 descendit
1172 1319 1224 1384 ius

121 1429 198 1486 terre
212 1422 300 1486 illius
322 1421 464 1488 Oristine
486 1421 551 1486 filie
572 1443 630 1486 sue
650 1444 688 1486 eo
710 1422 797 1508 quod
819 1421 879 1486 filii
901 1422 953 1487 sui
975 1422 1126 1488 obierunt
1143 1431 1224 1511 ante

120 1525 218 1612 ipsum
229 1525 434 1591 Willelmum
448 1533 576 1612 patrem
590 1547 697 1603 suum,
710 1533 745 1590 et
759 1524 801 1591 de
813 1524 957 1591 Oristina
971 1525 1048 1590 huic
1059 1526 1224 1592 Willelmo

120 1637 156 1694 ut
169 1630 233 1694 filio
247 1637 284 1694 et
298 1628 411 1694 heredi
425 1650 492 1706 su0,
508 1635 543 1693 et
557 1629 619 1692 hoc
633 1629 728 1693 offert
742 1636 803 1694 etc.
1215 1631 1220 1639 ’

177 1735 221 1799 Et
244 1733 404 1800 Osbertus
425 1730 557 1798 uocauit
583 1732 626 1798 ad
651 1741 832 1799 warantum
860 1734 967 1799 Elium
992 1733 1146 1816 Giffarde
1167 1733 1225 1819 qui

120 1836 333 1902 summonitus
347 1835 442 1902 uenit
457 1843 492 1900 et
511 1835 620 1922 exigit
635 1858 701 1922 qua
720 1836 848 1901 racione
868 1837 988 1902 debeat
1007 1837 1223 1902 warentizar‘e.

119 1941 160 2005 Et
186 1939 347 2007 Osbertus
374 1939 498 2027 profert
526 1946 650 2004 cartam
680 1939 760 2026 Elye
790 1939 847 2004 aui
875 1940 1014 2026 predicti
1043 1942 1133 2028 Elye,
1159 1964 1224 2028 quc

118 2051 252 2109 testatur
269 2042 356 2129 quod
370 2042 463 2108 dedit
476 2041 615 2106 Ricardo
630 2042 774 2108 Giffarde
790 2044 904 2130 nepoti
923 2066 982 2109 suo
1002 2043 1043 2110 de
1063 2044 1225 2130 Ispedena

116 2147 266 2235 quicquid
279 2147 357 2212 inde
371 2147 515 2233 pertinet
528 2145 571 2210 ed
582 2145 713 2212 feodum
723 2169 828 2225 suum,
840 2147 1034 2212 hereditarie
1045 2149 1224 2214 tenendum

118 2252 175 2317 sibi
189 2260 222 2318 et
236 2250 412 2317 heredibus
426 2249 494 2315 suis
513 2249 555 2314 de
575 2271 614 2314 eo
633 2255 668 2314 et
688 2249 863 2314 heredibus
884 2250 951 2315 suis
971 2273 1031 2336 per
1050 2251 1224 2316 seruicium

118 2353 189 2420 dim
207 2353 327 2419 militis
348 2361 418 2430 etc,
434 2373 534 2438 quare
556 2351 631 2415 uult
654 2359 688 2416 et
709 2351 847 2416 firmiter
867 2351 1006 2438 precipit
1027 2352 1113 2439 quod
1135 2352 1224 2418 idem

117 2455 271 2523 Ricardus
287 2464 322 2522 et
337 2455 472 2522 heredes
491 2455 544 2520 sui
564 2461 668 2520 totam
689 2462 810 2520 terram
827 2454 918 2519 illum
932 2455 973 2520 de
988 2456 1150 2542 Ispedena
1163 2463 1224 2521 etc

119 2561 214 2627 bbere
237 2572 299 2628 etc
345 2562 390 2627 Et
413 2583 472 2648 per
496 2560 581 2625 hanc
611 2567 734 2625 certum
762 2560 863 2625 debet
891 2560 990 2647 Elyas
1017 2561 1225 2627 warentizare

118 2664 197 2731 sicut
210 2666 267 2731 ille
283 2665 377 2732 cuius
389 2666 487 2730 homo
502 2672 562 2730 etc
667 2693 668 2697 ¹

177 2770 223 2834 Et
253 2769 352 2856 Elyas
380 2768 475 2834 uenit
501 2776 536 2833 ct
559 2766 707 2835 defendit
730 2766 818 2855 quod
841 2790 906 2834 non
929 2767 1028 2835 debet
1051 2769 1082 2836 ei
1105 2774 1225 2836 terram

117 2872 203 2939 illam
228 2872 446 2951 warentizare
470 2872 548 2960 quia
568 2896 683 2938 reuera
704 2872 787 2940 bene
809 2874 974 2962 cognoscit
994 2882 1117 2941 curtum
1139 2876 1226 2962 quod
1330 2901 1333 2906 ⁴

118 2998 194 3043 auus
209 3002 290 3044 suus
304 2978 395 3043 illam
410 2977 496 3057 fecit,
511 2986 562 3043 set
577 2978 675 3064 Elyas
689 2998 772 3043 auus
791 3000 871 3043 suna
890 2978 944 3043 die
959 3001 1023 3065 quo
1037 2981 1127 3044 carta
1141 2981 1227 3046 facta

119 3082 178 3147 fnit
199 3105 261 3148 nec
286 3105 442 3169 umquam
467 3091 567 3147 antea
589 3081 707 3148 habuit
733 3089 854 3147 ten-am
879 3082 971 3148 illam
995 3084 1031 3148 in
1056 3083 1226 3160 dominico,

118 3184 213 3251 immo
232 3185 420 3251 Willelm'us
438 3184 622 3273 Percebaye
641 3208 725 3251 uuus
744 3185 848 3273 ipsius
865 3186 1022 3251 Willelmi
1041 3196 1121 3251 tunc
1134 3186 1225 3253 illam

119 3290 222 3355 tensuit
244 3289 288 3355 de
310 3288 384 3353 Elia
407 3288 541 3365 Giffard,
562 3296 598 3354 et
620 3288 751 3355 feodum
777 3288 860 3354 illud
883 3297 918 3355 et
939 3289 1113 3354 seruicium
1134 3288 1226 3355 dedit

118 3389 200 3457 idem
213 3392 316 3479 Elyas
329 3390 475 3478 predicto
489 3390 629 3457 Ricardo
648 3391 734 3457 sicut
753 3391 824 3477 ipse
843 3390 927 3456 illud
948 3391 1079 3457 feodum
1100 3391 1226 3469 habuit·

118 3502 151 3559 et
167 3495 228 3561 tali
247 3494 346 3561 modo
366 3494 453 3580 cepit
471 3494 542 3581 ipse
564 3494 752 3582 homagium
773 3496 919 3561 eiusdem
940 3496 1079 3575 Osberti,
1098 3496 1163 3562 scit
1183 3497 1225 3562 de

116 3598 249 3665 seruicio
264 3599 377 3678 illuct
391 3596 465 3663 ideo
479 3620 544 3663 non
559 3598 634 3663 uult
648 3597 856 3664 warentizare
869 3598 933 3663 nisi
947 3600 1037 3665 curia
1047 3598 1225 3665 considera}

118 3702 199 3779 uerit
213 3710 337 3767 terram
351 3701 442 3767 illam
459 3699 496 3765 in
514 3700 684 3779 dominico,
700 3708 735 3766 et
754 3709 903 3788 preterea
921 3701 1022 3767 nichil
1041 3701 1227 3769 continetur

115 3799 150 3867 in
173 3810 265 3869 carta
291 3804 377 3890 quod
402 3802 434 3869 ei
458 3802 537 3868 duta
562 3810 648 3868 esset
674 3824 733 3889 pro
759 3803 910 3890 homagio
935 3812 970 3869 et
984 3794 1141 3883 'seruiciu
1166 3828 1227 3873 nec

117 3905 223 3993 aliqua
243 3906 402 3973 warentia
423 3907 600 3993 apponitur
621 3906 721 3973 immo
742 3906 881 3993 simplex
902 3916 954 3973 est
976 3917 1073 3987 carta,
1095 3917 1130 3977 et
1152 3910 1227 3977 ideo

117 4032 179 4076 non
192 4013 270 4077 uult
285 4012 492 4079 warentizcre
508 4012 572 4079 nisi
586 4013 676 4078 curia
690 4012 951 4080 considerauerit.

117 4122 120 4130 ‘
179 4115 224 4181 Et
251 4114 411 4182 Osbertus
439 4116 520 4183 dicit
549 4114 636 4204 quod
666 4116 754 4183 Elias
783 4117 894 4183 tenuit
922 4127 1043 4185 terram
1069 4120 1226 4188 illumin

117 4215 277 4285 dominico
299 4219 430 4306 quando
455 4228 578 4287 cartam
604 4220 694 4285 illam
720 4220 806 4299 fecit,
830 4228 866 4285 et
888 4221 948 4287 hoc
974 4222 1068 4289 offert
1090 4224 1225 4310 probare

118 4319 199 4387 sicut
224 4321 317 4387 curia
341 4330 411 4401 etc,
435 4330 470 4388 et
493 4323 554 4388 hoc
579 4322 663 4389 bene
689 4330 791 4409 patet,
814 4323 893 4409 qnia
917 4324 1006 4391 idem
1030 4326 1118 4393 Elias
1144 4345 1226 4392 auus

187 4486 191 4494 .
210 4440 222 4475 ²
243 4442 370 4493 11111111
387 4444 417 4492 a
436 4442 618 4493 1111111111
634 4420 838 4503 111111111111.
967 4443 978 4475 ¹
995 4444 1130 4503 111111,
