3167 5075
455 408 597 472 amar,
619 409 683 471 an,
708 396 803 471 1225,
824 409 886 459 an
910 396 938 459 9.
1204 392 1245 461 71

150 582 344 669 campionem
379 603 474 646 suum
509 602 569 647 nec
603 578 693 645 aliud
724 577 868 645 ostendit
898 578 985 665 quod
1013 577 1053 643 de
1088 600 1127 643 eo
1161 577 1246 642 male

148 684 315 773 contigerit
349 692 482 770 pmpter
515 683 602 769 quod
630 683 776 749 duellum
806 684 909 747 facere
938 703 1004 746 non
1032 681 1142 767 possit,
1173 704 1246 746 con-

147 788 319 853 sideratum
344 796 394 852 est
417 785 503 873 quod
527 786 711 851 Willelmus
733 794 787 849 eat
808 784 885 849 inde
910 785 1041 871 quietus
1066 785 1106 849 de
1133 783 1246 850 eodem

147 890 369 955 Bartholomeo
384 898 419 957 et
434 889 606 956 heredibus
620 890 688 955 suis
702 890 737 955 in
749 898 946 977 perpetuum
955 898 990 953 et
1000 889 1247 956 Bartholomeus

147 993 178 1057 in
192 994 416 1060 misericordia.

35 1116 112 1179 1039,
206 1098 415 1183 'Preceptum
450 1098 513 1163 fuit
548 1098 732 1163 uicecomiti
761 1097 849 1183 quod
878 1096 1013 1162 haberet
1042 1119 1149 1162 coram
1186 1105 1245 1165 etc

145 1224 271 1288 corpora
286 1201 444 1265 Willelmi
464 1201 504 1267 de
525 1200 702 1267 Hokescur'
718 1208 752 1267 et
775 1200 965 1287 Erneburge
986 1200 1095 1265 uxoris
1116 1199 1187 1265 cius
1205 1200 1248 1265 ad

143 1304 400 1391 respondendum
423 1304 554 1370 Annore
578 1305 644 1369 filio
665 1303 826 1370 «Iohannis
841 1303 882 1368 de
901 1326 975 1369 xxx.
990 1325 1052 1369 ocr.
1068 1311 1153 1369 terre
1172 1326 1247 1370 cum

143 1418 219 1497 pert
239 1409 275 1474 in
298 1410 454 1475 Hokesor
475 1432 555 1497 quas
576 1408 647 1495 ipsa
668 1409 787 1475 clamat
809 1430 923 1492 uersus
944 1430 998 1473 eos
1019 1417 1059 1473 ut
1080 1408 1131 1473 ius
1152 1431 1248 1474 snum

143 1520 198 1577 etc
229 1521 263 1576 ct
295 1513 383 1577 unde
412 1511 476 1598 ipsi
505 1511 750 1577 cesoniauerunt
780 1534 815 1575 se
845 1512 886 1576 de
916 1510 1034 1576 itinere
1064 1510 1098 1576 in
1127 1520 1247 1577 teriam

142 1622 284 1681 sanctam
310 1623 345 1679 et
364 1614 452 1679 unde
475 1614 590 1679 eadem
612 1615 745 1678 Annora
765 1621 882 1700 questa
903 1612 967 1677 fuit
987 1613 1073 1699 quod
1088 1613 1152 1700 ipsi
1167 1614 1248 1679 Wil-

142 1717 254 1783 lelmns
268 1727 307 1782 et
322 1717 511 1803 Emeburga
525 1717 590 1782 iter
604 1738 669 1781 non
683 1716 892 1802 arripuerunt
911 1723 946 1780 et
965 1716 1052 1802 quod
1066 1716 1198 1782 fuerunt
1212 1716 1248 1782 in

141 1844 216 1887 com.
232 1822 331 1888 Suth.
348 1830 409 1887 etc.

203 1928 246 1991 Et
269 1927 457 1991 Willclmus
478 1926 572 1991 uenit
593 1934 628 1990 et
649 1925 729 1990 dicit
751 1925 839 2011 quod
860 1948 942 1991 uxor
961 1926 1031 1990 eius
1046 1926 1147 1991 estin
1161 1933 1248 1991 terra

141 2041 249 2097 sancta
264 2042 303 2097 et
323 2032 409 2119 quod
429 2030 522 2095 Dom.
538 2031 628 2117 Papa
647 2031 789 2097 absoluit
811 2052 888 2097 eum
910 2032 951 2098 de
974 2032 1091 2097 itinere
1111 2032 1168 2097 illo
1189 2055 1247 2118 pro

140 2133 331 2199 infirmitate
346 2156 411 2199 sua
457 2135 501 2198 Et
515 2135 648 2199 Annora
662 2158 726 2200 non
741 2143 851 2221 potest
865 2135 926 2199 hoc
945 2134 1093 2200 dedicere
1113 2144 1147 2200 et
1166 2134 1247 2201 alias

140 2239 295 2303 remansit
317 2238 445 2324 loquela
465 2238 535 2305 sinc
558 2239 611 2303 dic
635 2247 669 2304 et
691 2239 763 2305 ideo
785 2239 893 2304 adhuc
914 2239 984 2304 sine
1006 2239 1060 2305 die
1082 2240 1247 2326 usquead

140 2342 281 2406 reditum
301 2341 499 2429 Erneburge.

28 2447 105 2513 1040.
201 2445 386 2511 ’Walterus
400 2445 441 2511 de
455 2446 618 2511 Baintona
631 2446 717 2533 petit
732 2470 846 2513 uersus
857 2447 1026 2513 Endonem
1037 2448 1078 2513 de
1095 2448 1247 2513 Karleolo
1271 2452 1402 2492 ⁰¹¹¹¹¹¹³⁶⁸¹²⁰⁴

138 2549 215 2616 duas
230 2574 336 2616 caruc
349 2559 434 2616 terre
445 2573 520 2616 oum
535 2559 616 2638 pert.
634 2551 669 2617 in
684 2552 915 2618 Oumbresdale
930 2553 1015 2618 etin
1031 2553 1246 2640 Cumquintin

137 2663 174 2718 ut
195 2655 247 2720 ius
269 2677 370 2720 suum
392 2655 479 2720 unde
502 2654 635 2742 quidam
657 2654 846 2742 Hyldredus
867 2664 1049 2721 antecessor
1068 2656 1161 2721 suus'
1183 2657 1247 2722 fuit

137 2757 265 2824 saisitus
295 2767 334 2824 nt
357 2759 399 2824 de
423 2759 515 2824 feodo
541 2767 576 2824 et
601 2759 671 2824 iure
691 2758 696 2846 Ι
717 2768 751 2824 et
776 2759 811 2824 in
842 2759 1002 2825 dominico
1032 2768 1177 2846 tempore
1203 2762 1247 2827 Η
1297 2762 1375 2814 [Μ

138 2861 236 2949 Regis
263 2862 326 2950 qui
350 2863 414 2928 fuit
436 2885 518 2928 auus
539 2863 595 2928 aui
617 2863 712 2928 Dom.
734 2864 835 2952 Regis
856 2864 921 2930 scii
944 2888 1029 2930 anno
1051 2874 1086 2930 ct
1107 2866 1160 2931 die
1182 2889 1247 2952 quo

137 2966 226 3044 obiit,
240 2975 277 3032 et
300 2965 341 3031 de
362 2966 432 3052 ipso
452 2966 640 3052 Hayldredo
662 2967 829 3033 descendit
850 2969 902 3034 ius
924 2977 1010 3036 terre
1032 2971 1120 3036 illius
1142 2971 1247 3036 tribus

137 3071 264 3138 filiabus
281 3071 439 3136 Sominne
454 3069 609 3134 Matillidi
624 3079 658 3136 et
673 3072 804 3158 Truyte.
843 3072 1004 3140 Suminna
1014 3074 1129 3139 habuit
1144 3097 1246 3140 unum

137 3177 240 3242 filium
272 3177 456 3241 Robertum
486 3175 617 3240 nomino
645 3186 772 3262 patrem
802 3177 904 3264 ipsius
934 3179 1082 3256 Walteri,
1111 3180 1247 3246 Matillis

138 3279 252 3345 habuit
275 3302 382 3344 unum
404 3279 510 3343 filium
532 3278 708 3344 Ricardum
735 3279 955 3346 Mariscallum
980 3290 1108 3368 patrem
1138 3282 1248 3348 Dauid

138 3385 314 3450 Mariscalli
337 3383 395 3471 qui
415 3383 522 3448 adhuc
544 3382 639 3462 uiuit,
662 3384 764 3448 Truta.
785 3385 893 3451 iunior
917 3386 986 3452 filia
1007 3387 1123 3452 habuit
1145 3409 1248 3452 unum

139 3490 241 3554 filium
268 3488 447 3554 Ricardum
472 3487 603 3552 nomine
630 3496 664 3552 et
693 3488 781 3553 idem
812 3489 971 3554 Ricardus
1000 3489 1116 3554 habuit
1145 3513 1247 3555 unum

140 3596 242 3662 filium
265 3594 444 3660 Ricardum
465 3594 596 3659 nomine
619 3601 747 3681 patrem
770 3595 955 3681 Margarete
980 3594 1088 3660 uxoris
1113 3595 1249 3660 Roberti

139 3698 178 3764 de
193 3697 382 3776 Warchille‚
397 3706 432 3764 et
452 3698 530 3784 qnia
550 3697 660 3763 Dauid
681 3699 891 3765 Maresoallus
914 3707 948 3765 et
972 3700 1157 3787 Margareta
1175 3722 1248 3786 pre-

140 3802 226 3868 dicta
248 3802 375 3867 habent
396 3800 607 3867 rationabiles
628 3809 737 3886 partes
758 3825 834 3868 suas
854 3802 895 3868 de
915 3803 1097 3868 hereditate
1111 3801 1249 3888 predicti

141 3905 324 3993 Hayldredi
345 3905 430 3991 petit
452 3904 521 3990 ipse
544 3904 705 3990 predictas
727 3905 808 3970 duas
832 3929 934 3972 canuc.
956 3913 1042 3970 terre
1063 3914 1103 3970 ut
1121 3915 1249 3993 partem

141 4033 230 4076 suam
254 4031 321 4098 que
343 4009 435 4075 eum⁴
456 4007 619 4096 contingit
640 4009 682 4074 dc
704 4009 852 4094 predicta
875 4009 1057 4075 hereditate
1082 4009 1167 4075 sicut
1192 4009 1248 4076 ille

142 4115 196 4200 qui
224 4115 323 4180 uenit
351 4115 393 4179 de
421 4112 568 4200 predicta
595 4112 755 4178 Suminna
778 4112 847 4178 filia
868 4113 1087 4200 primogenita
1110 4113 1249 4199 predicti

143 4215 314 4303 Hyldredi.

785 4386 797 4419 ⁸
814 4387 942 4436 Hildredo
952 4389 1015 4436 ocia
1029 4401 1084 4448 rao,
1098 4385 1127 4438 B.

785 4452 797 4484 ⁴
813 4468 886 4502 raam
896 4467 943 4515 que
955 4468 1016 4509 eom,
1029 4451 1085 4502 MS.
