3167 5075
305 388 439 437 mmai
460 386 534 437 suo
555 387 693 449 assisa,
714 388 779 437 nu.
804 374 898 452 1221,
919 389 983 439 00.
1007 376 1034 437 5.
1155 376 1217 437 411

121 558 202 625 unde
219 559 307 625 idem
325 560 483 626 Ricardus
502 559 568 625 fuit
586 558 717 624 saisitus
735 566 882 645 tempore
901 560 932 625 J.
949 559 1049 646 Regis
1064 558 1220 646 capiendo

120 662 190 727 inde
203 664 334 749 expleta
346 663 389 728 ad
403 662 583 727 ualenciam
597 662 640 728 xi
655 662 711 727 sol.
726 670 786 727 etc

178 766 222 831 Et
245 765 361 832 Comes
382 764 476 830 uenit
497 772 533 829 01
553 764 640 851 petit
661 764 770 829 010010
792 765 834 830 10
856 772 944 831 terra
965 765 1051 830 unde
1073 764 1221 851 queritur

119 878 176 936 etc
218 870 350 935 Habeat
365 876 426 935 etc

55 980 88 1043 16.
119 978 122 982 ’
179 974 315 1061 ¹Magna
334 972 435 1037 assisa
452 972 541 1037 inter
559 971 737 1037 Radulfum
756 971 862 1036 filium
876 972 1034 1037 willelmi
1052 978 1221 1058 petentem

119 1088 150 1143 01
163 1078 319 1143 Thomam
337 1077 379 1142 de
401 1077 591 1144 Cormailles
610 1084 645 1141 ct
662 1075 803 1141 Adiciam
825 1098 958 1141 uxorem
979 1076 1050 1141 eius
1071 1084 1222 1141 10000100

117 1182 154 1246 10
174 1182 301 1248 duabus
322 1182 409 1247 hidis
431 1190 516 1247 1000
538 1190 574 1247 01
594 1180 673 1246 dim
693 1203 769 1246 cum
790 1188 872 1265 pert
895 1180 930 1245 in
956 1179 1100 1267 Norigge
1126 1186 1161 1245 01
1186 1180 1221 1244 10

118 1286 247 1371 Uptona
275 1285 409 1372 ponitur
436 1285 472 1349 in
499 1292 684 1370 respectum
714 1306 817 1370 usque
846 1283 889 1348 ad
917 1284 1018 1349 talem
1047 1284 1134 1349 diem
1163 1308 1221 1371 pro

117 1389 241 1455 defectu
274 1388 522 1476 recognitorum,
546 1388 625 1474 quia
649 1395 781 1452 tanturn
807 1387 947 1453 Thomas
972 1387 1013 1453 10
1037 1386 1223 1453 Ηο0100010

116 1492 211 1559 uenit
256 1493 301 1557 Et
315 1492 389 1557 ideo
403 1491 583 1557 uicecomes
597 1492 683 1557 sicut
695 1490 786 1577 prius
802 1492 923 1557 habeat
937 1513 1070 1578 corpora
1083 1492 1220 1557 aliorum

115 1596 231 1661 scilicet
246 1596 364 1661 talium
378 1604 440 1663 etc.
478 1595 521 1660 Et
532 1594 700 1661 sciendum
711 1593 799 1681 quod
809 1616 920 1659 omnes
934 1594 992 1659 alii
1005 1595 1220 1683 recognitores

115 1700 229 1764 mortui
242 1706 331 1776 sunt,
345 1707 380 1764 et
393 1698 458 1783 ipsi
472 1698 596 1784 eligant
608 1696 689 1762 alios
702 1697 745 1762 ad
759 1696 846 1762 diem
860 1697 960 1762 illum
998 1698 1043 1763 Et
1053 1698 1220 1763 sciendum

115 1803 195 1887 quod
208 1804 352 1867 Thomas
365 1824 452 1867 nuuc
470 1801 608 1887 protulit
628 1799 790 1887 quoddam
810 1809 908 1867 uetus
929 1802 1163 1889 cyrographum
1186 1810 1221 1867 et

115 1907 291 1995 dicitquod
305 1929 366 1993 per
377 1905 461 1971 illud
475 1905 575 1971 debet
588 1904 689 1970 assisa
702 1926 877 1969 remanere.
922 1905 966 1969 Et
980 1905 1141 1971 Radulfns
1155 1927 1220 1970 non

115 2012 273 2098 cognoscit
294 2012 404 2089 finem,
425 2019 460 2075 01
481 2010 567 2097 petit
588 2009 652 2075 sibi
671 2008 803 2075 allocari
825 2009 912 2095 quod
933 2032 984 2075 xv.
1002 2010 1095 2075 annis
1117 2018 1221 2074 traus-

114 2116 189 2180 actis
202 2115 316 2201 posuit
335 2137 371 2179 se
390 2113 426 2179 in
446 2136 599 2201 magnam
618 2113 751 2179 assisam
773 2114 865 2179 nulla
885 2114 972 2179 10010
993 2113 1157 2179 mentione
1180 2113 1220 2179 10

115 2218 181 2283 fine.
225 2220 272 2284 Et
286 2218 361 2283 1100
375 2218 528 2304 procedat
542 2218 651 2285 assisa

54 2330 83 2399 17.
173 2324 305 2389 'Assisa
330 2323 425 2388 uenit
451 2323 657 2410 recognitura
680 2322 709 2389 si
735 2322 911 2389 Gaufridus
935 2322 977 2388 de
1006 2320 1222 2403 Querendona

114 2429 293 2493 auunculus
309 2426 458 2493 Gaufridi
472 2427 513 2492 de
529 2426 697 2493 Olendona
709 2426 774 2491 fuit
788 2426 920 2491 scisitus
934 2426 969 2491 in
987 2426 1148 2492 dominico
1162 2448 1221 2491 suo

115 2542 150 2597 ut
162 2532 202 2598 (10
218 2532 315 2598 feodo
328 2532 369 2598 10
384 2531 461 2598 dim.
473 2531 552 2597 hida
565 2541 650 2597 terre
665 2555 740 2596 cum
754 2539 838 2618 pert.
849 2530 885 2597 in
900 2530 1075 2596 Ailesbiria
1089 2530 1221 2617 110000

114 2635 199 2713 obiit,
213 2645 251 2702 01
265 2635 295 2701 01
315 2635 398 2701 obiit
417 2643 492 2722 post
512 2635 698 2712 terminum,
714 2656 812 2720 quam
835 2641 955 2700 terram
977 2633 1159 2698 Joscelinus
1180 2633 1221 2698 de

114 2739 312 2805 Warderoba
333 2747 434 2815 tenet,
457 2738 515 2825 qui
536 2738 668 2804 uocauit
689 2738 732 2803 ad
754 2747 934 2803 warantum
957 2736 1159 2802 Willelmum
1181 2739 1221 2804 10

113 2843 314 2909 110010011Ιο
328 2842 490 2909 Comitem
506 2843 646 2908 Essexie
690 2842 756 2923 Qui
777 2843 871 2907 uenit
891 2850 925 2906 01
940 2841 971 2907 01
986 2843 1173 2908 warentizat
1188 2850 1222 2906 01

113 2947 188 3014 dicit
202 2949 293 3036 quod
307 2947 408 3013 amisa
426 2968 492 3011 000
512 2946 611 3012 10101
630 2946 707 3012 1010
726 2946 806 3023 fieri,
821 2945 898 3032 quia
913 2946 1044 3033 quidam
1060 2947 1222 3012 Robertus

111 3053 140 3116 10
154 3053 234 3119 Scot
247 3051 309 3138 qui
323 3049 387 3116 fuit
401 3049 488 3116 filius
502 3049 610 3114 fratris
623 3048 761 3135 predicti
777 3049 926 3114 Gauii-idi
946 3048 987 3113 10
1007 3049 1223 3130 Querendona

113 3156 219 3222 100011
232 3164 357 3221 terram
371 3154 462 3220 illam
483 3176 523 3218 ex
543 3152 628 3218 dono
647 3152 793 3218 eiusdem
817 3151 965 3218 Gaufridi
985 3153 1141 3218 auunculi
1162 3154 1221 3232 sui,

112 3269 144 3324 01
157 3283 216 3345 per
230 3259 398 3324 defectum
412 3256 542 3322 seruicii
556 3254 642 3341 quod
658 3255 774 3320 debuit
791 3254 885 3320 Dom.
901 3253 985 3340 Regi
1005 3253 1115 3319 amisit
1133 3255 1221 3320 idem

112 3365 275 3430 Robertus
297 3372 418 3429 terram
439 3362 541 3438 illam,
561 3367 596 3426 st
617 3359 712 3425 Dom.
735 3359 808 3424 Rex
833 3357 992 3423 Ricardus
1017 3357 1107 3422 illam
1129 3357 1222 3424 dedit

112 3470 235 3556 Rogem
251 3469 294 3534 10
310 3469 342 3534 S.
358 3467 513 3544 Malueto‚
530 3473 565 3531 01
578 3465 666 3530 idem
682 3465 829 3552 Rogerus
844 3463 937 3528 dedit
951 3462 1041 3528 illam
1056 3462 1220 3528 Willelmo

112 3573 220 3659 nepoti
235 3594 305 3648 suo,
320 3571 378 3658 qui
391 3570 482 3636 illam
496 3567 647 3634 uendidit
667 3566 823 3633 Gaufrido
843 3564 910 3631 filio
928 3565 1018 3630 Petri
1037 3565 1124 3652 patri
1138 3565 1219 3644 suo',

111 3677 234 3742 atinde
249 3676 375 3762 profert
389 3682 512 3740 cartam
527 3673 628 3759 Regis
647 3671 779 3737 Ricardi
800 3692 863 3757 que
884 3677 1025 3736 testatur
1044 3669 1131 3756 quod
1149 3670 1218 3757 ipae

110 3779 199 3846 dedit
212 3781 345 3866 Rogero
359 3778 400 3844 de
412 3778 445 3844 S.
458 3778 588 3843 Malueo
599 3783 835 3842 totamterram
845 3773 935 3838 illam
948 3795 1045 3859 quam
1058 3773 1219 3840 Robcrtm

111 3883 139 3946 10
154 3885 233 3950 Scot
247 3881 359 3948 100011
373 3880 409 3945 10
423 3879 631 3967 Haylesbiria
643 3878 729 3943 infra
742 3877 855 3942 uillam
871 3885 906 3942 et
921 3885 1014 3942 extra
1027 3899 1102 3942 cum
1117 3877 1218 3943 omni-

110 3985 168 4052 bus
191 3995 278 4074 pert.
304 3983 481 4050 tenendam
507 3982 548 4048 de
574 4005 613 4048 00
638 3990 674 4047 01
698 3981 739 4046 10
767 3979 940 4046 heredibus
965 3979 1032 4046 suis
1057 4003 1115 4067 pro
1140 4003 1169 4046 v.
1193 4001 1216 4046 s

110 4089 281 4155 annuatim
312 4087 407 4152 Dom
437 4085 523 4172 Regi
550 4083 722 4149 reddendis
750 4082 793 4147 01
821 4081 1015 4146 scaccarium
1044 4103 1102 4169 pro
1131 4081 1220 4148 omni

110 4193 253 4259 semicio.
312 4189 439 4255 Profert
456 4188 462 4276 Ι
482 4187 585 4254 eciam
621 4195 745 4254 cartam
781 4185 926 4251 eiusdem
962 4186 1120 4253 Willelmi
1156 4209 1219 4273 que
1278 4210 1335 4261 [01]

142 4345 313 4396 mma
640 4307 643 4311 ’
691 4339 931 4404 marmoroso.

141 4409 314 4462 ’10041
347 4408 400 4459 For
413 4407 506 4459 earlier
521 4407 640 4470 proceed-
723 4405 1023 4459 110110000111011011.
