3167 5075
303 396 347 461 30
619 406 757 469 moiun,
780 404 844 457 nn.
871 395 964 470 1224,
986 409 1048 459 un
1072 400 1100 458 8,

303 579 486 667 predictum
498 588 557 655 est,
568 586 619 644 eet
629 578 760 645 audiuit
772 578 837 645 dici
848 579 934 665 quod
945 580 1010 645 fuit
1020 580 1158 645 seisitun
1196 581 1242 645 Et
1253 579 1416 645 Robertus

301 683 388 771 petit
404 685 465 749 hoo
479 682 542 748 sibi
557 682 695 748 allocuti.

369 787 414 852 Et
435 785 513 873 quia
534 808 569 851 se
591 786 669 851 fucit
692 794 811 851 testem
834 793 869 850 et
892 784 985 851 dedit
1007 786 1142 851 undium
1164 785 1267 851 duelli
1287 785 1329 850 de
1350 784 1416 849 dis-
1476 806 1481 811 ·

302 891 496 957 reoionondo
510 891 581 957 iure
596 891 699 978 ipsius
719 890 872 978 Hugonis
890 899 926 955 et
945 890 1065 956 neieina
1084 890 1223 977 predicti
1237 889 1415 955 Thuretoni

302 994 388 1060 siout
402 995 492 1059 illam
504 1016 603 1081 quam
615 994 710 1070 uidit,
721 1001 756 1059 et
767 1000 882 1079 posteo
894 993 937 1059 ud
951 1002 1190 1059 sacromentum
1205 994 1266 1057 hoc
1278 991 1414 1067 dedixit,

302 1099 541 1165 consideratum
565 1108 616 1164 est
642 1098 729 1186 quod
753 1098 943 1184 Stephanus
967 1096 1087 1162 defecit
1108 1098 1144 1162 in
1165 1096 1357 1183 probocione
1378 1104 1414 1159 et

300 1202 389 1289 quod
417 1202 505 1268 idem
531 1201 693 1267 Robertus
722 1209 757 1266 et
784 1200 920 1266 heredes
944 1202 998 1267 sui
1021 1209 1157 1266 teneant
1182 1201 1413 1287 inperpetuum

300 1306 412 1391 quieto
427 1304 468 1369 de
479 1304 549 1390 ipso
561 1304 702 1390 Hugone
714 1312 749 1368 et
759 1302 934 1367 heredibus
945 1302 1012 1368 suis
1022 1311 1058 1368 et
1070 1302 1170 1389 Hugo
1180 1309 1216 1367 et
1226 1300 1414 1387 Stephanus

302 1408 535 1473 custodiantur.

367 1512 512 1598 Loqueln
525 1533 589 1597 quo
603 1511 668 1575 fuit
681 1510 769 1576 inter
782 1509 923 1576 Aliciom
942 1532 1007 1595 que
1027 1510 1092 1575 fuit
1112 1532 1194 1575 uxor
1213 1508 1362 1575 Gauhidi
1382 1509 1413 1573 le

302 1615 373 1681 Rus
386 1620 555 1701 petentem
569 1635 628 1699 per
642 1621 846 1679 ottomatum
860 1636 957 1679 suum
972 1621 1007 1678 et
1021 1612 1186 1679 Abbutcm
1197 1612 1238 1679 de
1250 1612 1415 1679 Wnrdonn

204 1694 233 1724 Μ
299 1718 343 1783 de
365 1719 442 1784 dote
464 1726 524 1783 eto
540 1717 674 1804 ponitur
693 1716 728 1783 in
748 1726 934 1803 respectum
948 1716 1102 1801 usquein
1117 1717 1177 1781 tuli
1191 1716 1245 1782 die
1259 1726 1319 1783 etc
1336 1717 1414 1803 quin

301 1812 415 1888 Abbos
428 1820 613 1888 amouetur¹
633 1829 668 1886 ot
688 1829 769 1886 tuuc
789 1820 904 1885 ueniet
925 1820 1038 1885 Abban
1059 1819 1117 1905 qui
1138 1820 1179 1887 de
1201 1843 1286 1886 nouo
1308 1822 1413 1887 factus

302 1926 401 1993 fuerit
416 1934 476 1993 eto.
1400 1941 1404 1947 ’

367 2031 530 2096 Robortus
558 2030 645 2096 filius
674 2029 799 2094 Thome
828 2028 915 2114 petit
947 2050 1062 2092 uentus
1096 2028 1272 2093 Ricardum
1306 2028 1413 2094 filium

216 2160 261 2191 orn
301 2132 413 2199 Dnuid
433 2133 515 2201 duae
534 2134 616 2220 uirg.
631 2142 717 2199 terre
738 2145 814 2198 cum
836 2131 969 2217 pertin
991 2130 1164 2195 Northonn
1182 2139 1221 2196 ut
1242 2131 1294 2197 ius
1315 2152 1412 2197 ouum

301 2245 361 2303 etc.
377 2235 463 2301 unde
479 2237 643 2303 Robertus
657 2258 739 2301 uuus
754 2258 833 2301 suun
848 2235 912 2300 fuit
925 2234 1057 2300 eeisitus
1075 2243 1115 2299 ut
1129 2235 1170 2300 de
1184 2235 1278 2301 feodo
1292 2243 1328 2300 et
1341 2236 1412 2301 iure

302 2340 393 2405 etin
415 2340 575 2406 dominico
598 2350 743 2426 tempore
766 2341 810 2406 H.
825 2339 926 2428 Regio
947 2339 1003 2405 eui
1025 2339 1119 2405 Dom.
1135 2339 1235 2426 Regis
1256 2339 1413 2426 capiendo

301 2442 378 2508 inde
393 2443 524 2530 expleto
537 2444 580 2509 od
594 2443 775 2509 uolencinm
790 2466 819 2509 v.
831 2444 886 2508 soh
899 2452 968 2522 etc,
981 2451 1016 2508 et
1030 2444 1072 2508 dc
1087 2444 1247 2509 Roborto'
1260 2445 1312 2509 ius
1326 2454 1412 2509 tene

301 2547 390 2614 illius
405 2548 549 2614 Johnnni
563 2547 630 2612 filio
645 2569 713 2624 sun,
729 2555 764 2613 et
778 2547 820 2612 de
834 2548 985 2614 Johanne
1000 2549 1065 2635 ipsi
1078 2549 1202 2614 Thome
1217 2557 1256 2614 ut
1271 2549 1363 2614 fretu
1377 2557 1412 2613 et

302 2652 415 2717 heredi
436 2675 495 2717 suo
516 2675 555 2718 co
574 2651 662 2739 quod
679 2652 703 2717 J
704 2651 848 2717 ohannes
867 2653 949 2718 obiit
968 2654 1038 2718 sinc
1058 2652 1177 2719 herede
1197 2654 1238 2718 de
1252 2677 1287 2719 se
1302 2662 1363 2719 ote
1377 2661 1413 2718 et

148 2807 153 2818 .
303 2755 363 2822 hoo
378 2757 472 2822 offert
487 2765 546 2822 otc.

368 2861 412 2926 Et
427 2860 584 2926 Ricnidus
598 2860 691 2926 uenit
706 2869 741 2926 et
755 2861 903 2926 defendit
918 2861 969 2926 ius
983 2883 1080 2926 suum
1092 2869 1143 2926 set
1153 2861 1237 2927 bene
1248 2864 1412 2950 cognoscit

303 2961 453 3028 scisinnm
476 2962 615 3048 predicti
640 2963 777 3029 Roberti
800 2962 946 3049 predicto
972 2971 1127 3049 tempore,
1151 2973 1187 3028 et
1211 2965 1298 3050 quod
1323 2965 1411 3031 idem

301 3063 465 3130 Rcbeitus
484 3063 567 3130 obiit
586 3065 716 3130 seisitus
736 3073 771 3130 et
792 3064 881 3131 idem
903 3066 1067 3132 Robettus
1089 3067 1206 3132 habuit
1227 3068 1308 3133 duos
1329 3069 1413 3134 filios

302 3169 368 3234 scil.
395 3169 506 3234 Dauid
530 3175 658 3255 putrem
684 3169 787 3255 ipsius
816 3169 949 3235 Ricoldi
977 3181 1013 3236 et
1041 3171 1225 3257 predictum
1254 3173 1413 3237 Thomam

302 3281 429 3360 patrem
458 3273 603 3338 ciusdem
633 3274 769 3340 Roborti
800 3275 1063 3363 primogenitum,
1092 3285 1144 3341 set
1178 3276 1319 3341 Thomas
1346 3298 1412 3340 non

302 3377 489 3464 expectauit
504 3386 642 3443 mortem
658 3377 795 3444 Roberti
809 3380 912 3465 putris
926 3381 987 3458 oui,
1002 3389 1037 3445 et
1052 3381 1210 3446 Ricnrdus
1225 3380 1413 3467 expectauit

302 3490 440 3548 mortem
454 3481 632 3569 patrissui,
647 3489 681 3547 et
697 3491 924 3568 postmortem
945 3485 1082 3550 Roberti
1101 3485 1240 3551 intrauit
1259 3485 1412 3551 seioinont

301 3585 343 3652 de
357 3586 539 3652 hereditate
553 3586 656 3673 putris
671 3587 723 3652 sui
737 3595 772 3652 et
787 3587 863 3654 inde
878 3588 965 3674 petit
979 3588 1145 3655 iudicium

368 3691 412 3756 Et
431 3691 594 3757 Robortun
613 3691 673 3756 hoo
693 3699 802 3758 totum
821 3693 986 3780 cognoscit
998 3701 1035 3758 et
1049 3695 1136 3781 petit
1150 3692 1307 3759 iudicium
1320 3695 1410 3760 uimi-

302 3792 400 3860 liter⁸.
936 3839 941 3850 ·

367 3895 494 3964 ‘Ansina
516 3899 609 3964 uenit
631 3899 839 3986 recognitum
860 3901 933 3987 quis
954 3901 1133 3967 aduocatus
1155 3911 1299 3990 tempore
1321 3904 1410 3990 pacis

330 4101 346 4134 '¹
363 4099 748 4154 Iumndohbbotofflievnuh.
758 4103 827 4155 Anu·
879 4102 995 4154 cousins.
1027 4103 1407 4167 Richard’ncuocisnotclem

303 4165 376 4216 Mon.
388 4167 439 4216 vol.
451 4168 474 4228 h,
488 4180 514 4228 p.
526 4168 581 4218 299.
879 4167 925 4219 did
935 4168 1020 4220 David
1030 4170 1131 4220 survive
1141 4171 1238 4221 Robert
1248 4171 1294 4221 the
1309 4171 1396 4222 elder?

336 4231 347 4264 ²
364 4231 464 4294 Supply
474 4233 605 4282 &tundit
912 4233 1062 4296 ‘Bructon
1082 4234 1101 4284 f.
1119 4236 1176 4295 246,
1193 4237 1258 4287 citos
1274 4237 1327 4287 thiu
1337 4252 1404 4290 unce.

335 4295 466 4348 ⁸80an
478 4296 497 4346 t.
509 4297 566 4356 268,
578 4298 636 4346 2⁸2.
669 4295 830 4347 'lhisiunot
880 4297 912 4348 In
924 4297 1163 4361 thcprintodbook
1174 4301 1346 4352 theumoni
1359 4303 1406 4352 tho

303 4361 348 4412 the
359 4376 434 4411 casus
444 4361 523 4425 Regis
533 4360 656 4421 however,
668 4363 830 4414 foritueemu
877 4362 987 4422 uhuroh,
1006 4364 1193 4427 Sunnooombo‚
1212 4367 1262 4417 hnc
1277 4367 1341 4418 hoen
1351 4383 1405 4417 cor·

304 4426 363 4478 thet
389 4426 433 4476 tho
460 4431 511 4477 two
539 4426 677 4479 olnimnntc
700 4441 745 4479 ore
772 4427 829 4477 first
879 4427 972 4491 rupted
982 4428 1040 4479 into
1051 4431 1199 4481 Scottum.
