3167 5075
434 397 499 446 99.
524 379 769 458 1226-7,1.9.
795 383 932 446 lo-ll.
1170 381 1235 448 tes
1348 473 1351 480 Ι

138 571 214 660 quod
228 569 311 637 illud
325 571 366 637 ds
383 591 422 636 eo
437 577 530 636 tenet
545 577 580 636 91
596 570 725 636 nullum
745 578 973 637 tenementum
995 569 1036 636 de
1058 591 1097 635 eo
1118 569 1233 649 tenet¹,

136 677 211 763 petit
224 675 383 741 iudicium
398 674 426 741 si
440 675 541 740 assisa
555 675 673 741 debeat
687 675 764 741 inde
778 676 857 742 fieri
876 676 882 763 Ι

193 781 234 845 Et
255 780 280 844 J
280 779 423 844 ohannes
444 779 539 844 uenit
561 787 595 844 et
617 780 698 846 dicit
720 780 807 867 quod
829 781 1234 846 119919991999911999·
1281 797 1362 849 [ms]

135 891 275 951 mentum
297 883 380 948 illud
402 882 436 948 19
459 883 621 950 dominico
642 885 699 950 ulii
717 893 836 950 tenent
857 881 940 949 illud
951 883 994 948 de
1008 906 1047 948 eo
1061 892 1097 949 et
1111 883 1143 949 ei
1157 882 1234 949 inde

135 987 229 1053 facere
245 987 369 1054 debent
383 987 558 1053 seruioium
573 1010 678 1054 suum.
724 987 767 1052 Et
783 987 861 1073 quis
880 988 904 1052 J
904 988 1049 1052 ohannes
1070 987 1235 1074 cognoscit

134 1092 211 1176 quod
226 1093 390 1158 Robertus
404 1093 514 1157 tenuit
529 1099 754 1158 tenementum
769 1089 853 1156 illud
873 1090 914 1156 (19
934 1113 982 1168 eo,
996 1090 1235 1156 consideratum

134 1196 273 1282 estquod
285 1196 386 1262 assisa
394 1217 460 1261 non
471 1194 1235 1278 1999119191999(199919191991119919199999

132 1297 164 1362 in
184 1299 407 1377 misericordie,
432 1307 466 1364 91
492 1298 668 1387 distringat
693 1297 824 1364 feodum
847 1321 945 1364 suum
970 1298 998 1364 si
1025 1299 1174 1378 uoluerit,
1199 1308 1236 1366 91

132 1400 288 1468 Robertus
302 1402 379 1468 inde
392 1402 523 1488 quietus
538 1402 612 1467 eto.¹

43 1507 100 1572 1845.
189 1507 302 1573 Assise
322 1507 418 1572 uenit
439 1506 645 1593 recognitum
671 1514 783 1570 utrum
810 1528 876 1571 999
901 1505 1025 1571 bountn
1049 1514 1135 1571 1999
1160 1527 1236 1572 eum

130 1619 205 1696 pert.
227 1609 264 1676 in
288 1610 477 1698 Inglestona
499 1610 544 1675 sit
567 1610 670 1676 libera
693 1608 870 1675 elemosina
891 1610 991 1675 Alani
1016 1609 1058 1675 (19
1088 1609 1237 1676 81999119

130 1716 291 1800 pertinens
305 1715 348 1780 ad
363 1713 530 1781 eeclesiam
546 1735 638 1780 suam
654 1714 695 1780 (19
712 1713 887 1800 Ingletona
903 1735 946 1779 99
966 1714 1085 1779 laicum
1105 1714 1235 1780 feodum

130 1818 279 1885 Rnnnulfi
301 1819 363 1884 filii
385 1818 521 1884 Henrioi
539 1825 574 1883 et
603 1817 709 1882 Aliois
738 1817 847 1882 uxoris
877 1817 956 1883 eius.
1000 1819 1068 1899 Qui
1096 1819 1236 1884 ueniunt

128 1943 182 2007 per
200 1931 407 1988 attornotum
424 1945 521 1988 suum
543 1929 578 1986 et
597 1921 712 1986 dicunt
735 1922 822 2007 quod
841 1922 942 1988 assisa
962 1943 1028 1988 non
1043 1923 1142 1989 debet
1159 1923 1235 1989 inde

128 2027 199 2094 fieri·
215 2029 295 2116 quia
317 2029 426 2094 Adam
452 2028 494 2093 de
518 2027 661 2094 Stiuelle
684 2034 780 2113 pater
806 2026 909 2112 ipsius
934 2026 1040 2092 Alicio
1065 2027 1158 2092 dedit
1178 2027 1236 2092 isti

128 2131 227 2196 Alnno
250 2132 286 2196 in
308 2130 509 2196 escambium
531 2129 634 2215 ipsius
655 2129 775 2194 bouate
798 2137 884 2194 terre
900 2129 1001 2194 sliam
1021 2127 1177 2194 bonntnm
1199 2128 1235 2193 in

127 2233 315 2311 Benethsm,
330 2241 366 2298 et
379 2231 468 2297 idem
482 2232 608 2297 Alenus
623 2232 699 2297 inde
715 2232 750 2296 in
768 2231 888 2297 9919199
907 2229 971 2296 1911
991 2239 1027 2298 91
1048 2231 1155 2297 adhue
1176 2239 1235 2311 est,

127 2343 158 2400 91
180 2337 307 2403 (1991991
333 2337 442 2402 estin
465 2336 584 2402 seisina
609 2336 771 2416 esoambii‚
793 2335 881 2422 petit
906 2333 1065 2402 iudicium
1087 2336 1116 2401 si
1135 2336 1237 2402 999199

128 2439 243 2507 debent
259 2441 336 2506 inde
351 2441 429 2507 fieri

187 2546 236 2612 Et
264 2546 391 2612 Alanus
413 2546 507 2611 uenit
533 2554 569 2611 et
591 2544 672 2611 dicit
698 2544 785 2631 quod
811 2544 996 2610 Willelmus
1024 2544 1067 2610 de
1097 2544 1238 2631 Mubray

125 2648 341 2737 implnoiteuit
362 2648 546 2737 predictum
562 2649 669 2715 Adam
684 2651 725 2717 (19
746 2650 862 2716 endem
882 2658 969 2715 terra
989 2649 1030 2715 (19
1052 2650 1235 2716 Benethsm

125 2754 171 2819 its
184 2756 272 2841 quod
286 2755 374 2821 idem
389 2754 496 2822 Adam
510 2754 699 2843 recognouit
715 2764 836 2822 tenum
856 2755 946 2821 illem
968 2777 1038 2822 9999
1059 2756 1112 2821 199
1132 2756 1237 2843 ipsius

127 2858 283 2925 Willelmi
304 2869 339 2926 et
362 2883 433 2926 enm
454 2858 502 2929 ibi
523 2859 675 2939 reddidit,
691 2867 725 2925 91
739 2868 854 2947 postea
867 2860 961 2926 uenit
977 2860 1046 2947 ipso
1061 2860 1187 2926 Alanus
1201 2869 1237 2926 91

125 2963 209 3050 oepit
220 2974 343 3030 terrem
357 2964 447 3049 illam
462 2964 503 3030 (19
519 2964 633 3031 eodem
647 2963 814 3029 Willelmo
828 2963 1005 3029 tenendam
1019 2964 1061 3029 (19
1076 2986 1115 3029 eo
1129 2986 1188 3050 per
1201 2964 1235 3049 ij.

124 3068 175 3132 sol
191 3088 251 3154 per
266 3068 411 3146 999.,119
425 3068 511 3154 quod
526 3090 585 3154 per
595 3067 742 3155 quietem
757 3068 968 3134 clemenciam
982 3068 1073 3133 illam
1085 3066 1150 3134 1911
1165 3066 1236 3153 ipse

125 3178 214 3237 extra
227 3172 383 3238 seisinsm
397 3194 456 3258 per
470 3172 658 3251 triennium,
673 3179 707 3237 et
722 3171 799 3237 inde
813 3172 908 3258 ponit
922 3194 956 3237 se
971 3194 1069 3258 super
1085 3172 1234 3237 iuratam.

186 3274 232 3340 Et
256 3275 441 3340 Rsnnulfns
466 3274 580 3340 uenit⁸
602 3274 684 3339 dicit
710 3275 798 3361 quod
827 3274 935 3339 Adam
963 3296 1132 3361 nunquam
1162 3295 1235 3338 eam

123 3376 270 3462 quietem
292 3378 449 3445 clamauit
468 3402 529 3445 999
548 3376 672 3444 reddit‘
686 3378 793 3443 eidem
808 3378 972 3443 Willelmo
986 3377 1040 3441 uel
1055 3376 1120 3455 alii,
1134 3376 1236 3441 immo

124 3480 208 3546 idem
225 3482 355 3547 Alenus
368 3481 445 3547 inde
459 3482 682 3569 implacitatus
697 3482 761 3547 1911
776 3489 811 3547 91
825 3502 898 3547 eam
909 3480 1036 3546 remisit
1046 3488 1082 3545 et
1092 3478 1235 3545 reddidit

123 3584 228 3651 eidem
244 3586 418 3653 Willslmo.
450 3587 495 3652 Et
509 3585 585 3651 inde
600 3586 694 3673 ponit
709 3606 743 3651 ss
758 3606 857 3672 snper
871 3584 1022 3650 iuratam.
1050 3584 1095 3649 Et
1108 3583 1236 3648 Alenus

124 3688 284 3756 similiter.

79 3826 81 3830 ’
185 3794 359 3860 Juratores
380 3792 495 3860 dieunt
516 3794 603 3881 quod
624 3794 787 3860 19991119
801 3800 852 3859 est
867 3793 970 3860 libere
983 3792 1160 3857 elemosine
1173 3798 1233 3857 919

123 3906 157 3961 91
171 3899 261 3985 qnod
275 3899 441 3986 predictus
455 3899 562 3965 Adam
577 3922 650 3965 eam
664 3897 808 3965 reddidit
822 3907 882 3965 ete
898 3907 934 3963 et
947 3920 1014 3962 non
1028 3895 1160 3961 Alenus
1191 3895 1236 3961 Et

123 4000 196 4067 ideo
211 4003 451 4071 consideratum
465 4010 516 4069 est
530 4003 617 4090 quod
629 4003 754 4069 Alenus
765 4002 971 4091 recuperauit
979 4002 1132 4067 seisinam
1142 4023 1235 4067 suem

125 4111 159 4169 et
173 4106 362 4172 Rannulfus
375 4107 411 4173 in
424 4108 650 4174 misericordis

156 4311 167 4344 ¹
183 4312 259 4364 John
271 4326 332 4377 says
348 4312 408 4365 thot
424 4314 520 4365 Bobert
536 4314 614 4365 holds
630 4312 660 4363 91
740 4313 752 4346 ¹
768 4312 970 4365 8993911118.

124 4375 182 4427 him
202 4384 233 4431 91
256 4394 274 4431 n
294 4382 365 4441 rsnt;
393 4380 491 4433 Bobert
507 4380 596 4433 denies
612 4378 658 4433 the
742 4378 753 4411 ¹
771 4378 872 4441 Supply
881 4384 915 4428 91.

126 4446 230 4496 tenure.
741 4444 753 4476 ⁴
769 4444 841 4495 Gorr.
852 4444 975 4495 reddidit.

1041 4545 1148 4607 41-2
