3167 5075
422 390 572 466 rurum,
594 404 660 454 nn.
685 391 779 466 1220,
800 405 864 455 nn.
888 394 915 457 t.
1160 398 1224 462 363

128 581 186 646 rin
200 602 221 646 e
236 589 272 646 et
286 582 338 667 vij.
355 580 426 645 den
441 602 516 645 cum
531 586 622 665 pert,
637 600 735 665 quem
750 577 915 645 redditum
930 580 1076 667 predicte
1091 582 1227 649 Edelinu

129 686 238 751 clamet
267 708 381 750 ueruue
408 683 592 772 predictum
620 682 805 759 Ricardum,
834 691 869 748 et
898 683 939 749 de
969 692 1056 751 terra
1083 687 1226 773 ipsorum

129 790 240 855 Thcme
264 797 298 854 et
321 788 454 853 Mebilie
476 786 590 852 eodem
610 785 705 850 modo
724 786 760 850 in
775 786 902 851 Kencie
916 787 958 853 ad
973 789 1153 857 ualentiam
1168 791 1225 877 iiij.

105 916 263 959 cerarum
289 902 375 958 terre
400 900 436 957 et
461 892 576 977 quinte
597 890 701 977 partie
723 891 821 956 unius
844 914 916 957 ecre
940 901 1025 958 terre
1052 902 1086 959 et
1112 894 1226 980 quinte

128 999 219 1084 partie
232 999 332 1065 unius
344 1019 417 1063 acre
432 996 518 1084 prati
533 1003 567 1061 et
582 994 719 1060 dunnrm
734 1018 882 1061 acrarum
902 1004 936 1062 et
957 997 1032 1063 dim.
1049 998 1136 1063 bosci
1151 1022 1226 1064 cum

127 1110 251 1186 pert‚ct
265 1101 379 1165 eodem
390 1098 485 1164 modo
500 1098 541 1164 de
556 1107 643 1162 terre
657 1098 788 1163 Rndulfi
804 1106 839 1163 et
854 1100 1014 1165 Beetricie
1030 1103 1225 1167 tantundem

128 1228 179 1291 pro
191 1206 321 1271 defectu
336 1213 406 1283 etc,
421 1226 519 1291 quem
534 1212 655 1269 terram
675 1202 789 1267 eedem
812 1203 951 1268 Edelinn
970 1205 1089 1271 clamet
1112 1228 1225 1273 uersus
1349 1220 1350 1223 ’

128 1308 312 1395 Magistrum
346 1308 547 1373 Willelmurn
583 1306 624 1372 de
662 1307 833 1384 Bethonic,
863 1316 898 1373 et
931 1308 1018 1395 quod
1048 1308 1226 1376 uicecomee

127 1410 286 1475 manderet
311 1409 399 1475 diem
422 1408 584 1496 capcionis
604 1418 674 1485 etc,
698 1417 733 1473 et
756 1410 843 1495 quod
867 1420 1071 1477 summoneat
1097 1413 1226 1479 eosdem

126 1514 282 1591 Thomcm,
297 1513 476 1592 Mebiliem,
491 1512 671 1578 Redulfum
691 1524 726 1577 et
747 1514 943 1580 Beetriciem
968 1516 1054 1602 quod
1075 1526 1184 1583 essent
1206 1542 1226 1583 u

126 1618 178 1681 tali
200 1618 252 1683 die
275 1625 335 1683 etc.
380 1618 474 1683 Idem
496 1617 566 1682 dies
585 1618 682 1683 datus
697 1618 761 1682 fuit
775 1618 916 1684 Redulfo
931 1620 999 1685 filio
1014 1622 1171 1687 Bernerdi
1191 1631 1225 1688 et

126 1724 267 1791 Alienore
287 1725 381 1790 uxori
402 1725 481 1801 eius,
495 1726 571 1789 Ade
593 1724 633 1789 de
655 1722 841 1811 Beudenge,
858 1734 893 1789 et
914 1725 1018 1791 Alicie
1040 1728 1133 1792 uxori
1155 1728 1225 1793 eius

125 1828 194 1913 quie
211 1829 387 1894 noluerunt
407 1827 599 1915 respondere
621 1827 691 1892 sine
711 1827 926 1914 participibus
947 1830 1022 1908 suis,
1043 1838 1077 1894 et
1099 1830 1224 1896 dictum

125 1933 181 1997 fuit
193 1933 239 1999 eis
253 1932 340 2020 quod
354 1932 483 1997 nullum
503 1931 665 1997 esconium
685 1930 814 1998 iaceret.
858 1932 913 1997 Ad
934 1933 1020 1998 diem
1044 1934 1137 2000 illum
1159 1958 1224 2001 non

124 2038 208 2102 uenit
222 2037 358 2102 matilia
377 2060 458 2102 uxor
476 2035 616 2123 predicti
635 2038 759 2103 Thome
773 2060 833 2103 nec
849 2038 1010 2104 Rudulsus
1024 2039 1064 2105 de
1079 2041 1150 2127 ray
1164 2064 1223 2107 nec

124 2140 277 2206 Bcutricie
304 2162 386 2206 uxor
414 2139 494 2216 eius,
522 2148 557 2204 et
586 2139 765 2204 uicecomes
801 2139 893 2204 Kent
928 2142 1099 2207 mandauit
1134 2144 1221 2211 diem

123 2245 273 2331 oepcionis
296 2236 331 2311 et
357 2244 445 2332 quod
469 2245 659 2310 summoniti
681 2246 815 2310 fuerunt
837 2254 907 2323 etc,
928 2268 988 2311 nec
1010 2256 1095 2313 terre
1117 2250 1221 2335 petite

123 2349 246 2413 fuerunt
259 2370 319 2435 per
331 2348 507 2434 pleuinem,
523 2354 558 2411 et
577 2346 650 2411 ideo
670 2347 711 2411 de
731 2347 779 2412 eie
800 2348 1040 2415 consideratum
1063 2359 1113 2416 est
1135 2353 1221 2439 quod

123 2452 272 2519 Ricardus
286 2460 321 2517 ct
335 2452 520 2517 Willelmus
533 2460 808 2540 recuperauerunt
830 2451 981 2517 neieinam
1001 2476 1093 2519 suam
1108 2478 1221 2521 uersus

123 2558 243 2624 eusdem
265 2558 424 2623 Thomam
446 2565 481 2623 ct
503 2556 681 2634 Mabiliam,
701 2556 880 2622 Rudulfum
902 2566 937 2624 et
960 2559 1155 2626 Beetriciam
1180 2560 1220 2626 de

122 2671 202 2728 terra
229 2685 340 2728 eorum
369 2661 405 2726 in
434 2661 601 2726 Tumhem
626 2661 669 2726 ed
694 2661 875 2726 uelenciem
901 2662 1059 2748 porcionis
1082 2687 1144 2751 quc
1166 2687 1220 2730 eos

122 2765 282 2853 contingit
328 2765 374 2830 Et
389 2764 528 2830 Edeline
541 2764 661 2830 habeat
676 2764 827 2829 seisinem
844 2787 935 2830 suem
951 2775 1010 2832 etc
1026 2767 1068 2832 de
1084 2777 1171 2833 tenu
1185 2769 1220 2832 in

122 2869 295 2936 Erdintunu
309 2877 471 2957 quantum
486 2866 528 2933 ad
542 2877 671 2933 tentem
685 2867 869 2956 porcionem
884 2871 1035 2956 pertinet.

181 2975 223 3040 Et
248 2974 355 3039 Adam
378 2973 419 3038 de
441 2973 617 3060 Beudenge
639 2983 673 3038 et
699 2973 805 3038 Alicia
827 2996 909 3038 uxor
931 2973 1001 3040 eius
1025 2975 1164 3040 ueniunt
1186 2984 1221 3040 et

121 3084 310 3163 cognoscunt
323 3085 446 3141 certum
463 3076 622 3162 Stepheni
636 3076 775 3161 predicti
790 3084 825 3141 et
839 3077 929 3142 illem
945 3078 1066 3144 eisdem
1082 3079 1220 3144 Ricardo

121 3188 152 3241 ct
165 3177 327 3245 Willelmo
342 3177 559 3244 warentizent
605 3179 649 3242 Et
663 3178 737 3243 ideo
751 3178 989 3243 consideratum
1006 3189 1055 3245 est
1071 3180 1157 3267 quod
1179 3181 1219 3245 de

121 3293 202 3347 terre
214 3305 324 3348 comm
339 3283 374 3346 in
390 3282 555 3346 Tumham
570 3281 691 3346 faciant
710 3281 832 3346 eisdem
853 3281 991 3346 Ricardo
1006 3290 1040 3346 ct
1055 3283 1219 3348 Willelmo

121 3387 310 3452 escambium
324 3387 367 3451 ed
381 3387 562 3452 uulenciam
577 3408 634 3450 sue
649 3385 752 3471 partie
772 3393 832 3450 etc
849 3393 883 3450 et
899 3385 1037 3450 Edeline
1050 3395 1219 3472 recuperet

120 3487 204 3554 illem
218 3499 344 3576 purtem
359 3511 472 3554 uersus
485 3489 572 3575 ipsos
586 3488 762 3554 Ricardum
777 3497 812 3553 et
826 3487 1037 3553 Willelmum.
1057 3487 1061 3572 Ι
1083 3489 1127 3552 Et
1142 3489 1219 3574 quie

121 3590 271 3658 Rudulfne
292 3592 379 3657 filius
402 3591 558 3657 Bernerdi
580 3599 615 3656 et
636 3591 743 3657 Alicia
763 3614 846 3656 uxor
864 3590 935 3656 eius
954 3599 989 3654 et
1009 3590 1156 3676 Rogems
1178 3591 1218 3656 de

121 3694 290 3761 Leibumiu
309 3718 374 3760 non
395 3701 558 3760 uenemnt
580 3702 615 3759 et
638 3694 824 3760 habuerunt
846 3693 931 3759 diem
955 3693 990 3758 in
1011 3694 1122 3770 banco,
1144 3717 1218 3760 con-

118 3800 289 3866 sideratum
303 3799 455 3887 estquod
478 3798 518 3864 de
538 3809 626 3864 terre
645 3821 755 3863 eorum
775 3799 811 3864 in
831 3799 997 3864 Tumhem
1017 3799 1166 3885 cupiatur
1183 3800 1218 3865 in

120 3923 245 3968 manum
265 3904 360 3968 Dom
383 3902 483 3990 Regis
509 3901 552 3968 ed
579 3902 758 3968 ualenciam
787 3902 933 3968 redditus
959 3911 994 3966 et
1020 3909 1104 3968 terre
1131 3903 1217 3968 unde

119 4007 221 4072 uocati
242 4017 320 4074 sunt
342 4006 385 4072 ed
408 4015 588 4072 warantum
612 4015 672 4072 etc
695 4014 730 4072 et
751 4007 814 4092 ipsi
836 4015 1104 4072 summoueantur
1131 4007 1217 4094 quod

120 4108 184 4172 sint
206 4119 262 4175 etc
285 4109 430 4174 audituri
456 4109 532 4174 inde
554 4109 712 4174 iudicium
735 4131 839 4174 suum.
886 4110 930 4174 Et
951 4108 993 4175 ed
1014 4110 1101 4175 diem
1123 4111 1216 4176 illurn

121 4211 320 4294 perficientur
353 4211 463 4277 omnia
497 4211 562 4276 eliu
590 4211 710 4276 iudicia
739 4211 885 4297 predicte
914 4211 962 4276 ite
991 4219 1101 4277 tamen
1130 4213 1218 4298 quod

120 4314 243 4381 interim
257 4325 448 4383 remaneant
467 4315 626 4382 Ricardue
646 4323 680 4381 et
695 4315 879 4380 Willelmus
901 4315 936 4380 in
958 4314 1076 4380 seisine
1098 4337 1157 4382 suu
1179 4329 1218 4382 ut

121 4419 240 4502 quando
263 4443 375 4487 ornnes
398 4419 535 4507 predicti
555 4419 691 4485 verenti
711 4419 807 4485 simul
828 4421 903 4497 sint,
919 4427 997 4485 tunc
1018 4421 1075 4486 fiet
1090 4419 1215 4506 integre
