3167 5075
343 435 407 499 698
510 447 601 497 aisn
623 450 667 498 os
689 447 892 500 nnmsnunn
913 452 952 499 m
975 446 1275 517 amomrnnsmns,

341 617 376 682 in
391 625 511 682 terram
526 617 616 682 illam
632 625 667 683 st
681 619 745 683 fuit
759 619 796 684 in
815 619 935 686 seisina
952 621 1024 687 sino
1038 623 1128 688 omni
1141 623 1403 689 contiadiocione
1415 635 1448 689 et

341 719 575 806 impedimento
598 744 619 785 a
644 723 726 786 sesto
750 722 810 786 tali
834 735 894 789 etc
919 747 1024 811 usque
1045 735 1117 807 etc,
1139 727 1189 791 ita
1210 727 1300 814 quod
1323 728 1449 793 arbores

339 825 525 911 prostrauit,
540 832 659 890 terram
675 826 782 891 munit
797 835 867 904 etc,
881 837 917 893 et
931 829 980 894 ita
999 829 1064 894 fuit
1084 831 1119 896 in
1140 831 1261 897 soisina
1281 855 1448 918 quousque

339 929 503 1014 predictus
518 929 735 1016 Rogerusetc.
774 931 819 994 Et
828 930 944 996 dicunt
954 932 1077 1017 preciso
1088 934 1175 1019 quod
1184 935 1283 1020 primi
1291 935 1450 1000 iumtoros

339 1034 456 1098 falsum
472 1034 618 1098 fecerunt
638 1043 877 1098 sacramentum
898 1035 950 1120 [eo
970 1037 1057 1122 quod
1076 1038 1231 1104 dixerunt
1254 1041 1346 1126 quod
1367 1041 1449 1104 filius

339 1137 458 1224 Rogeri
484 1137 541 1224 qui
564 1137 689 1202 dimisit
715 1146 836 1202 tenum
858 1139 923 1204 scil.
946 1140 1132 1206 Willelmus
1152 1167 1218 1208 non
1240 1145 1307 1208 fuit
1329 1144 1449 1208 iniusto

338 1239 555 1325 disseisitmf]
601 1239 645 1304 Et
660 1239 734 1304 ideo
748 1241 926 1326 capiantur.
973 1243 1017 1307 Et
1036 1243 1222 1310 Willelmus
1242 1245 1448 1332 recuperauit

338 1343 491 1408 seisinam
506 1364 607 1420 suam,
622 1351 657 1406 et
671 1341 728 1407 alii
742 1343 777 1407 in
792 1343 1011 1411 misericordia
1025 1355 1084 1411 etc
1103 1346 1110 1433 Ι

338 1594 532 1661 PLACITA
561 1592 622 1658 DE
652 1591 842 1656 ITINERE
872 1591 915 1657 Μ
943 1592 1004 1657 DE
1029 1593 1365 1662 PATTESHULLA
1395 1597 1447 1660 ET

424 1696 661 1764 SOCIORUM
702 1695 897 1762 SUORUM
936 1697 990 1761 IN
1032 1697 1272 1767 COMITATU
1313 1701 1447 1766 LEYR·

425 1799 615 1867 CESTRIE
629 1799 762 1865 ANNO
779 1799 914 1865 REGIS
930 1799 1029 1864 HEN
1031 1802 1128 1868 RIOI
1142 1803 1261 1884 QUIN
1264 1805 1351 1870 TO'.

403 1971 565 2037 Henricus
581 1971 694 2036 Putrel
708 1978 742 2034 et
762 1970 846 2034 tales
865 1977 927 2034 otc.
946 1978 1087 2055 quatuor
1108 1970 1231 2036 militas
1253 1975 1447 2039 summoniti

337 2077 380 2141 ad
397 2075 584 2164 eligendum
604 2074 659 2160 xij.
679 2073 721 2138 ad
742 2072 928 2138 faciendum
943 2073 1199 2158 rocognicionom
1213 2097 1336 2163 magne
1350 2079 1448 2144 assise

336 2181 424 2247 inter
444 2181 626 2246 Robertum
648 2179 753 2244 fllium
775 2179 867 2243 Petri
887 2187 1057 2264 petentom
1079 2185 1115 2242 et
1137 2179 1321 2245 Robsrtum
1343 2183 1448 2247 filium

336 2285 407 2352 Eue
422 2293 591 2351 tenentem
606 2283 647 2350 dc
662 2306 729 2349 una
748 2283 829 2371 uirg.
854 2292 939 2348 terre
960 2305 1034 2348 oum
1054 2291 1136 2369 pert.
1158 2283 1194 2348 in
1216 2285 1448 2372 Trongsstona,

336 2396 423 2461 unde
438 2395 525 2461 idem
546 2394 709 2460 Robertus
728 2393 816 2458 filius
837 2393 909 2458 Eue
932 2392 989 2480 qui
1010 2401 1127 2458 tenens
1148 2401 1199 2458 ost
1220 2416 1257 2459 se
1279 2397 1393 2481 posuit
1414 2397 1446 2460 in

335 2523 488 2587 magnam
512 2499 643 2564 assisam
666 2506 700 2563 et
722 2497 823 2584 peciit
843 2496 1099 2584 rocognicionem
1128 2497 1200 2563 fieri
1229 2498 1305 2586 quis
1334 2521 1448 2566 eorum

336 2605 441 2670 maius
465 2604 516 2668 ius
541 2602 661 2667 habeat
684 2601 719 2666 in
745 2602 919 2679 tonsilla,
944 2610 1108 2666 uenerunt
1134 2610 1193 2667 etc.
1217 2611 1253 2668 et
1275 2604 1448 2691 elegemnt

337 2710 416 2774 istos
431 2710 513 2773 tales
529 2716 589 2773 etc.
633 2706 712 2771 Post
726 2706 820 2770 uenit
835 2705 998 2770 Robsrtus
1017 2705 1105 2770 filius
1128 2706 1199 2771 Euo
1213 2716 1249 2771 et
1263 2706 1447 2794 dicitquod

337 2820 424 2876 term
437 2812 495 2876 illa
513 2820 563 2874 est
585 2810 655 2873 Eue
675 2808 789 2872 matris
806 2830 864 2873 sue
883 2808 948 2874 scil.
972 2808 1182 2896 maritagium
1200 2832 1298 2875 suum
1321 2820 1356 2876 et
1375 2812 1448 2899 ipss

337 2915 401 2981 fuit
422 2916 457 2979 in
477 2913 624 3001 partibus
644 2911 876 2991 transmarinis
891 2920 926 2978 et
947 2912 1081 2999 putauit
1101 2913 1187 2999 quod
1207 2924 1340 2979 mortua
1359 2925 1447 2982 emet

337 3027 372 3084 et
386 3019 457 3105 ipsa
470 3018 577 3096 rediit,
592 3025 626 3082 et
640 3016 724 3081 bene
738 3016 820 3081 dicit
835 3016 921 3103 quod
935 3016 1036 3081 nichil
1051 3016 1171 3082 clamat
1185 3016 1221 3081 in
1235 3018 1309 3083 uita
1331 3019 1446 3085 matris

337 3146 404 3201 sue,
432 3132 468 3189 et
497 3123 567 3207 ipse
597 3119 747 3208 producit
776 3129 915 3184 matrem
944 3141 1046 3184 suam.
1091 3119 1135 3183 Et
1164 3120 1330 3186 Robertus
1357 3122 1446 3187 filius

337 3228 428 3293 Petri
449 3229 509 3293 hoc
530 3249 596 3291 non
617 3224 752 3303 dedixit,
777 3232 812 3289 et
833 3223 907 3290 ideo
928 3222 1005 3288 inde
1027 3221 1097 3288 sino
1118 3222 1172 3289 die
1194 3224 1353 3311 quamdiu
1374 3227 1446 3312 ipss

337 3330 457 3397 uixerit
472 3339 531 3395 etc

203 3451 297 3515 1943,
402 3438 546 3525 Loqusla
574 3436 661 3502 inter
689 3434 870 3500 Robertum
899 3434 1005 3500 filium
1034 3435 1192 3501 willelmi
1226 3436 1268 3501 de
1297 3436 1445 3523 Bothorp

171 3549 295 3638 yffi&
335 3554 504 3633 petentem
526 3550 561 3607 et
581 3541 761 3605 Robertum
784 3538 815 3604 le
837 3538 998 3625 Franceys
1020 3547 1187 3605 tenentem
1209 3539 1250 3604 de
1272 3562 1341 3604 una
1362 3542 1443 3628 uirg.

172 3644 324 3731 'ffiffl
336 3658 421 3714 terre
436 3670 511 3713 cum
525 3653 607 3731 pert.
623 3644 659 3708 in
674 3642 839 3728 Bothorpe
855 3640 943 3707 unde
957 3642 1045 3707 idom
1060 3643 1223 3708 Robertus
1233 3644 1346 3729 posuit
1359 3668 1395 3710 so
1408 3646 1444 3709 in

172 3738 315 3833 ttffi.
335 3776 488 3841 magnam
513 3750 646 3816 assisam
672 3768 784 3812 nessus
808 3768 894 3824 eum,
918 3755 1067 3811 remanet
1094 3746 1165 3810 sine
1194 3746 1257 3823 die,
1287 3770 1328 3812 so
1356 3748 1444 3834 quod

172 3835 259 3919 imi
269 3831 324 3871 ’ψ’
336 3857 499 3922 Robortus
524 3853 610 3917 filius
633 3849 789 3915 Willslmi
811 3857 862 3913 est
884 3848 969 3912 infra
989 3856 1121 3925 etatem,
1143 3857 1177 3913 et
1199 3848 1274 3913 ideo
1295 3850 1367 3916 sine
1389 3850 1443 3916 dio

336 3983 438 4047 usque
470 3957 512 4023 ad
541 3964 663 4020 etatem
693 3954 771 4032 eius,
798 3961 832 4018 st
858 3962 937 4018 tuno
962 3960 1243 4017 resummoneatur
1263 3954 1441 4040 loquelasi

335 4064 476 4131 uoluerit
490 4062 525 4127 in
539 4060 652 4126 eodem
667 4067 756 4124 statu
772 4080 836 4145 quo
855 4080 942 4123 nunc
961 4057 1027 4122 scil.
1049 4056 1135 4142 quod
1157 4065 1300 4142 quatuor
1319 4060 1441 4125 milites

336 4171 611 4233 summoueantur.

203 4264 295 4329 1944.
401 4266 602 4356 Reginaldus
617 4266 733 4331 Basset
747 4274 782 4331 et
796 4264 879 4329 talos
894 4271 954 4330 etc.
967 4262 1026 4350 iiij.
1046 4261 1169 4327 milites
1187 4264 1380 4331 summoniti
1397 4263 1440 4330 sd

367 4436 377 4467 ¹
394 4430 570 4507 Intorpolsted
580 4430 614 4496 by
626 4430 670 4483 the
681 4434 822 4483 annotator
832 4428 861 4479 in
943 4430 954 4461 ²
970 4426 1153 4487 Commission,
1168 4426 1227 4479 not.
1246 4426 1286 4477 (51.
1300 4428 1351 4479 vot
1371 4430 1395 4478 l.
1410 4442 1435 4491 p,

337 4501 499 4560 thematum.
912 4496 968 4547 476.
