3167 5075
322 465 646 528 commarceio.
671 451 829 530 mat-7,
851 468 913 518 111.
937 456 986 518 21.
1141 452 1204 519 197

124 634 177 713 illa,
190 638 260 724 quia
273 639 340 726 ipse
359 649 409 705 est
428 640 514 706 filius
534 648 569 705 et
588 641 680 707 heres
700 641 942 729 primogenitus.
987 640 1078 707 Dicit
1100 640 1202 707 eciam

121 741 195 825 quod
214 742 347 829 quedem
368 764 441 830 pam
462 768 526 831 que
548 745 611 810 luit
636 745 754 833 Roysie
781 746 895 811 sororis
919 745 1022 833 ipsius
1050 746 1203 832 Agnetis¹

121 854 331 927 postmortem
354 848 569 934 predictorum
592 871 773 935 puerorum,
796 857 831 915 et
852 848 924 914 ideo
945 849 974 913 si
995 848 1105 935 aliqua
1125 871 1200 935 pam

120 947 195 1013 illius
208 959 287 1015 terre
303 951 351 1015 ei'
367 973 426 1037 per
445 952 550 1039 legem
570 952 689 1040 Anglie
711 952 829 1017 debeat
850 975 1015 1018 remanere
1036 974 1111 1038 pars
1131 974 1203 1038 pre-

120 1050 192 1117 dicte
212 1054 324 1141 Roysie
350 1056 382 1121 ei
405 1078 470 1121 non
495 1055 594 1121 debet
620 1078 784 1121 remanere
808 1056 955 1143 predicto
978 1057 1112 1122 racione.
1157 1056 1202 1120 Et

122 1154 282 1222 Willelmus
296 1158 376 1223 dicit
391 1160 477 1245 quod
491 1159 624 1225 uidetur
637 1160 669 1226 ei
683 1160 770 1247 quod
784 1161 863 1226 eatis
874 1160 1039 1247 respondit
1049 1161 1091 1225 ad
1101 1160 1200 1225 breue

118 1263 415 1328 111111111111111
435 1264 533 1329 breue
554 1264 636 1329 illud
655 1264 761 1329 eidem
783 1264 927 1329 Johanni
947 1264 1137 1350 respondere
1159 1264 1200 1329 de

117 1362 209 1449 aliquo
222 1366 289 1431 sine
304 1374 457 1453 precepto
471 1368 565 1433 Dom.
581 1367 688 1455 Regis.

171 1468 210 1533 Et
233 1470 325 1536 Dom.
349 1470 420 1536 Rex
445 1494 511 1537 non
537 1472 611 1536 uult
636 1480 763 1537 mutare
789 1471 1056 1537 consuetudinem
1080 1471 1200 1558 Anglie

117 1570 252 1637 usitatam
281 1582 316 1639 et
346 1581 513 1660 optentum
542 1596 563 1639 a
591 1574 704 1639 multis
734 1575 1021 1661 retrotemporibus
1057 1583 1092 1639 et
1126 1575 1201 1640 ideo

117 1670 280 1739 Willelmus
294 1675 425 1741 recedat
440 1676 570 1761 quietus
587 1698 661 1740 cum
681 1675 800 1740 seisina
819 1674 901 1740 sua'.
948 1676 992 1740 Et
1013 1675 1199 1762 homagium

115 1774 255 1843 lohannie
270 1780 403 1866 ponitur
417 1780 452 1843 in
466 1788 648 1867 respectum
663 1779 764 1844 donec
779 1778 929 1844 seieinam
944 1778 1102 1844 habuerit

41 1882 84 1945 l83.
169 1880 308 1968 Rogerus
338 1883 371 1947 la
398 1883 506 1947 Zuche
535 1891 643 1947 custos
672 1891 756 1947 terre
785 1890 821 1947 et
849 1882 976 1947 heredis
1012 1881 1123 1947 Brieni
1159 1882 1200 1947 de

116 1981 256 2070 Stopham
278 1986 377 2051 unius
399 2008 439 2051 ex
461 1986 635 2052 heredibus
656 1986 768 2052 Briani
789 1986 830 2051 de
852 1986 965 2051 Insula
985 1985 1201 2051 summonitus

114 2084 167 2149 fuit
179 2087 218 2152 ad
230 2088 489 2175 respondendum
504 2088 636 2175 Agathe
651 2088 692 2153 de
709 2089 739 2154 S.
756 2087 895 2174 Georgio
915 2087 956 2152 de
975 2087 1095 2173 placito
1115 2088 1201 2173 quod

114 2190 212 2257 reddat
232 2193 263 2258 ei
284 2193 464 2258 custodiam
487 2193 585 2258 tercie
608 2193 709 2279 pertis
732 2192 817 2258 feodi
838 2191 966 2257 dimidii
987 2191 1101 2256 militie
1125 2214 1199 2256 cum

113 2305 180 2378 pert
202 2298 236 2363 in
261 2300 411 2364 Hortona
437 2322 499 2385 que
525 2298 567 2364 ad
593 2321 665 2365 eam
690 2298 833 2384 pertinet
858 2319 898 2361 eo
922 2296 1019 2383 quod¹
1037 2296 1200 2382 predictus

112 2397 234 2467 Brianus
259 2410 380 2469 terram
405 2403 495 2468 111111
518 2403 559 2468 de
586 2426 624 2468 eo
649 2402 757 2467 tenuit
782 2424 842 2487 per
864 2400 1036 2467 seruicium
1059 2400 1200 2466 militare

112 2510 162 2569 etc.

165 2608 205 2675 Et
218 2611 365 2699 Rogeme
380 2612 473 2676 uenit
487 2621 522 2676 et
536 2611 616 2677 dicit
631 2611 716 2697 quod
728 2611 829 2676 hebet
844 2609 1023 2675 custodiam
1037 2609 1127 2675 illam
1141 2632 1200 2696 per

110 2707 190 2776 Dom.
207 2713 331 2800 Regem
354 2714 410 2800 qui
431 2736 516 2780 nunc
538 2722 589 2779 est
611 2714 724 2801 etqui
746 2714 777 2780 ei
799 2713 891 2779 dedit
912 2713 1092 2780 custodiam
1113 2722 1199 2779 terre

111 2811 225 2882 Rodulli
238 2818 298 2883 filii
310 2817 423 2883 Brieni
437 2819 477 2883 de
490 2819 648 2905 Stopham
663 2819 720 2906 qui
734 2826 785 2884 est
799 2840 884 2884 unus
895 2818 1051 2884 heredum
1061 2817 1199 2904 predicti

111 2913 207 2983 Briani
227 2920 268 2986 de
292 2921 415 2998 Insula,
437 2928 472 2986 11
495 2921 572 3007 quia
592 2921 692 2987 habet
714 2921 893 2986 custodiam
914 2921 1005 2986 illam
1027 2942 1085 3007 per
1105 2921 1197 2986 Dom.

110 3017 217 3108 Regem
232 3035 329 3091 uocat
344 3025 420 3091 inde
435 3025 477 3091 ad
492 3033 671 3090 warantum
686 3026 779 3092 Dom.
796 3025 928 3113 Regem.

164 3127 204 3191 Et
217 3129 353 3216 Agatha
366 3130 459 3195 uenit
473 3137 508 3194 11
522 3129 602 3194 dicit
617 3129 702 3216 quod
718 3129 837 3195 iniuste
853 3138 949 3194 uocat
964 3129 1058 3194 Dom.
1073 3127 1198 3214 Regem

109 3227 144 3292 ad
156 3243 341 3310 warantum,
356 3233 434 3319 quie
448 3233 586 3298 Brianue
600 3232 641 3297 de
661 3231 775 3296 Insula
793 3231 894 3297 nichil
913 3232 1022 3296 tenuit
1042 3231 1083 3296 de
1104 3231 1197 3295 Dom.

111 3328 233 3420 Regem
248 3337 357 3424 capite
372 3337 421 3402 ita.
434 3336 520 3423 quod
534 3335 682 3402 custodia
696 3336 806 3422 aliqua
815 3344 900 3401 terre
912 3358 975 3422 que
986 3335 1050 3400 luit
1061 3334 1200 3421 predicti

110 3435 206 3504 Briuui
240 3442 282 3507 ad
320 3465 396 3507 eum
433 3441 550 3506 debeat
586 3441 756 3528 pertinere.
816 3441 859 3504 Et
888 3462 986 3526 super
1018 3438 1078 3503 hoc
1114 3438 1200 3525 petit

110 3537 256 3611 iudicium
276 3545 282 3632 Ι

164 3649 203 3714 Et
227 3652 375 3738 Rogerus
400 3651 480 3716 dicit
504 3652 589 3738 quod
613 3674 672 3738 per
697 3652 834 3738 speciale
857 3651 957 3717 breue
981 3652 1075 3715 Dom.
1099 3650 1199 3737 Regis
1245 3668 1324 3718 11111]

109 3745 208 3817 habuit
221 3753 291 3840 ipse
306 3754 458 3820 seieinam
473 3755 513 3819 de
528 3754 674 3841 predicta
688 3755 834 3820 custodia
847 3762 883 3820 et
896 3754 973 3819 inde
987 3762 1083 3819 uocat
1097 3753 1190 3818 Dom

109 3850 217 3940 Regem
231 3857 272 3922 ad
287 3864 478 3922 warantum.
524 3857 568 3922 Et
582 3857 655 3923 ideo
670 3859 766 3923 datus
781 3866 832 3924 eet
846 3858 893 3923 eie
904 3857 973 3923 dies
984 3880 1090 3923 coram
1100 3856 1194 3922 Dom.

109 3955 186 4044 Rege
199 3961 257 4026 tali
271 3961 326 4027 die
342 3975 401 4026 etc.
418 3961 602 4048 ubicunque
618 3963 717 4028 luerit
731 3971 790 4028 etc.

136 4159 279 4228 'Probably
293 4180 367 4216 some
383 4166 466 4216 words
481 4181 526 4216 aro
542 4171 621 4217 uent-
672 4165 799 4228 iusticiar,
821 4165 873 4216 had
894 4164 1055 4216 maintained
1073 4164 1200 4215 thntthe

109 4221 153 4284 inr-
183 4227 236 4278 111
253 4231 331 4293 point
349 4245 411 4294 may
426 4232 458 4282 ue
477 4231 534 4281 thar
551 4231 623 4282 111
673 4231 971 4282 manturanum
986 4235 1033 4281 not
1047 4229 1157 4280 11111
1171 4235 1200 4279 a>

110 4287 175 4339 landa
189 4291 332 4345 descended
348 4301 376 4344 to
395 4296 481 4358 Agnes
501 4297 568 4346 alter
586 4297 622 4347 all
673 4299 774 4358 1111111]
785 4300 814 4347 at
825 4295 861 4346 all
874 4299 962 4346 eventa
976 4296 1000 4345 ir
1013 4295 1085 4346 thare
1096 4309 1149 4345 war
1164 4310 1199 4345 an

108 4351 148 4402 her
157 4355 267 4409 children
278 4361 314 4424 by
324 4360 441 4411 william
453 4376 517 4412 were
528 4361 601 4413 daed.
673 4362 729 4411 heir
740 4361 830 4476 δέξο
841 4361 899 4410 first
909 4359 1037 4412 husband.
1070 4360 1139 4410 Here
1153 4359 1199 4409 the

135 4419 275 4475 'William
675 4426 743 4488 King
797 4425 1026 4476 'daathirdebnted
1034 4423 1117 4489 point.
1135 4423 1200 4473 ’11111

136 4483 204 4537 'See
221 4488 263 4541 Br.
284 4491 301 4542 1.
321 4493 378 4541 438.
413 4491 527 4556 8131111,
546 4493 624 4556 lately
675 4492 698 4540 ie
709 4491 775 4543 riez.
790 4494 887 4550 Doroa,
900 4492 955 4542 198.
