3167 5075
345 405 579 468 urcsrrrurs,
601 407 665 455 no.
691 393 782 465 1223,
806 407 868 455 nn..
892 391 985 458 7-8.
1154 393 1216 455 499

127 589 196 645 tunc
216 580 330 644 hebuit
351 589 474 645 etatem
497 590 532 645 et
554 603 619 644 non
641 580 798 667 intelligit
821 580 907 666 quod
932 580 1025 644 Dom.
1052 579 1122 643 Rex
1153 578 1218 642 telo

127 685 336 749 testimonium
351 685 537 772 perhiberet
550 685 614 750 nisi
628 685 700 770 ipsa
719 694 841 750 etatem
865 684 1006 749 haberet.
1051 684 1074 748 J
1076 682 1217 747 udicium

125 778 245 873 ponitur
257 789 292 854 in
306 798 489 876 respectum
503 812 607 876 usquc
621 789 663 854 ad
678 797 801 854 etatem
821 789 916 856 Dom.
932 788 1031 877 Regis
1046 787 1174 874 qucndo
1189 785 1220 851 ei

125 892 271 977 placuerit
293 895 342 958 et¹
365 893 452 979 quod
473 893 630 958 iudicium
653 893 730 958 inde
751 894 810 958 fiet
832 916 890 980 per
912 900 1101 980 preceptum
1125 890 1219 955 Dom.

124 994 215 1082 Regis
234 1005 269 1061 ct
290 997 424 1075 consilii,
440 1004 474 1061 et
496 1005 576 1061 tuuc
597 1008 878 1062 resummoneatur
900 997 1029 1084 loquela
1050 995 1085 1060 in
1107 995 1220 1059 eodem

122 1105 203 1164 stctlr
217 1122 280 1186 quo
294 1123 383 1165 nuno
398 1109 449 1165 est
463 1110 534 1178 etc,
549 1110 584 1165 et
598 1100 671 1166 ideo
686 1101 755 1166 sine
770 1101 824 1166 die
840 1111 898 1167 otc

55 1199 90 1260 lll-
178 1201 321 1268 'Simon’
341 1202 383 1267 de
405 1203 573 1267 Londonie
594 1213 628 1267 et
649 1203 759 1290 plures
779 1204 861 1268 tales
876 1202 1066 1268 summoniti
1081 1201 1218 1266 fuerunt
1330 1247 1336 1258 .

120 1303 158 1369 ed
183 1304 419 1370 ostendendum
448 1328 548 1391 quare
578 1328 643 1370 non
672 1306 796 1370 faciunt
826 1306 984 1370 auxilium
1006 1303 1221 1392 burgensibus

120 1405 206 1472 Dom.
215 1408 317 1495 Regis
327 1407 368 1472 de
380 1408 573 1473 Bedefordia
584 1408 626 1473 ed
637 1409 765 1474 fiunem
776 1409 817 1474 dc
829 1409 1022 1475 Bedefordie
1032 1407 1220 1482 faciendam,

119 1509 236 1576 desicut
250 1512 315 1597 ipsi
329 1511 503 1598 participes
514 1521 592 1576 sunt
603 1512 794 1577 libertatum
805 1535 886 1599 ques
897 1513 1034 1599 predicti
1045 1512 1221 1599 burgenses

121 1613 236 1679 habent
250 1637 312 1701 per
324 1623 448 1680 certam
464 1615 579 1700 Regis⁴
593 1625 652 1680 etc.
673 1615 678 1701 Ι

177 1718 220 1782 Et
234 1741 349 1784 omncs
364 1719 506 1784 ueniunt
521 1728 555 1784 ct
570 1720 684 1785 dicunt
698 1720 785 1807 quod
807 1743 934 1806 semper
956 1721 1060 1785 solent
1081 1720 1158 1784 dare
1180 1719 1221 1783 ad

120 1820 239 1887 firmem
262 1822 355 1888 illam
377 1846 478 1887 unam
501 1845 642 1888 marcam
665 1835 699 1889 et
721 1825 828 1889 adhuc
850 1824 939 1888 illam
964 1823 1045 1888 dent
1067 1846 1127 1887 nec
1148 1822 1222 1908 plus

116 1925 186 1991 diue
211 1927 346 2001 debent,
371 1937 422 1993 set
448 1951 523 1994 cum
550 1930 643 1994 Doni,
671 1931 742 1994 Rex
767 1929 926 1993 auxilium
953 1928 1097 2014 posuerit
1127 1951 1223 2013 super

116 2031 220 2096 uillam
245 2032 311 2117 ipsi
332 2032 474 2097 libenter
495 2033 742 2098 auxiliabuntur
761 2033 804 2098 ed
823 2033 906 2097 illud
925 2031 1084 2097 auxilium
1106 2040 1141 2096 et
1158 2054 1222 2095 non

114 2135 173 2199 clio
182 2137 280 2200 modo
291 2137 370 2223 quin
380 2145 496 2202 tenent
507 2137 548 2202 dc
560 2137 662 2203 libere
672 2137 847 2203 elemosine
855 2137 1017 2224 prebende
1028 2135 1223 2222 pertinentis

114 2237 152 2302 ed
165 2240 336 2304 eeclesiam
351 2239 528 2305 Linoolnie.
573 2240 618 2304 Et
640 2240 781 2304 Thomas
803 2241 920 2305 Baecot
941 2247 1126 2304 attornatus
1147 2237 1222 2302 bur-

113 2345 258 2428 gensium
275 2344 358 2409 dicit
371 2345 458 2431 quod
472 2344 537 2430 ipsi
551 2354 629 2409 sunt
644 2344 686 2409 nd
700 2352 769 2409 scot
784 2353 819 2408 et
834 2344 875 2408 ad
887 2344 957 2408 loht
969 2343 1004 2407 in
1016 2342 1131 2407 eedem
1144 2341 1224 2406 uilla

112 2454 144 2508 et
158 2469 197 2510 ea
206 2447 338 2511 racione
350 2446 471 2512 debent
482 2447 632 2512 auxiliari
646 2447 689 2511 ed
700 2470 811 2512 omnes
820 2447 928 2511 firmas
939 2455 974 2511 et
985 2446 1027 2511 ed
1040 2444 1225 2510 omnimoda

113 2549 234 2614 currilia
264 2558 300 2614 et
326 2551 386 2614 hoc
412 2549 563 2636 probabit
588 2548 630 2613 ed
656 2548 743 2613 diem
769 2557 829 2614 etc.
876 2549 920 2613 Et
946 2548 1023 2635 quie
1043 2547 1222 2633 burgenses

115 2653 249 2736 predicti
276 2652 378 2717 nichil
404 2654 584 2719 ostendunt
609 2675 708 2738 quere
734 2652 825 2718 eliud
850 2654 954 2718 facere
977 2652 1127 2729 debeant,
1149 2672 1223 2716 con-

113 2758 291 2823 sideratum
315 2765 365 2822 est
387 2758 473 2845 quod
495 2758 657 2843 Sampson
679 2765 713 2821 et
733 2756 790 2821 elii
810 2756 886 2821 inde
901 2756 970 2821 sine
986 2756 1039 2821 die
1054 2764 1089 2820 et
1104 2755 1225 2819 socient

112 2863 288 2929 senricium
300 2862 387 2948 quod
401 2871 608 2948 cognoscunt,
619 2870 654 2925 et
668 2861 767 2926 radia
781 2884 892 2925 eorum
906 2869 1003 2948 capta
1014 2870 1074 2926 etc.
1087 2861 1224 2927 deliber-

113 2976 208 3031 entur
223 2977 286 3031 etc

56 3064 78 3125 l·
171 3071 292 3156 'Hugo
318 3070 359 3135 de
386 3070 529 3135 Lectone
553 3070 641 3157 petit
666 3093 779 3135 uersus
806 3070 986 3136 Robertum
1016 3069 1056 3135 de
1083 3070 1225 3135 Suttonc
1328 3100 1346 3129 ι

112 3174 194 3259 quod
216 3173 338 3239 reddat
360 3173 391 3237 ei
412 3182 543 3238 tantum
566 3182 625 3238 etc
643 3196 722 3259 quos
744 3181 804 3238 etc.
821 3180 856 3237 et
879 3172 910 3237 ei
932 3172 1052 3237 iniuste
1073 3172 1225 3250 detinet⁸‚

110 3277 186 3361 quic
199 3277 366 3342 Redulfus
380 3278 493 3342 Bccun
507 3277 656 3343 denarios
670 3277 743 3342 illos
756 3276 942 3342 comoduuit
960 3276 1067 3342 eidem
1082 3276 1225 3341 Roberto

109 3402 167 3465 per
190 3379 400 3467 plegagium'
429 3380 532 3466 ipsius
558 3381 710 3467 Hugonis
735 3380 784 3445 ita
809 3380 897 3466 quod
923 3380 1010 3445 idern
1038 3369 1138 3467 Hug'o
1167 3402 1225 3467 per

109 3481 351 3548 districcionem
365 3483 438 3567 illos
452 3485 595 3550 reddidit
605 3484 712 3550 cidem
724 3485 865 3550 Redulfo
877 3508 934 3571 pro
945 3484 1058 3549 eodem
1071 3484 1223 3562 Roberto,

110 3596 143 3651 et
168 3587 232 3653 hoc
259 3588 398 3674 probare
423 3588 518 3652 offert
545 3597 615 3663 etc,
641 3587 729 3653 unde
756 3588 973 3653 deterioretus
998 3596 1049 3653 est
1074 3595 1135 3653 etc.
1181 3588 1224 3652 Et

109 3690 279 3756 Robertus
299 3690 395 3755 uenit
416 3698 451 3754 ct
472 3689 620 3754 defendit
642 3698 754 3754 contra
776 3712 851 3755 eum
874 3698 934 3755 cte.
950 3688 1036 3775 quod
1057 3700 1224 3775 nunquam

109 3814 184 3859 eum
207 3794 382 3883 pleginuit,
403 3815 464 3858 nec
478 3794 602 3880 aliquid
624 3793 655 3857 ei
678 3793 784 3869 debet,
805 3814 865 3857 nco
883 3792 970 3856 idern
986 3792 1086 3878 Hugo
1107 3814 1165 3879 pro
1187 3815 1224 3857 eo

109 3896 265 3963 denarios
285 3897 436 3975 reddidit,
451 3907 485 3964 et
508 3898 568 3963 hoc
587 3899 682 3963 offert
697 3898 869 3963 defendere
885 3906 946 3965 ete.
989 3898 1034 3962 Et
1056 3896 1129 3961 ideo
1151 3918 1224 3961 con·

140 4108 249 4161 10mit
269 4116 302 4167 ct,
320 4110 352 4159 A.
386 4107 451 4158 This
471 4108 605 4172 judgrnent
623 4110 646 4158 is
697 4111 728 4159 A.

107 4174 259 4225 romcwlrzt
269 4174 399 4237 sbridged.
728 4175 738 4206 ⁵
754 4174 786 4223 A.
798 4190 834 4225 m.
849 4176 887 4224 11.

139 4240 152 4271 ¹
168 4240 202 4289 Δ.
214 4254 253 4290 m.
269 4240 308 4289 10.
727 4240 738 4272 ⁶
754 4242 801 4303 vij.
811 4241 854 4289 ub.
864 4241 933 4301 xiiij.
942 4242 987 4291 rol.
1001 4242 1058 4303 viij.
1070 4241 1118 4289 deu
1130 4256 1189 4303 quor
1201 4244 1225 4289 ei

140 4304 153 4336 ¹
169 4305 250 4355 Gon.
263 4306 373 4355 emon.
406 4303 576 4367 Twenty-one
589 4320 644 4368 per·
696 4308 767 4354 debet
778 4313 803 4354 ct
814 4306 907 4355 iniuste
918 4306 1021 4363 decim,
1034 4306 1063 4353 A.

107 4368 286 4419 sonsmrmd
296 4369 325 4418 in
335 4371 366 4418 Δ.
730 4370 740 4404 ⁷
758 4370 808 4430 Sic,
823 4372 859 4430 A}
874 4372 911 4433 pl'
924 4370 951 4419 in
962 4370 1018 4419 MS.

142 4434 286 4485 ⁴Ricardi
307 4437 429 4486 auunculi
448 4436 545 4485 domim
563 4436 647 4495 Recio,

1031 4520 1137 4581 :lt-2
