3167 5075
322 370 387 432 430
509 381 642 430 uuam
665 381 738 429 aun
761 380 898 443 rastra,
921 380 985 429 ab.
1011 368 1103 442 1221,
1125 382 1188 431 ar.
1213 371 1239 430 5.

320 554 400 621 dum
415 554 520 619 filium
536 553 677 620 Simouia
691 554 732 618 dc
752 554 873 638 placito
893 554 979 641 quod
999 556 1096 620 faciat
1116 556 1148 620 ei
1167 556 1365 621 escambium
1385 557 1426 621 ad

320 656 502 723 ualenciam
528 656 667 721 duarum
694 656 775 743 uirg.
801 664 885 721 terre
911 678 985 721 cum
1010 667 1091 743 pert.
1118 658 1154 722 in
1180 660 1322 724 Burcota
1347 682 1428 745 quas

320 761 486 826 Galfridus
511 762 542 827 le
568 761 810 827 Parchimcner¹
840 770 874 828 et
902 762 1038 827 Matillia
1063 786 1145 827 uxor
1173 764 1251 841 eius,
1278 765 1428 851 Rogems

319 863 406 929 filius
422 864 564 929 Simonis
579 872 613 929 et
627 864 735 930 Alicia
752 887 835 930 uxor
854 865 924 930 eiua
944 865 1168 931 clamauerunt
1188 890 1300 933 uersus
1320 868 1428 954 ipsum

319 968 501 1033 chricum
522 990 582 1053 per
606 968 740 1032 assisam
766 968 880 1033 mortis
905 970 1122 1047 antecessoria,
1144 980 1204 1037 etc.
1227 972 1314 1036 unde
1341 974 1429 1037 idem

320 1071 483 1136 Heuricua
497 1071 628 1136 uocauit
642 1070 685 1135 ad
699 1079 881 1137 warantum
895 1072 1002 1158 ipsum
1014 1072 1190 1138 Ricardum
1202 1096 1315 1139 uersus
1326 1076 1429 1150 cum',

320 1174 379 1260 qui
393 1174 486 1239 uenit
500 1181 536 1239 et
555 1174 586 1239 ei
606 1174 840 1251 warentizauit,
855 1184 889 1239 et
909 1198 1007 1260 quam
1027 1184 1147 1241 terram
1168 1178 1231 1263 ipsi
1252 1178 1429 1243 Gaufiidus

321 1290 356 1345 et
375 1278 520 1354 Matillis,
535 1278 684 1364 Rogerua
704 1287 739 1344 ct
758 1279 866 1345 Alicia
886 1288 1000 1365 postea
1020 1291 1293 1367 recuperaueruut
1316 1306 1431 1347 uersus

321 1382 461 1447 eundem
484 1381 659 1447 Ricardum
681 1382 901 1467 pereundam
929 1384 1061 1447 assisam
1086 1392 1146 1449 etc
1200 1384 1245 1450 Et
1271 1384 1432 1450 Ricardus

321 1508 386 1550 nou
408 1486 502 1551 uenit
527 1494 587 1550 etc.
612 1495 647 1551 et
672 1495 863 1573 preceptum
889 1487 953 1551 suit
979 1488 1162 1553 uicccomiti
1188 1489 1275 1575 quod
1296 1489 1431 1554 distrin-

321 1599 414 1677 geret
444 1612 521 1655 cum
550 1612 608 1676 per
633 1600 736 1657 terrae
765 1600 800 1657 et
827 1592 945 1657 catalla
973 1614 1032 1657 sua
1062 1602 1121 1657 etc
1175 1594 1221 1657 Et
1251 1594 1432 1659 uicccomea

323 1696 493 1761 mandauit
514 1697 601 1783 quod
622 1697 712 1783 cepit
731 1706 851 1762 terram
870 1719 970 1762 suam.
1014 1698 1058 1761 Et
1077 1696 1151 1762 ideo
1170 1707 1360 1783 preceptum
1382 1708 1433 1763 eat

322 1800 507 1865 uicecomiti
536 1800 623 1886 quod
647 1800 757 1885 capiat
781 1808 886 1865 totam
912 1808 1032 1865 terram
1062 1823 1154 1865 suam
1179 1824 1254 1866 cum
1280 1802 1433 1867 omuibus

321 1904 450 1969 catallis
468 1905 504 1969 in
524 1928 564 1971 ea
582 1904 753 1983 iuuentis⁸,
775 1914 810 1970 et
830 1906 920 1970 saluo
940 1905 1101 1969 custodiat
1120 1905 1168 1969 ita
1188 1906 1275 1991 quod
1296 1928 1433 1970 manum

323 2030 388 2072 non
402 2016 556 2093 apponat,
570 2029 631 2071 uec
650 2007 769 2093 aliquia
788 2029 828 2071 ex
850 2016 942 2092 parte
962 2030 1030 2083 sua,
1045 2029 1082 2071 co
1104 2008 1190 2092 quod
1211 2007 1378 2073 subtrahit
1399 2032 1433 2073 ae

324 2111 413 2177 uen’⁴
434 2111 612 2176 incuriam
627 2110 669 2176 ad
688 2111 841 2176 utendum
867 2109 986 2175 iudicio
1009 2110 1105 2176 curie.
1150 2111 1204 2176 Ad
1226 2112 1314 2177 diem
1338 2110 1433 2176 illum

323 2237 389 2280 non
410 2215 504 2280 uenit
530 2215 698 2292 Ricardus‚
724 2224 759 2280 ct
783 2216 945 2280 chricus
971 2215 1092 2300 optulit
1116 2237 1151 2280 se
1176 2236 1236 2302 per
1262 2214 1328 2301 viij.
1352 2216 1433 2292 dieu,

208 2380 211 2385 .
325 2327 360 2383 et
381 2318 561 2384 uicecomea
582 2320 754 2384 mandauit
776 2320 862 2405 quod
885 2318 1036 2383 nonfuit
1063 2318 1218 2384 iuuentus
1246 2318 1345 2383 immo
1376 2342 1435 2405 po·

325 2423 393 2491 suit
423 2446 458 2487 sc
487 2422 534 2490 in*
551 2422 732 2488 Abbaciam
758 2422 800 2487 de
829 2422 1001 2499 Wardona,
1027 2430 1061 2487 ct
1090 2422 1175 2507 quod
1199 2423 1285 2508 cepit
1312 2430 1433 2488 terram

326 2528 465 2594 suumin
475 2527 715 2593 mauum‘Dom.
730 2527 838 2614 Regia
881 2528 924 2592 Et
939 2526 1012 2593 ideo
1030 2526 1267 2592 consideratum
1281 2530 1437 2614 estquod

329 2631 491 2696 Hemicus
512 2631 717 2716 recuperauit
738 2630 780 2695 dc
803 2637 890 2695 terra
912 2637 946 2694 et
968 2629 1096 2695 redditu
1119 2629 1222 2714 ipsius
1242 2629 1372 2694 Ricardi
1392 2631 1437 2695 ad

326 2734 506 2800 ualeuciam
518 2733 739 2820 predictarum
754 2734 893 2799 duarum
909 2733 990 2819 uirg.
1003 2741 1088 2798 terre
1102 2741 1162 2798 etc.
1178 2741 1213 2796 et
1228 2733 1385 2798 Ricardus
1400 2735 1437 2798 in

328 2836 567 2904 miscricordia⁶.

393 2940 570 3005 ⁸Rubcrtus
598 2939 639 3005 dc
669 2941 794 3005 Hulmo
820 2940 941 3025 optulit
966 2961 1000 3004 ae
1029 2939 1107 3024 iiije.
1132 2939 1185 3005 die
1215 2961 1328 3004 uersus
1352 2939 1439 3004 Gili-

328 3046 459 3112 bertum
482 3046 523 3111 dc
546 3046 713 3112 Latfordia
734 3045 776 3111 dc
799 3046 919 3131 placito
938 3067 1035 3131 quare
1056 3053 1187 3110 secutus
1207 3053 1258 3109 est
1277 3043 1437 3130 placitum

329 3151 365 3215 in
399 3150 489 3216 curia
523 3151 748 3216 cristianitatis
782 3149 823 3215 de
859 3149 940 3214 laico
976 3147 1068 3214 feodo
1101 3148 1205 3234 ipsius
1235 3147 1368 3214 Ruberti
1401 3149 1438 3212 iu

330 3255 496 3322 Latfordia
510 3264 694 3322 contracte
733 3256 777 3320 Et
792 3255 973 3321 Gilibertus
987 3277 1052 3319 non
1067 3254 1160 3319 uenit
1175 3261 1246 3330 etc,
1258 3262 1291 3318 et
1302 3253 1441 3318 clericus

331 3367 381 3424 est
404 3367 439 3424 et
461 3359 652 3424 mandatum
677 3361 742 3424 fuit
766 3358 893 3424 Electo²
917 3357 1003 3444 quod
1029 3358 1164 3423 haberet
1188 3379 1265 3424 eum
1294 3357 1348 3422 tali
1382 3357 1441 3422 (lie

330 3470 400 3541 etc,
429 3470 464 3527 et
493 3472 572 3526 tunc
600 3471 826 3528 remanserunt
854 3462 975 3548 placita
1004 3483 1061 3547 pro
1092 3462 1246 3528 exercitu.
1290 3461 1329 3526 Et
1360 3461 1445 3527 ideo

330 3574 520 3652 preceptum
534 3574 584 3630 est
604 3564 789 3630 uiceccmiti
809 3565 895 3651 quod
910 3565 937 3629 si
952 3564 1039 3629 idem
1056 3564 1219 3629 Robertua
1233 3563 1337 3630 fecerit
1356 3585 1442 3629 eum

330 3692 478 3734 securum
498 3677 557 3734 etc.
573 3679 653 3735 tuuc
672 3679 876 3735 summcncat
898 3670 1005 3756 ipsum
1029 3669 1179 3734 Electum
1202 3669 1286 3753 quud
1306 3667 1349 3732 sit
1376 3679 1443 3734 etc

331 3781 366 3838 et
381 3772 467 3859 quod
481 3772 569 3837 dicat
584 3773 614 3837 ei
629 3773 715 3858 quod
729 3772 851 3838 habeat
865 3771 1016 3838 clericum
1026 3769 1044 3836 ⁸.

200 3879 295 3942 1531.
397 3876 526 3962 ⁹Agrea
541 3898 604 3963 que
619 3876 683 3941 fuit
697 3899 779 3940 uxor
791 3876 816 3941 J
817 3875 901 3941 oscei
916 3875 1015 3940 Fabri
1029 3874 1114 3959 petit
1129 3895 1243 3939 uersus
1256 3871 1443 3939 Radull'um

215 3977 274 4017 Νοή-
333 3980 476 4046 Fabrum
498 3981 631 4045 terciam
652 3988 779 4066 partem
803 3980 903 4044 trium
925 4001 1072 4044 acrarum
1094 3985 1180 4042 terre
1202 3999 1273 4042 cum
1294 3983 1380 4060 pert
1408 3977 1446 4043 iu

366 4141 377 4174 ¹
394 4143 417 4191 le
428 4143 536 4202 Pocaer,
548 4143 579 4192 B.
912 4143 991 4194 Casca
1003 4145 1066 4195 1293
1077 4142 1129 4192 and
1142 4143 1214 4196 1394.

367 4206 534 4267 *sicam
886 4267 889 4274 Ι
944 4208 1239 4268 ⁶A.m.16;B.m.u.

365 4272 461 4321 ’Here
471 4273 501 4321 B.
514 4278 594 4336 stopa.
944 4273 1117 4336 ⁷Parrdulph‚
1131 4275 1163 4323 el.
1177 4274 1323 4330 1211110111.
1341 4272 1429 4323 1222.

366 4337 378 4368 ⁴
393 4340 520 4396 uenienti,
531 4339 562 4387 A.
945 4339 955 4370 ⁸
971 4341 1073 4388 candem
1082 4342 1207 4400 clericum,
1220 4339 1248 4396 Δ,
1261 4335 1287 4384 Β.

365 4403 376 4433 ⁸
392 4402 859 4466 Forearlicrproccedingaaeeabore,
944 4403 955 4436 ⁰
971 4403 1002 4452 A.
1013 4419 1048 4452 m.
1063 4403 1106 4462 1t;
1125 4405 1155 4452 B.
1168 4417 1203 4452 m.
1215 4405 1237 4452 8.
