3167 5075
328 383 563 443 meniachus,
586 385 650 433 an.
675 371 768 446 1223,
792 387 857 434 aa,
878 369 969 436 7-8.
1109 407 1112 415 .
1141 374 1203 437 509

110 556 184 622 idem
198 557 405 622 Baldewinue
419 558 536 623 habuit
555 558 736 623 custodiam
757 567 841 623 terre
862 567 896 623 et
917 559 1043 625 heredis
1067 559 1206 646 predicti

111 660 233 724 Roberti
247 683 287 725 err
303 660 387 724 dono
401 660 539 747 predicti
554 661 690 726 Henrici
705 671 740 726 et
755 661 831 726 inde
846 665 967 748 profert
983 671 1105 728 cartam
1121 663 1206 728 eiua·

110 764 171 828 dem
187 764 322 829 Henrici
337 788 400 851 que
415 765 536 830 donum
552 765 633 830 illud
648 773 797 831 testatur.
828 766 953 831 Profert
968 767 1069 832 eciam
1085 775 1206 832 cartam

110 867 241 960 ciusdem
256 868 437 933 Baldewini
452 891 514 954 que
526 876 672 932 *testatur
690 869 776 953 quod
796 868 865 954 ipse
888 869 979 934 dedit
1002 869 1107 934 eidem
1130 869 1206 935 Phi-

109 971 199 1056 lippo¹
223 973 359 1036 heredca
379 972 518 1058 predicti
541 972 676 1036 Robcrti
697 972 739 1036 de
759 972 910 1059 Tintagel
929 973 971 1036 ad
986 973 1206 1038 maritandum

109 1082 137 1137 et
150 1074 322 1138 custodiam
339 1075 443 1139 tocius
458 1082 542 1139 terre
558 1097 621 1159 que
637 1075 700 1139 fuit
712 1075 856 1140 eiusdem
868 1076 1011 1154 Roberti,
1021 1076 1108 1141 unde
1119 1075 1206 1140 idern

107 1177 268 1264 Philippus
288 1178 368 1244 dicit
391 1179 477 1265 quod
501 1178 704 1243 Boldewinua
726 1201 894 1264 nunquam
917 1179 1032 1244 habuit
1055 1180 1206 1245 seisinam

106 1281 140 1346 de
162 1283 232 1368 ipso
256 1282 383 1360 herede,
407 1292 459 1348 eet
483 1284 569 1347 idem
593 1283 765 1370 Philippus
791 1284 892 1349 habet
915 1284 1094 1348 custodiam
1121 1295 1206 1349 terre

106 1384 243 1449 eiusdem
258 1385 403 1462 Roberti,
418 1395 453 1451 et
468 1387 528 1451 hac
543 1386 671 1451 racione
686 1389 805 1452 clamat
826 1387 1005 1453 custodiam
1022 1388 1149 1453 heredia
1164 1387 1206 1452 ad

105 1512 177 1576 opus
191 1491 286 1554 Dom.
304 1490 410 1576 Regia

162 1593 204 1658 Et
220 1593 329 1680 Rogas
343 1593 424 1658 dicit
439 1593 525 1679 quod
540 1594 747 1658 Baldewinua
766 1617 881 1659 reuera
900 1618 1068 1682 nunquam
1089 1596 1206 1660 habuit

104 1697 247 1761 eeisinam
271 1696 311 1761 de
338 1696 464 1773 herede,
490 1717 550 1762 nec
575 1697 699 1782 aliquid
722 1698 844 1782 profert
866 1697 906 1761 de
930 1698 1125 1778 Baldcwino‚
1148 1721 1206 1784 per

104 1800 180 1884 quod
196 1808 377 1864 carentum
392 1799 512 1864 habeat
527 1799 568 1863 de
583 1800 731 1864 custodia
744 1800 833 1864 illius
848 1800 974 1865 heredia
990 1809 1050 1865 etc.

161 1903 203 1967 Et
217 1903 299 1989 quia
313 1911 450 1990 uterque
470 1926 582 1968 eorum
602 1904 765 1991 cognoscit
785 1904 872 1989 quod
893 1905 1100 1970 Baldewinus
1122 1928 1205 1970 nun·

104 2030 192 2092 quarn
214 2008 334 2073 habuit
348 2008 499 2072 aeisinam
515 2008 556 2073 de
570 2009 717 2073 custodia
732 2008 877 2073 eiusdem
893 2008 1029 2086 heredia,
1044 2008 1204 2074 concider-

102 2122 185 2176 atum
208 2112 368 2198 estquod
387 2111 568 2178 DomRex
591 2112 711 2177 habeat
733 2112 885 2177 aeisinam
907 2135 1000 2176 auam
1022 2113 1063 2178 de
1085 2111 1204 2178 herede

101 2216 159 2285 illo.
169 2227 202 2282 et
213 2224 405 2303 preceptum
418 2225 468 2282 eat
480 2217 586 2281 eidem
598 2217 705 2303 Roges
714 2216 801 2303 quod
814 2217 934 2281 habeat
943 2217 1037 2282 illum
1052 2217 1204 2282 heredem

100 2319 298 2386 liberandum
314 2322 407 2386 Dom.
423 2321 508 2408 Regi
523 2321 583 2385 tali
598 2320 650 2385 die
666 2329 726 2384 eta

61 2475 70 2489 ,.
157 2424 361 2489 ¹(lilebertua
390 2424 431 2489 de
461 2424 683 2490 Couelindena
711 2430 746 2488 et
775 2423 884 2509 plures
914 2423 986 2488 alii⁸
1014 2424 1204 2490 summoniti
1315 2481 1322 2493 .

100 2528 226 2593 luerunt
256 2527 299 2593 ed
327 2527 586 2614 respondendum
616 2527 718 2593 Priori
747 2526 787 2593 de
815 2527 964 2594 Mertona
989 2527 1119 2593 domino
1145 2551 1204 2594 ouo

100 2654 192 2717 quare
207 2656 275 2697 non
290 2633 414 2697 faciunt
430 2633 536 2697 eidem
552 2632 654 2697 Priori
668 2632 918 2700 consuetudines
939 2639 973 2696 et
988 2633 1125 2697 comicia
1139 2655 1203 2719 que

99 2736 127 2799 ei
141 2737 245 2801 facere
260 2745 320 2802 etc
336 2735 377 2800 dc
392 2736 588 2801 tenementis
603 2758 666 2821 que
681 2735 721 2800 de
737 2758 775 2799 eo
790 2744 905 2801 tenent
925 2736 959 2801 iu
974 2736 1150 2824 uillenagio
1164 2745 1203 2801 ut

98 2840 182 2919 dicit,
192 2840 281 2906 unde
293 2841 380 2905 idem
392 2841 483 2905 Prior
493 2841 574 2906 dicit
584 2840 671 2927 quod
685 2840 808 2906 dehent
819 2841 854 2905 ei
868 2864 926 2927 per
940 2863 1062 2906 annum
1072 2849 1204 2907 tantum

99 2950 154 3008 etc.

141 3056 248 3119 [⁴Unde
263 3055 334 3105 idern
351 3055 426 3105 Prior
439 3055 503 3106 dicit
517 3056 587 3118 quod
601 3056 696 3107 debent
707 3057 732 3106 ci
742 3072 788 3119 par
799 3072 899 3106 annum
911 3057 1053 3108 doctrina
1064 3073 1112 3109 aua
1124 3074 1203 3121 quam

97 3140 212 3201 reddunt,
231 3140 332 3191 acilicct
348 3140 524 3203 unusquirqoe
540 3140 616 3190 debet
631 3140 659 3190 in
678 3146 823 3203 autumpno
841 3140 929 3190 uenire
945 3140 979 3189 ad
995 3141 1137 3202 precariam
1152 3156 1202 3204 qne

97 3223 238 3284 appellatur
257 3222 403 3285 alebedripa
425 3238 485 3272 cum
502 3226 558 3272 tota
579 3222 682 3272 familia
700 3237 747 3271 aua
766 3226 873 3283 excepta
891 3236 969 3271 uxore
989 3236 1037 3270 ana
1055 3226 1080 3271 ct
1098 3228 1202 3284 excepto

97 3302 208 3355 boario
226 3321 275 3355 auo
290 3309 316 3355 et
332 3304 427 3355 habere
443 3306 524 3355 semel
539 3305 573 3355 ad
588 3305 799 3355 manducandum
810 3320 870 3355 cum
882 3304 990 3354 ccrciaia
1003 3304 1135 3354 etiterum
1147 3304 1202 3355 sine

97 3388 208 3447 ceronio,
221 3387 485 3452 attemptanti
501 3388 633 3449 quandam
648 3390 756 3438 domum
772 3388 887 3450 quolibet
903 3402 973 3438 anno
990 3388 1135 3441 faciendam
1153 3403 1203 3450 quc

97 3475 203 3521 uocatur
213 3471 363 3545 syerhua,
377 3471 418 3521 uel
429 3472 502 3521 illam
513 3471 620 3521 domum
633 3471 711 3520 simul
721 3486 781 3520 cum
792 3470 867 3520 uliiul
878 3470 910 3519 ad
921 3469 1074 3519 eleccionem
1087 3470 1201 3521 eiusdem

97 3552 199 3613 Prioris,
217 3559 246 3603 et
265 3554 369 3605 mittere
388 3570 470 3603 unum
488 3554 621 3604 hominem
640 3553 674 3602 ad
693 3553 834 3616 precariam
854 3552 883 3601 in
903 3556 1048 3613 autumpno
1068 3567 1149 3614 usquc
1168 3554 1202 3604 ad
1295 3567 1309 3577 ¹·
1330 3550 1354 3572 ¹*

96 3650 188 3685 nonam
199 3638 260 3687 aine
271 3636 338 3698 cibo,
351 3640 377 3685 et
388 3636 457 3698 quod
468 3634 644 3699 unusquisque
656 3649 745 3685 corum
760 3632 865 3682 intersit
880 3632 908 3682 in
923 3633 1028 3695 propria
1043 3648 1154 3696 persona
1168 3634 1202 3684 ad

95 3730 202 3779 magnae
218 3717 350 3782 precariae
366 3733 426 3767 cum
443 3720 499 3768 tota
514 3717 614 3767 familia
629 3732 676 3767 aua
687 3714 801 3777 exceptis
813 3729 892 3765 uxore
903 3718 930 3764 ct
941 3718 1043 3778 pastore
1055 3730 1111 3774 auo,
1123 3720 1149 3766 ct
1160 3715 1202 3766 bis

94 3800 261 3851 manducabit
276 3800 334 3850 aine
349 3800 458 3850 ccroiaia
474 3804 501 3850 at
517 3814 576 3849 acro
592 3814 652 3849 cum
667 3797 787 3856 cerchia
804 3800 831 3847 ct
848 3796 917 3859 quod
933 3800 1101 3859 prosternant
1117 3797 1201 3848 claua-

123 3932 134 3964 ¹
150 3932 253 3996 supply
264 3934 294 3981 de
303 3933 384 3990 Pirie,
396 3932 427 3981 A.
674 3928 761 3979 beiore
771 3926 805 3977 he
816 3932 868 3977 aeta
880 3931 908 3977 to
919 3928 987 3977 work
999 3942 1033 3977 on
1044 3926 1074 3979 it.

123 3998 135 4030 ²
149 4000 181 4047 A.
192 4013 232 4047 m.
245 3999 277 4047 26
288 3997 315 4046 d.
347 3997 441 4046 Acrem
457 3994 501 4045 the
515 3996 566 4045 roll
580 3994 625 4045 thc
706 3994 717 4027 ¹
734 3994 816 4043 Thera
828 4008 871 4043 ara
882 3992 1023 4056 thirty-five
1039 3991 1202 4043 defendanta.

94 4062 163 4111 hand
180 4063 212 4111 oi
233 4062 280 4111 tha
297 4076 392 4124 percon
411 4060 469 4110 who
486 4062 561 4110 made
580 4062 625 4110 the
707 4060 718 4092 ⁴
735 4059 790 4108 The
802 4058 941 4108 note-book
953 4058 1014 4108 doec
1025 4062 1073 4108 not
1088 4057 1202 4109 describo

96 4128 222 4189 ‘amring'
235 4126 285 4176 huo
295 4127 397 4176 written
408 4126 437 4175 in
452 4126 521 4188 large
537 4126 625 4175 lettera
674 4124 719 4175 tho
730 4123 846 4185 cervices,
861 4123 908 4173 but
919 4124 980 4185 they
991 4138 1034 4173 arc
1045 4138 1074 4173 co
1084 4124 1202 4174 intereat·

95 4192 162 4242 what
178 4193 192 4241 Ι
209 4192 274 4242 read
290 4207 319 4241 aa
335 4194 468 4255 Loquetur
483 4208 576 4241 nucum
594 4193 625 4240 de
674 4190 720 4252 ing
731 4189 789 4239 that
800 4190 814 4237 1
826 4190 919 4251 supply
930 4188 1002 4238 them
1017 4189 1084 4238 irorn
1098 4188 1142 4239 the
1154 4191 1202 4239 roll

96 4260 138 4306 boc
153 4259 278 4321 capitulo.
310 4256 368 4306 ‘Phe
382 4272 440 4306 case
454 4256 478 4305 ia
494 4258 556 4317 long
573 4254 626 4305 and
674 4255 748 4304 withi
759 4257 788 4317 r[
807 4256 823 4317 ].

96 4322 117 4369 is
128 4332 155 4373 to
166 4324 198 4372 be
210 4322 377 4373 abbreviated
388 4323 422 4385 by
434 4322 581 4382 omissione,
596 4336 625 4371 oo
707 4322 718 4353 ⁶
735 4320 834 4383 Supply
840 4321 927 4383 facere
941 4318 981 4383 (P).

96 4388 138 4439 the
148 4388 255 4452 mpyiat
265 4393 335 4437 must
346 4388 414 4438 hare
421 4402 438 4437 a
446 4388 501 4437 tcllr
509 4387 572 4436 with
583 4401 625 4436 me
