3167 5075
170 1340 384 1408 ROTULUS
413 1342 475 1407 DE
504 1341 712 1407 TERMINO
745 1341 924 1409 PASOHE
953 1341 1085 1407 ANNO
1115 1341 1250 1407 REGIS
1322 1349 1380 1411 [1⁸⁸1

463 1466 467 1473 ’
501 1445 697 1511 HENRICI
728 1444 919 1511 OCTAUO.

53 1678 112 1743 944,
219 1664 437 1751 Rannulphus
452 1664 568 1731 comes
584 1663 708 1730 Oestrie
724 1672 759 1727 et
778 1662 944 1728 Lincolnie
964 1664 1181 1729 summonitus
1200 1661 1264 1728 fuit
1323 1672 1380 1713 ΗΜ

157 1767 197 1833 ad
211 1768 472 1855 respondendum
488 1768 588 1833 Elene
604 1789 667 1853 que
682 1766 745 1831 fuit
761 1788 842 1831 uxor
861 1766 1013 1832 Roberti¹
1027 1767 1069 1833 de
1090 1767 1265 1855 Stepinges

158 1892 218 1955 quo
232 1880 376 1936 waranto
392 1894 426 1936 se
441 1878 533 1935 tenet
547 1870 583 1934 in
598 1870 700 1935 tercia
714 1878 807 1956 parte
822 1870 840 1933 l
857 1892 918 1936 acr.
934 1878 1020 1937 terre
1035 1871 1071 1936 in
1090 1871 1266 1958 Stepinges

158 1973 205 2038 ‘et
219 1998 333 2041 uersus
347 1975 456 2062 plures
470 1974 550 2039 alios
564 1972 677 2037 eodem
697 1972 809 2037 modo'
827 1995 908 2059 quas
928 1974 1044 2039 tercias
1064 1983 1172 2061 partes
1192 1997 1264 2061 pre-

157 2076 241 2143 dicta
270 2078 376 2143 Elena
404 2076 559 2142 clamauit
584 2076 619 2141 in
644 2076 755 2141 dotem
784 2098 826 2141 ex
855 2076 940 2142 dono
965 2078 1104 2164 predicti
1127 2078 1266 2144 Walteri

157 2182 319 2267 quondam
334 2182 398 2247 uiri
413 2182 464 2247 sui
479 2202 593 2247 uersus
609 2180 807 2247 Gilibertum
821 2181 863 2246 da
878 2181 1139 2269 Bcningworthe,
1153 2190 1188 2247 et
1206 2183 1265 2270 qui

157 2285 246 2350 uenit
266 2286 306 2350 in
328 2286 451 2351 curiam
477 2284 570 2350 Dom.
599 2284 699 2371 Regis
725 2292 759 2350 et
785 2284 904 2349 obiecit
926 2284 1032 2350 eidem
1055 2285 1156 2350 Elene
1178 2284 1266 2372 quod

156 2388 276 2453 nullam
292 2388 405 2453 dotem
420 2387 496 2453 inde
511 2387 630 2452 habere
646 2386 760 2453 debuit
775 2408 814 2451 eo
828 2387 915 2473 quod
932 2410 1100 2475 nunquam
1114 2388 1178 2453 fuit
1192 2410 1266 2475 pre·

155 2491 238 2558 dicto
251 2492 402 2559 Waltero
422 2491 624 2578 desponsata,
639 2499 673 2557 et
692 2490 741 2557 ita
761 2491 848 2579 quod
865 2492 993 2580 loquela
1007 2492 1064 2558 illa
1077 2492 1267 2560 transmissa
1409 2508 1413 2516 ·

156 2597 216 2662 fuit
235 2597 279 2662 ad
301 2597 425 2662 curiam
445 2595 670 2661 cristianitatis
694 2595 751 2660 ubi
770 2595 842 2682 ipsa
861 2597 1023 2682 sponsalia
1036 2619 1096 2662 sua
1112 2595 1265 2684 probauit

155 2701 236 2767 sicut
265 2709 397 2767 constat
426 2709 461 2766 et
490 2709 584 2788 patet
612 2723 671 2787 per
700 2700 828 2766 litteras
853 2700 1004 2787 Episcopi
1035 2700 1265 2768 Oouentrensis

154 2813 305 2890 patentes
319 2813 379 2871 etc.

215 2910 260 2974 Et
276 2909 396 2976 Comes
410 2910 503 2974 uenit
518 2917 554 2976 et
567 2909 648 2974 dicit
654 2908 750 2995 duod
764 2908 872 2973 habet
880 2916 1000 2974 terram
1020 2908 1110 2972 illam
1125 2931 1165 2973 ex
1180 2906 1265 2972 dono

83 3081 88 3088 ,
153 3013 291 3098 predicti
306 3013 457 3080 Giliberti
470 3035 529 3100 per
543 3022 666 3080 cartam
680 3036 773 3079 snam
789 3021 825 3078 et
835 3013 1019 3090 indeuocat
1031 3012 1074 3079 ad
1084 3021 1266 3078 warantum

155 3116 358 3183 willelmum
372 3117 478 3184 filium
498 3125 533 3183 et
553 3117 705 3183 heredem
725 3116 865 3203 predicti
885 3116 1046 3195 Giliberti,
1060 3116 1118 3204 qui
1133 3139 1265 3203 presens

154 3227 201 3285 est
222 3229 259 3286 et
281 3221 446 3308 cognoscit
467 3229 590 3288 cartam
612 3221 702 3286 illam
722 3229 757 3286 et
776 3220 899 3286 donum
918 3220 1021 3307 patris
1041 3221 1101 3300 sui,
1116 3228 1167 3286 set
1184 3219 1265 3285 dicit

155 3325 238 3410 quod
252 3334 349 3412 pater
362 3347 440 3391 suus
454 3323 604 3390 uendidit
618 3332 738 3390 terram
753 3347 847 3390 suam
861 3331 965 3389 totam
980 3323 1029 3389 ita
1043 3323 1129 3410 quod
1147 3345 1263 3409 parum

155 3427 184 3492 ei
196 3427 355 3494 remansit
369 3428 410 3494 de
424 3428 608 3494 hereditate
623 3428 798 3515 patrissui,
813 3436 848 3494 et
863 3427 892 3493 si
906 3428 995 3493 curia
1013 3427 1267 3492 considerauerit

155 3529 239 3615 quod
268 3551 367 3617 super
394 3531 455 3596 hoc
484 3530 603 3596 debeat
631 3530 838 3596 warentirare
864 3537 984 3596 terram
1010 3529 1100 3594 illam
1126 3529 1267 3594 libenter

156 3633 384 3702 warantizabit.
1295 3707 1302 3718 ,

218 3738 264 3804 aa
293 3738 372 3825 qua
400 3738 580 3805 olianus
609 3739 673 3804 rue
702 3739 738 3806 n
762 3739 882 3805 anna
903 3739 945 3805 aa
974 3738 1128 3826 pauca
1157 3738 1267 3805 amin
1300 3721 1305 3732 '

158 3841 304 3926 partibus
325 3842 379 3908 die
400 3865 466 3930 quo
491 3842 563 3930 ipsa
586 3866 662 3910 eum
685 3843 893 3931 inplacitauit
918 3852 954 3909 et
979 3843 1065 3931 quod
1090 3843 1210 3909 obiecit
1235 3841 1267 3907 ei

157 3943 240 4029 quod
255 3967 321 4010 non
336 3944 400 4010 suit
414 3945 609 4032 desponsata
623 3955 657 4012 et
671 3947 743 4034 ipsa
757 3947 950 4012 nominatim
964 3947 1051 4034 petit
1062 3947 1135 4012 illas
1150 3947 1267 4012 tercias

158 4057 265 4132 partes
293 4049 328 4115 in
357 4050 468 4116 dotem
498 4050 747 4118 consideratum
777 4050 939 4138 estquod
965 4051 1037 4137 ipsa
1060 4050 1267 4137 recuperauit

35 4212 36 4216 ,
159 4152 308 4219 saisinam
323 4178 415 4221 suam
430 4155 471 4221 de
486 4155 640 4242 predictis
655 4155 764 4221 terciis
779 4154 927 4242 partibus
942 4163 981 4220 ut
1001 4154 1043 4220 de
1063 4154 1139 4220 dote
1158 4176 1218 4218 sua
1232 4161 1267 4219 et

160 4259 243 4342 quod
254 4259 438 4326 Willelmus
454 4261 551 4326 faciat
566 4260 763 4326 escambium
778 4259 886 4324 eidem
897 4257 1018 4325 Oomiti
1033 4257 1075 4323 ad
1086 4256 1266 4322 ualenciam

326 4403 443 4456 1(lalled
454 4404 554 4455 Walter
564 4404 654 4456 below.
796 4403 836 4437 Η
850 4403 944 4455 Words
954 4401 1104 4467 misplaced.
1228 4427 1231 4431 ν

247 4517 283 4565 rr.
306 4518 355 4570 111.
1160 4505 1177 4564 1
