3167 5075
352 399 586 462 mensurnis,
609 396 683 457 nn.¹
699 381 793 461 1217,
816 399 880 449 nn
904 388 997 451 1-2.
1162 389 1227 454 329

129 570 236 637 tressis
258 592 321 658 que
339 571 429 637 illem
447 572 682 639 concessionem
702 573 749 638 eis
763 572 940 639 confimat.
983 574 1028 638 Et
1043 573 1226 641 Willelmus

127 676 307 761 dicitquod
329 684 416 741 corte
440 676 496 741 ille
520 678 550 742 ei
575 699 641 741 non
663 676 785 741 debent
809 698 932 755 nocere,
954 677 1032 763 quis
1052 686 1225 764 postquem

127 800 229 843 omnes
256 787 345 844 carte
374 779 429 845 ille
459 789 493 845 et
522 780 716 846 nominatim
750 795 842 845 certo
869 804 968 867 quom
997 781 1134 867 protulit
1161 783 1224 849 sub

71 963 75 967 ⁸
126 882 245 949 nomine
267 884 371 970 petris
392 884 459 949 sui¹
479 884 682 973 presenteuit
703 884 792 950 idem
814 884 961 972 Rogems
979 894 1073 971 poter
1089 909 1168 951 suus
1182 887 1224 952 ad

126 986 282 1053 ecclesiam
297 988 387 1053 illem
402 988 467 1054 scil.
483 990 623 1054 eundem
638 989 839 1054 Willelmum
859 989 939 1055 dum
954 989 1088 1055 clericus
1102 990 1175 1068 fuit,
1189 999 1225 1056 et

125 1100 227 1176 postea
240 1116 317 1158 cum
331 1100 425 1179 pater
439 1116 516 1158 suus
536 1092 667 1158 obiisset
683 1101 717 1159 et
731 1092 801 1179 ipse
816 1092 909 1158 fieret
923 1093 1025 1170 miles,
1040 1093 1127 1159 idem
1141 1094 1224 1159 Wil-

125 1196 230 1263 lclmus
251 1197 455 1283 presenteuit
475 1220 644 1283 personam
662 1220 726 1283 que
742 1196 859 1262 ultimo
874 1198 966 1273 obiit,
978 1197 1045 1263 scil.
1058 1198 1223 1285 Rogemm

124 1301 173 1385 qui
183 1300 300 1366 ultimo
314 1300 395 1366 obiit
407 1309 441 1366 et
453 1300 540 1366 idem
550 1300 734 1365 Willelmus
749 1300 916 1365 ecclesiam
930 1301 1021 1367 illem
1035 1301 1221 1388 resignouit

125 1406 161 1470 Et
182 1406 271 1471 Prior
294 1406 375 1471 dicit
400 1406 487 1492 quod
509 1405 630 1471 iniuste
653 1404 734 1469 dicit
756 1405 940 1471 Willelmus
963 1429 998 1471 se
1022 1414 1223 1491 presentasse

123 1510 251 1575 eundem
267 1511 443 1596 Rugosum,
458 1510 537 1596 quis
550 1510 620 1596 ipse
635 1509 726 1574 Prior
745 1510 885 1575 eundem
907 1509 1072 1597 Rogemm
1093 1532 1221 1596 presen-

122 1615 207 1693 t'cuit,
221 1624 256 1681 et
280 1615 357 1680 inde
379 1615 500 1701 profert
522 1614 648 1679 litteras
670 1613 816 1679 eiusdem
833 1612 992 1677 Willelmi
1012 1613 1054 1678 de
1075 1613 1222 1679 Arderne

121 1742 177 1803 que
203 1718 327 1785 directe
359 1720 493 1783 fuerunt
523 1718 562 1785 G.
593 1718 807 1785 Couentrensi
837 1715 1010 1803 Episcopo'
1038 1718 1074 1782 in
1103 1718 1222 1803 quibus
1273 1792 1277 1801 ¹

121 1822 298 1887 continetur
321 1822 408 1908 quod
431 1822 500 1908 ipse
524 1822 559 1887 in
580 1844 715 1887 manum
735 1822 778 1887 Η.
803 1819 1033 1887 Couentrensis
1056 1820 1223 1907 Episcopi⁸
1292 1868 1298 1879 .

120 1926 343 2010 predecessoris
378 1926 480 2012 ipsius
510 1926 547 1991 G.
578 1925 757 2012 resigmuit
791 1933 900 1990 totum
928 1924 980 1989 ius
1008 1947 1105 1989 suum
1135 1924 1222 2011 quod

120 2030 225 2097 habuit
249 2031 286 2095 in
309 2030 444 2095 ecclesis
465 2030 506 2094 de
528 2030 697 2095 Hamtono
717 2029 752 2094 in
775 2029 922 2095 Arderne
946 2038 981 2094 et
1002 2028 1066 2094 iuri
1087 2052 1147 2095 suo
1170 2052 1221 2095 re-

119 2135 289 2213 nuneisuit,
320 2156 384 2221 quo
421 2134 516 2211 fecto,
545 2133 722 2219 Episcopus
759 2133 925 2199 ecclesiam
960 2134 1050 2199 illem
1081 2135 1221 2201 contulit

120 2236 235 2324 Rogero
273 2238 389 2304 clerieo
425 2238 518 2303 fratri
554 2237 656 2324 ipsius
685 2237 842 2302 Willelmi
874 2237 916 2302 nd
944 2238 1219 2323 presentocionem

120 2343 227 2409 Prioris
251 2344 294 2409 de
325 2342 571 2420 Kenillewrthe,
598 2342 640 2407 od
666 2364 766 2428 quem
795 2340 930 2406 eeclesia
957 2340 1015 2406 ills
1043 2341 1221 2408 dinoscitur

118 2447 278 2531 pertinere.
326 2447 370 2511 Et
392 2444 578 2511 Willelmus
603 2445 749 2511 defendit
773 2444 861 2531 quod
882 2444 1009 2509 litteras
1032 2444 1104 2510 illes
1124 2469 1220 2511 num·

119 2553 300 2636 quemfecit
320 2574 381 2617 neo
403 2551 547 2638 sigillum
570 2573 666 2616 suum
688 2550 849 2636 opposuit,
863 2573 924 2616 nec
945 2549 1028 2615 illud
1049 2552 1220 2617 mandauit

117 2657 275 2744 Episcopo,
290 2657 401 2722 ethos
416 2655 562 2721 defendit
579 2663 676 2741 prout
696 2654 786 2719 curia
805 2653 1056 2720 considerauerit
1076 2663 1111 2721 et
1133 2656 1219 2744 petit

116 2762 238 2826 essisem
252 2783 356 2826 suam.
401 2760 481 2825 Dies
494 2759 592 2826 dotus
606 2767 656 2824 est
670 2766 730 2824 etc.
751 2756 756 2844 Ι

55 2861 86 2926 53.
172 2866 283 2932 Assiss
304 2863 399 2930 uenit
420 2863 626 2950 recognitum
648 2862 721 2950 quis
749 2862 927 2928 aduocatus
956 2873 1101 2950 tempore
1129 2864 1219 2952 pacis
1348 2947 1354 2960 ⁸

115 2970 309 3053 presentauit
324 2969 476 3034 ultimam
491 2989 660 3054 personam
675 2967 718 3032 nd
733 2966 917 3032 ecclesiam⁴
936 2991 1000 3053 que
1019 2977 1149 3035 mortua
1167 2979 1217 3036 est

115 3074 151 3137 nd
171 3073 338 3143 ecclesiam
361 3073 403 3138 de
424 3073 568 3138 Bertono
589 3093 653 3157 que
674 3079 771 3140 uocat
786 3079 847 3136 etc
862 3071 956 3137 cuius
969 3073 1218 3142 aduocscionem

114 3177 231 3244 Alanus
252 3179 295 3244 de
314 3178 458 3243 Bertons
477 3176 596 3241 clamat
611 3197 724 3240 uersus
739 3174 882 3240 Priorem
897 3175 938 3240 de
953 3176 1128 3242 Meretons.
1174 3179 1218 3243 Et

114 3281 272 3349 sciendum
295 3281 382 3367 quod
404 3279 545 3367 quedam
575 3279 675 3350 assisa
699 3279 820 3350 ,ultime
848 3281 1100 3365 presentocionis
1127 3283 1218 3368 prius

114 3395 202 3472 capto
216 3387 280 3452 fuit
296 3387 332 3451 in
347 3385 438 3450 curia
451 3385 545 3450 Dom.
561 3383 661 3470 Regis
676 3383 762 3449 inter
777 3406 832 3448 eos
845 3383 886 3448 de
902 3385 1015 3449 eadem
1031 3386 1164 3457 ecclesie
1182 3397 1217 3453 et

113 3489 274 3556 iusticimii
288 3513 355 3555 non
369 3496 548 3575 potuerunt
563 3486 733 3552 certificari
747 3487 789 3552 ad
810 3509 908 3572 quem
928 3488 1145 3574 predictorum
1166 3490 1217 3556 ius

113 3594 313 3677 presentandi
336 3592 515 3679 pertineret
539 3614 597 3678 per
619 3598 858 3655 sacromentum
881 3590 1068 3668 iuratorum,
1086 3601 1121 3658 et
1143 3593 1217 3658 ideo

113 3699 344 3764 consideratum
374 3697 438 3762 fuit
468 3695 554 3782 quod
583 3695 639 3781 xij.
669 3701 738 3759 tam
767 3694 889 3760 milites
918 3718 1017 3781 quam
1041 3696 1100 3761 alii
1121 3697 1216 3764 liberi

113 3798 252 3870 homines
270 3799 416 3866 eiusdem
431 3796 553 3864 uisneti
568 3797 657 3862 etde
672 3796 909 3882 antiquioribus
924 3806 958 3862 et
973 3797 1216 3867 discrecioribus

112 3912 387 3970 summonerentur
408 3925 467 3989 per
487 3924 568 3988 quos
588 3901 706 3966 melius
726 3899 829 3987 possit
858 3901 1034 3968 certificari.
1080 3903 1124 3967 Et
1151 3904 1216 3991 ipsi

111 4014 267 4071 uenerunt
288 4004 342 4070 die
363 4001 526 4069 dominice
547 4009 616 4077 ete,
639 4009 673 4066 et
695 4000 848 4065 dixerunt
866 4023 963 4086 super
977 4012 1215 4069 sacramentum

111 4130 201 4173 snum
223 4111 309 4196 quod
332 4107 465 4194 quidam
487 4103 660 4171 Seusricus
689 4103 799 4168 tenuit
828 4103 994 4170 eeclesiam
1023 4105 1113 4172 illam
1142 4117 1214 4174 tots

141 4300 149 4332 ¹
165 4301 206 4350 An
217 4301 351 4352 omission.
379 4301 453 4352 After
463 4299 508 4352 the
518 4299 634 4351 chortem
716 4297 727 4330 ³
744 4297 823 4372 11th
834 4296 864 4346 of
872 4297 986 4360 Norant,
1001 4300 1172 4351 uss-1198.

112 4381 171 4416 sere
182 4367 265 4418 mede.
717 4365 728 4396 ⁴
745 4363 818 4412 omn
828 4364 862 4412 ud
873 4365 1010 4424 eccleciam.

141 4434 151 4462 ¹
167 4433 284 4495 Geoffrey
295 4431 457 4496 Muschemp.
