3167 5075
310 402 372 471 176
526 416 646 466 conen
668 414 766 477 enon,
788 415 852 465 nn.
878 400 1036 478 1235-6,
1059 416 1121 465 nn
1146 402 1195 467 20.

308 588 386 655 dum
401 588 488 654 idem
503 588 661 654 Ricardue
675 596 725 654 est
740 588 825 653 infra
839 594 970 666 etatem,
985 596 1021 652 et
1034 586 1115 654 dicit
1129 588 1215 675 quod
1234 597 1417 654 mercatum

308 690 348 756 de
376 690 527 778 Sudbyry
548 698 679 755 tenetur
701 690 848 777 quolibet
869 689 922 755 dic
944 690 1049 755 tocius
1078 690 1268 777 septimane,
1290 700 1327 756 et
1351 712 1417 754 non

309 794 409 863 dietat
424 794 487 861 nisi
501 817 559 881 per
573 794 654 861 duee
669 795 776 861 leucae
791 794 833 859 de
853 795 1052 874 Melefordin,
1068 804 1103 861 et
1117 794 1203 882 petit
1217 794 1305 881 quod
1320 794 1416 860 Dom.

308 900 379 965 Rex
405 908 517 965 teneat
541 908 642 965 terras
670 899 772 987 ipsius
803 899 951 967 Comitis·
969 900 1004 966 in
1034 900 1146 966 codem
1174 907 1262 965 stetu
1287 900 1324 965 in
1353 922 1417 986 quo

308 1006 441 1071 fuerunt
456 1004 585 1092 quondo
599 1004 671 1070 illes
686 1004 808 1091 recepit
823 1011 858 1069 et
873 1003 1052 1069 custodiam
1068 1004 1251 1069 eorundem.

351 1120 354 1125 '
374 1110 418 1174 Et
440 1108 552 1175 Abbas
575 1109 659 1174 sicut
678 1107 768 1194 prius
787 1106 868 1172 dicit
888 1108 974 1194 quod
987 1108 1070 1173 illud
1085 1107 1210 1173 leuauit
1225 1107 1267 1173 de
1281 1106 1418 1173 licencia

165 1250 166 1253 ¹
308 1213 400 1279 Dom
425 1213 525 1299 Regis
546 1236 605 1299 per
625 1219 747 1277 certem
777 1233 870 1276 suum
896 1218 931 1275 et
957 1234 1033 1276 eum
1058 1211 1135 1278 inde
1161 1220 1257 1277 uocet
1282 1211 1326 1277 ad
1353 1234 1416 1277 we-

307 1325 448 1393 rentum,
473 1322 508 1380 ct
532 1315 613 1381 dicit
641 1313 727 1401 quod
756 1322 933 1401 antequam
960 1322 1139 1379 mercatum
1168 1314 1200 1380 ei
1229 1336 1415 1379 conoessum

308 1421 372 1486 fuit
386 1441 444 1507 per
464 1426 587 1485 certem
606 1419 700 1484 Dom
717 1417 818 1506 Regis
832 1417 1038 1484 uendebetur
1051 1419 1099 1485 ibi
1113 1419 1207 1507 penis
1228 1428 1264 1485 et
1277 1419 1418 1485 ceruisin

307 1532 369 1591 etc.

372 1628 489 1692 Postea
513 1624 601 1713 apud
626 1623 953 1691 westmonasterium
978 1648 1085 1692 coram
1108 1627 1200 1692 Dom.
1224 1628 1317 1715 Rege
1338 1626 1418 1715 quia

308 1740 465 1798 testatum
488 1738 538 1796 est
560 1728 647 1816 quod
668 1728 749 1795 uilla
769 1729 810 1795 de
833 1730 1024 1797 Melefordiu
1045 1754 1109 1797 non
1131 1730 1257 1797 differt¹
1271 1731 1336 1797 nisi
1358 1754 1418 1819 per

308 1836 388 1902 dues
412 1834 534 1901 leucus¹
554 1834 595 1899 de
617 1834 711 1901 clare
732 1842 766 1899 et
786 1833 828 1899 de
849 1834 1019 1922 Suthbiry,
1032 1843 1068 1901 et
1086 1835 1160 1902 ideo
1180 1835 1315 1901 uidetur
1328 1836 1417 1922 quod

308 1941 454 2006 leuatum
484 1938 528 2004 eit
557 1937 599 2003 ed
629 1944 861 2003 nocumentum
887 1938 1104 2025 predictorum
1133 1948 1358 2018 mercatorum,
1381 1948 1418 2005 et

307 2052 456 2130 preterea
470 2041 547 2129 quio
561 2040 648 2106 idem
664 2039 824 2105 Ricnrdue
839 2048 890 2105 est
904 2040 989 2105 infra
1008 2048 1131 2106 etatem
1152 2050 1187 2107 et
1206 2043 1336 2108 nullum
1351 2042 1417 2108 fuit

308 2155 487 2214 mercatum
502 2145 589 2233 opud
604 2144 828 2210 Melefordinm
843 2167 928 2210 anno
942 2153 978 2210 et
992 2144 1045 2211 die
1060 2168 1125 2232 quo
1146 2154 1240 2232 poter
1253 2169 1334 2213 suus
1353 2147 1418 2213 fuit

307 2254 405 2320 uiuus
429 2262 464 2319 et
485 2260 632 2317 mortuus
653 2272 713 2315 nec
734 2248 858 2336 aliquid
880 2248 979 2314 debet
998 2249 1227 2316 immutando
1246 2259 1337 2316 stetu
1358 2274 1419 2316 suo

308 2356 464 2443 quamdin
478 2354 521 2421 sit
540 2355 625 2420 infra
644 2362 775 2430 etatem,
790 2360 825 2416 et
847 2352 924 2439 quio
945 2353 1132 2419 continetur
1153 2353 1188 2419 in
1209 2362 1301 2419 curto
1322 2355 1417 2420 Dom

307 2460 408 2550 Regis
422 2459 508 2548 quod
522 2457 708 2524 conceditur
723 2457 754 2522 ei
765 2456 890 2522 Abbati
902 2466 1080 2524 mercatum
1093 2457 1180 2546 opud
1192 2458 1417 2524 Melefordium

307 2565 369 2630 nisi
384 2565 427 2631 sit
441 2563 483 2629 ed
497 2571 728 2628 nocumentum
743 2562 924 2628 uicinorum
939 2573 1162 2642 mercatorum,
1176 2563 1418 2631 consideratum

308 2679 358 2736 est
378 2669 464 2756 quod
484 2675 662 2734 mercatum
683 2667 723 2733 de
746 2667 936 2732 Melefordiu
956 2675 1180 2755 prostemntur
1199 2677 1234 2734 ct
1249 2667 1363 2734 Abbus
1381 2669 1417 2735 in

213 2761 218 2770 ¹
307 2770 529 2838 misericordie.
551 2770 556 2856 Ι

372 2873 483 2940 Aesica
508 2872 601 2938 uenit
626 2872 832 2960 recognitum
856 2873 929 2960 quis
953 2872 1131 2939 eduocotun
1157 2883 1303 2960 tempore
1329 2876 1419 2962 pacis
1556 2904 1557 2919 ι

307 2979 509 3067 presenteuit
529 2978 679 3044 ultimam
700 2999 869 3064 personam
889 2999 952 3064 que
972 2985 1102 3042 mortua
1120 2985 1171 3042 cet
1186 2976 1228 3043 ad
1248 2978 1418 3044 ecclesium

309 3085 349 3150 de
380 3084 574 3160 Halestowc‚
602 3104 666 3169 que
695 3089 792 3148 uacat
820 3091 860 3146 ut
889 3082 1017 3160 dicitur,
1046 3083 1139 3148 cuius
1167 3081 1417 3149 uduocucionem

309 3187 468 3254 Redulfus
483 3186 569 3251 filius
583 3185 734 3250 Nicholei
748 3193 782 3251 et
798 3185 997 3272 Regineldus
1016 3185 1058 3251 de
1078 3186 1232 3252 Meeudre
1252 3195 1288 3253 et
1309 3187 1421 3254 Isolda
1555 3198 1556 3221 ³

311 3315 391 3360 uxor
404 3292 474 3358 eius
489 3292 630 3358 clament
645 3313 757 3356 uersus
771 3289 981 3354 Abbatissum
997 3289 1028 3356 S.
1045 3289 1211 3376 suplicii·
1225 3299 1286 3356 etc
1555 3278 1556 3317 i

375 3398 418 3462 Et
432 3395 609 3462 Abbatisso
622 3395 714 3460 uenit
730 3403 765 3458 et
784 3393 865 3459 dicit
885 3393 972 3479 quod
992 3393 1132 3479 quedem
1158 3394 1335 3462 Abbatieoe
1353 3421 1419 3485 que

309 3501 371 3567 fuit
393 3509 470 3567 ente
492 3522 564 3567 eam
587 3498 789 3586 presenteuit
810 3497 852 3563 od
878 3499 1014 3564 eandem
1044 3500 1211 3566 ecclesiam
1241 3503 1419 3588 quemdam

307 3605 528 3671 Thurbertum
547 3604 605 3691 qui
627 3603 743 3668 ultimo
765 3603 847 3668 obiit
869 3626 1005 3691 persone
1024 3603 1061 3670 in
1082 3605 1195 3671 eadem
1218 3605 1362 3684 ecclesie,
1382 3618 1420 3674 et

308 3711 383 3778 inde
406 3711 528 3798 profert
549 3709 675 3774 litterae
697 3707 868 3775 Benedicti
887 3709 1053 3796 quondum
1074 3710 1234 3776 Roffensin
1248 3711 1421 3799 Episcopi⁴
1554 3714 1555 3721 ’

308 3839 371 3903 que
401 3814 461 3880 hoc
490 3819 660 3878 testantur.
705 3810 796 3876 Dicit
824 3811 927 3878 eciam
961 3811 1048 3899 quod
1081 3813 1208 3901 prefate
1239 3815 1422 3884 Abbatiaee

308 3919 511 4010 presentuuit
534 3927 611 3984 ante
636 3917 744 4004 ipsum
766 3917 964 3984 'I'urbertum
987 3918 1149 4004 quendam
1171 3918 1355 3985 Robertum
1376 3921 1421 3986 ed
1553 3998 1554 4003 ἵ

310 4025 446 4094 eundem
461 4023 628 4090 ecclesium
643 4021 699 4108 qui
714 4021 756 4088 ad
770 4022 1046 4108 presentacionem
1061 4045 1154 4088 sunm
1169 4023 1234 4088 fuit
1247 4023 1421 4104 ndmimns,
1553 4014 1554 4067 ἶ

310 4129 389 4217 quie
417 4125 589 4214 aliquando
619 4124 684 4190 fuit
719 4125 885 4191 contencio
919 4124 1007 4190 inter
1039 4125 1143 4212 ipsum
1177 4132 1213 4190 et
1241 4126 1421 4211 quemdam
1553 4136 1554 4145 ’

344 4341 577 4456 Ιῦοπλίεωες)
888 4337 989 4392 dimo
1016 4339 1046 4389 of
1069 4338 1183 4390 chnee
1217 4338 1289 4391 Gnll.
1314 4339 1418 4396 <ihm
1552 4404 1553 4409 ἵ

344 4407 571 4460 ’SeeBr.i.28.
888 4405 939 4457 vol.
952 4407 992 4468 14,
1005 4406 1054 4457 col.
1067 4405 1123 4458 786.
1552 4430 1553 4461 t

345 4475 395 4524 ’Δ
417 4471 583 4523 Benedictine
605 4483 726 4535 nunnery
745 4469 773 4520 in
793 4469 838 4520 the
922 4470 1121 4522 mulo-mo.
