3167 5075
331 404 396 467 254
550 413 668 468 consu
689 412 789 480 anan,
811 418 875 469 an.
895 401 1059 480 raet-o,
1080 419 1144 469 aa
1167 406 1217 471 22·

329 590 424 657 istius
452 588 571 657 Prioris
599 592 761 679 quendam
790 592 972 658 Rcbertum
1001 592 1059 679 qui
1086 593 1130 659 ad
1158 592 1427 680 praenucioncm

328 716 420 762 suam
449 694 513 763 fuit
541 695 700 761 admissus
729 696 772 763 ad
800 696 946 775 eandem,
978 706 1014 761 et
1049 706 1125 783 post
1159 705 1297 763 mortem
1332 698 1429 784 ipsius

328 800 463 867 Roberti
492 800 695 890 presentauit
724 800 858 887 quidam
887 801 971 866 alius
999 801 1092 867 Prior
1118 800 1323 887 predecessor
1358 820 1430 867 suus

327 906 488 992 quondam
511 906 776 973 Bartholomeum
799 907 856 993 qui
877 906 919 971 ad
940 906 1218 993 presentacionem
1246 928 1340 972 suam
1370 907 1428 971 fuit

326 1010 484 1078 admissus
512 1011 555 1078 ad
583 1011 720 1077 eandem
749 1010 961 1075 medietatem
990 1010 1145 1075 soluendo
1178 1010 1254 1076 inde
1290 1032 1428 1075 annuam

327 1115 514 1201 pensionem
528 1112 665 1181 duorum
681 1113 856 1180 solidorum
868 1113 974 1179 eidem
984 1114 1095 1191 Priori,
1106 1120 1143 1179 et
1152 1120 1280 1179 mortuo
1290 1114 1430 1201 predicto

327 1219 553 1284 Bartholomeo
567 1240 642 1285 cum
656 1217 825 1284 contencio
839 1225 926 1282 esset
938 1217 1025 1283 inter
1038 1212 1215 1283 Ricardum
1227 1217 1389 1284 Comitem
1399 1226 1429 1281 et

326 1321 468 1386 Priorem
484 1321 526 1385 de
540 1320 682 1385 Binham
696 1342 795 1407 super
808 1319 926 1385 ultima
946 1320 1190 1405 presentacione
1212 1319 1255 1386 ad
1276 1320 1431 1385 medieta-

326 1434 395 1490 tem
409 1422 507 1502 illam,
522 1425 661 1490 contulit
674 1423 765 1490 illam
780 1423 993 1490 medietatem
1006 1424 1173 1489 Johannes
1193 1424 1233 1491 de
1253 1424 1341 1511 Gray
1355 1434 1431 1491 tunc

327 1528 505 1615 Episcopus
526 1528 742 1594 Neruicensis
762 1527 890 1593 racione
913 1526 1040 1593 concilii
1061 1527 1191 1594 cuidam
1213 1529 1337 1608 clerico,
1361 1540 1430 1617 post

327 1642 464 1700 mortem
479 1633 572 1699 cuius
586 1633 680 1698 uenit
695 1632 807 1697 Gwala
821 1640 901 1697 tunc
915 1632 1044 1719 legatus
1058 1639 1093 1697 et
1107 1632 1198 1697 illam
1213 1634 1354 1699 contulit
1374 1644 1430 1700 etc

392 1738 437 1804 Et
458 1738 535 1824 quia
561 1736 677 1805 Comes
706 1736 865 1802 Ricardus
893 1736 1022 1823 integre
1050 1737 1256 1822 recuperauit
1283 1738 1430 1804 seisinam

277 1848 280 1855 '
325 1841 575 1929 presentationis
597 1863 655 1906 sue
677 1862 736 1927 per
756 1840 889 1905 assisam
911 1839 1302 1925 ultime'presentacionis
1321 1864 1432 1907 uersus

201 3942 286 3992 [reos]

326 1946 469 2011 Priorem
491 1945 532 2011 de
554 1945 698 2012 Dinham
720 1953 866 2030 tempore
886 1943 988 2030 Regis
1009 1944 1170 2009 Johannis
1184 1945 1233 2010 ita
1245 1946 1332 2031 quod
1347 1945 1430 2011 idem

326 2050 417 2116 Prior
445 2070 611 2135 nunquam
641 2055 755 2136 postea
783 2048 936 2114 saisinam
965 2047 1092 2126 habuit,
1119 2047 1193 2114 ideo
1221 2050 1292 2115 sine
1318 2049 1372 2116 die
1391 2048 1431 2115 de

325 2155 434 2220 Priore
449 2154 489 2219 de
504 2152 649 2219 Dinham
664 2162 699 2218 et
713 2153 881 2239 perquirat
894 2152 957 2217 sibi
971 2151 1013 2217 de
1029 2158 1119 2218 recto
1139 2153 1168 2218 ei
1188 2154 1338 2231 uoluerit,
1357 2154 1431 2240 quia

327 2257 387 2322 hoc
401 2257 493 2322 Prior
507 2257 677 2344 cognoscit.

392 2362 437 2427 Et
465 2360 557 2427 Prior
583 2360 625 2425 de
653 2359 898 2447 Walsingeham
927 2358 1008 2424 dicit
1036 2360 1124 2446 quod
1152 2370 1325 2448 postquam
1347 2361 1429 2428 idem
1539 2387 1540 2440 3

326 2466 367 2533 R.
403 2466 519 2533 Comes
555 2466 761 2553 recuperauit
797 2464 949 2529 seisinam
985 2465 1238 2552 presentscionie
1279 2487 1338 2531 sue
1376 2488 1433 2554 per

326 2569 506 2656 predictam
529 2569 671 2647 assisam,
691 2566 782 2634 dedit
801 2568 872 2655 ipse
896 2565 1012 2634 Comes
1037 2567 1149 2633 domui
1173 2589 1231 2634 sne
1255 2569 1429 2655 predictam

327 2672 584 2750 aduocacionem,
606 2680 641 2738 et
660 2673 709 2736 ita
728 2667 815 2758 quod
833 2681 908 2758 post
927 2670 1137 2737 donacionem
1156 2672 1246 2737 illam
1266 2691 1430 2760 nunquam

328 2775 438 2863 potuit
459 2781 644 2862 presentare
666 2774 709 2840 ad
730 2775 897 2840 ecclesiam
919 2775 1010 2840 illam
1038 2783 1245 2861 preterquam
1274 2797 1370 2855 nunc,
1396 2789 1431 2842 et

330 3399 431 3485 Regis
449 3395 608 3463 Johannie
628 3407 664 3463 et
685 3407 759 3485 poet
779 3419 929 3485 guerram
950 3417 1008 3484 per
1027 3420 1129 3462 unum
1147 3419 1269 3462 annum
1285 3399 1339 3464 uel
1353 3398 1429 3462 duce

329 3501 371 3567 ad
385 3501 547 3588 quoddam
562 3501 692 3568 Pascha
727 3502 772 3566 Et
782 3502 869 3567 unde
884 3510 1043 3568 testatum
1057 3511 1108 3568 est
1122 3503 1209 3589 quod
1222 3503 1306 3568 obiit
1319 3501 1424 3568 statim

329 3615 403 3693 post
425 3627 583 3694 guerram,
628 3607 672 3670 Et
694 3615 768 3693 post
791 3605 1001 3671 donacionem
1023 3606 1114 3671 illam
1135 3607 1170 3671 in
1192 3603 1306 3672 eadem
1328 3615 1427 3672 estate

328 3711 413 3776 infra
427 3711 626 3798 quarterium
642 3711 720 3776 anui
738 3711 830 3775 misit
848 3710 935 3776 idem
951 3710 1066 3776 Comes
1086 3719 1208 3776 cartam
1225 3711 1315 3775 illam
1330 3709 1427 3776 Priori

328 3815 370 3882 de
384 3815 627 3902 Welsingehem
643 3823 678 3880 et
692 3815 854 3880 canonicis
867 3836 926 3901 per
939 3813 1113 3902 quemdam
1132 3815 1329 3880 scurientem
1343 3813 1427 3878 wu-

329 3919 392 3985 teri
401 3919 440 3984 de
451 3917 660 3984 Berdefeldia.
674 3919 678 4000 1
694 3918 738 3983 Et
749 3917 992 4004 quiaRicardus
1001 3917 1147 3984 deOlare
1157 3924 1208 3983 est
1217 3917 1425 3982 intractatam

329 4043 388 4088 nec
407 4031 516 4109 potest
537 4023 729 4108 respondere
748 4021 791 4087 ad
812 4029 935 4087 cartam
956 4022 1030 4087 ideo
1050 4022 1147 4086 datus
1168 4028 1220 4086 cat
1238 4017 1308 4086 dieo
1329 4017 1424 4086 Priori

329 4147 435 4192 coram
450 4125 542 4190 Dom.
555 4126 646 4212 Rege
662 4125 721 4190 tali
735 4125 788 4189 die
801 4134 870 4203 ete,
881 4132 917 4189 et
930 4123 1178 4189 Bartholomeus
1188 4131 1424 4188 summoneatur

329 4229 415 4315 quod
438 4237 516 4294 tuno
537 4227 582 4293 sit
602 4229 650 4296 ibi
669 4229 710 4294 ad
731 4229 967 4295 ostendendum
984 4249 1050 4314 quo
1067 4228 1226 4293 aduocato
1240 4249 1275 4293 se
1289 4235 1380 4293 tenet
1390 4226 1422 4290 in

329 4332 441 4398 eadem
466 4331 607 4398 ccclesia
652 4333 696 4398 Et
715 4332 828 4397 Abbas
847 4332 889 4396 de
912 4331 1056 4398 Derhsm
1077 4339 1323 4396 summoneatur
1342 4329 1421 4416 quod

329 4444 407 4501 tunc
427 4435 470 4500 sit
490 4434 536 4500 ibi
556 4432 598 4498 ad
614 4434 848 4500 ostendendum
869 4457 969 4520 quare
989 4434 1037 4498 ita
1052 4434 1245 4499 festinanter
1258 4443 1294 4498 et
1307 4433 1420 4520 absque

329 2880 420 2946 Prior
445 2879 608 2968 cognoscit
633 2879 719 2965 qnod
743 2901 880 2965 persona
905 2899 968 2965 que
994 2879 1113 2944 ultimo
1137 2880 1219 2944 obiit
1246 2879 1289 2945 de
1319 2879 1428 2946 eadem
1540 2902 1541 2945 i

329 2983 463 3048 ecclesia
488 2979 570 3048 obiit
594 2984 734 3069 quadam
760 2983 813 3047 die
843 2983 996 3048 Mercurii
1025 2993 1060 3049 et
1089 2983 1144 3048 ille
1173 2983 1231 3070 qui
1258 3006 1346 3050 nnnc
1373 2995 1430 3062 eat,

328 3087 502 3153 institutus
520 3088 584 3152 fuit
603 3087 656 3152 die
677 3087 839 3152 dominica
857 3088 1005 3174 proxima
1023 3097 1189 3174 sequente,
1204 3096 1238 3154 et
1252 3088 1431 3176 dicitquod

328 3190 492 3277 predictus
514 3182 672 3256 Ricardus
694 3191 812 3258 Comes
833 3191 911 3256 fecit
933 3191 979 3255 eie
1004 3191 1214 3257 donacionem
1243 3201 1280 3257 et
1308 3213 1429 3258 conoes-

329 3295 452 3360 sionem
481 3294 522 3359 de
551 3294 697 3380 predicta
725 3294 939 3360 aduocacione
976 3294 1065 3380 apud
1100 3294 1252 3382 Beeingh'
1288 3303 1429 3382 ternpore
