3167 5075
375 362 439 427 356
681 373 832 433 reruni,
853 373 917 423 nn.
941 359 1035 437 1220,
1057 371 1121 425 nn
1143 360 1172 423 4.

372 548 559 635 responderi
587 548 623 612 in
652 548 774 636 Anglia
803 548 991 634 priusquam
1017 547 1164 635 Anglicis
1188 545 1445 635 respondenturin

374 653 522 739 partibus
545 652 768 717 transmarinis
791 651 877 716 sicut
902 653 1069 737 prouisum
1096 652 1160 717 fuit
1184 675 1206 717 a
1229 651 1356 717 consilio
1377 650 1445 714 Dour

243 818 270 833 ,„
375 756 475 842 Regis
490 765 523 821 et
539 780 559 821 e
573 756 781 844 magnatibus
796 763 831 822 et
846 756 932 841 petit
946 756 1126 822 iudicium¹.

440 860 483 925 Et
500 858 635 925 Matillis
649 858 729 923 dicit
744 858 831 944 quod
846 858 918 944 ipss
932 881 990 944 per
1006 859 1211 925 uoluntatem
1227 860 1319 923 Dom.
1333 858 1414 943 Regis
1424 856 1445 920 J.

375 972 434 1027 etc
455 963 566 1029 seisits
588 973 638 1028 cst
660 962 701 1027 de
723 972 811 1027 terro
833 962 874 1028 de
896 962 1110 1029 Wottesdons
1133 972 1172 1027 ut
1195 963 1236 1028 de
1259 963 1333 1029 dote
1353 959 1447 1026 sotcd

374 1088 473 1151 quam
495 1066 614 1131 clamet
637 1066 817 1152 predictam
841 1074 960 1130 terrem
988 1066 1157 1151 pertinere,
1183 1066 1271 1131 unde
1296 1064 1410 1129 uidetur
1425 1062 1448 1124 ei

375 1170 462 1256 quod
477 1170 537 1235 hoc
557 1193 621 1235 nou
641 1170 741 1235 debet
762 1170 793 1235 ei
815 1192 937 1235 nocere.
982 1170 1074 1235 Dicit
1096 1168 1198 1234 eciem
1219 1169 1306 1256 quod
1325 1168 1387 1254 ipss
1402 1166 1449 1230 fuit

374 1273 549 1360 aliquando
572 1274 685 1339 dotato
708 1282 742 1339 et
766 1274 878 1339 seisits
899 1281 960 1340 etc.
1004 1274 1085 1355 Dies
1105 1273 1203 1339 dutus
1225 1283 1275 1339 est
1296 1273 1341 1338 eis
1358 1271 1392 1337 de
1406 1292 1449 1335 su·

376 1376 494 1441 diendo
509 1376 628 1442 iudicio
644 1400 701 1441 suo
717 1386 776 1442 cte.

243 1482 336 1550 1397.
441 1478 567 1544 'Assise
589 1479 682 1543 uenit
702 1478 908 1566 recognitum
930 1480 957 1544 si
980 1479 1144 1546 Jordanus
1166 1480 1207 1545 de
1232 1481 1265 1544 la
1287 1480 1351 1545 Tur
1371 1501 1450 1543 suun·

254 1584 320 1625 '¹¹⁶⁶-
377 1582 469 1647 culus
500 1582 635 1647 Roberti
662 1582 725 1647 fuit
755 1582 885 1647 seisitus
914 1582 949 1647 in
978 1582 1138 1648 dominico
1168 1606 1226 1648 suo
1254 1583 1296 1648 de
1323 1582 1362 1669 xj.
1389 1580 1450 1645 uuis

377 1685 462 1773 prati
489 1694 523 1750 et
546 1685 672 1751 duobus
697 1684 787 1751 solid.
810 1684 958 1751 redditus
980 1709 1056 1751 cum
1078 1686 1216 1771 pertin
1239 1684 1396 1750 Enefeldis
1412 1681 1451 1746 die

377 1810 441 1873 quo
465 1788 529 1853 iter
550 1786 775 1875 peregrinum³
801 1811 916 1853 uersus
940 1790 1079 1854 Romam
1103 1789 1241 1874 erripuit
1265 1788 1300 1853 in
1323 1810 1381 1874 quo
1400 1796 1451 1858 etc,

377 1901 412 1959 et
426 1894 454 1957 si
468 1894 532 1958 iter
546 1902 615 1969 ete,
630 1916 688 1979 per
702 1893 803 1958 breue
818 1895 861 1959 H.
873 1903 908 1959 et
922 1893 950 1958 si
965 1902 1035 1972 ete,
1051 1915 1149 1979 quem
1164 1902 1285 1958 terrum
1300 1891 1453 1957 Willelmus

377 1998 418 2062 de
434 1997 634 2063 Mendeuills
653 1998 771 2063 Comes
791 1998 923 2063 Essexie
946 2006 1047 2075 tenet,
1068 1997 1125 2082 qui
1146 1997 1241 2061 uenit
1262 2019 1319 2083 per
1338 2004 1453 2061 atterm-

377 2110 449 2171 tum
471 2124 567 2165 suum
591 2109 625 2165 et
647 2099 727 2165 dicit
753 2101 840 2187 quod
865 2100 966 2165 assisa
990 2123 1055 2165 non
1080 2100 1179 2165 debet
1204 2100 1280 2164 inde
1304 2098 1378 2176 fieri,
1396 2098 1454 2182 quio

377 2205 540 2270 Robertus
563 2205 626 2269 fuit
650 2204 685 2269 in
709 2205 828 2270 seisina
852 2204 893 2269 de
919 2213 1007 2269 term
1035 2203 1092 2268 ills
1120 2212 1291 2289 postquam
1320 2200 1455 2289 predictus

376 2309 539 2379 Jordanus
564 2308 628 2375 iter
653 2331 749 2373 suum
774 2308 912 2394 arripuit
941 2316 977 2373 et
1006 2317 1178 2394 postquem
1206 2307 1292 2373 idem
1322 2306 1456 2372 Jordnnm

378 2408 459 2474 obiit
479 2431 537 2495 per
556 2408 636 2475 duos
656 2410 725 2474 dies
747 2418 781 2474 et
803 2409 880 2475 inde
903 2409 1053 2496 producit
1076 2416 1207 2486 sectam,
1228 2417 1264 2473 et
1285 2408 1315 2473 si
1336 2407 1390 2474 hoc
1408 2426 1456 2469 non

377 2514 506 2591 sufficit,
521 2514 614 2600 ponit
629 2538 663 2580 se
678 2537 775 2600 super
789 2514 939 2581 iuratam.

444 2619 487 2684 Et
507 2619 670 2684 Robertus
691 2617 771 2682 dicit
793 2618 880 2705 quod
903 2641 1071 2705 nunquam
1094 2618 1159 2683 fuit
1181 2618 1312 2684 seisitus
1333 2618 1372 2683 de
1391 2625 1459 2681 terro

378 2723 435 2792 ills
471 2731 545 2809 post
582 2731 719 2788 mortem
757 2722 896 2808 predicti
933 2722 1078 2801 Jordani,
1114 2732 1165 2789 set
1202 2745 1318 2789 reuera
1351 2719 1457 2808 quando

378 2825 401 2890 J
403 2826 540 2892 ordeous
575 2826 638 2891 iter
672 2849 767 2891 suum
802 2827 941 2913 arripuit
976 2836 1037 2892 etc
1072 2827 1235 2892 commisit
1263 2829 1333 2914 ipse
1360 2843 1457 2891 tenum

379 2930 467 2995 illum
498 2930 741 2998 custodiendam
771 2931 901 2996 cuidam
930 2931 1073 2996 Roberto
1103 2931 1160 3018 qui
1189 2954 1266 2996 eum
1299 2932 1375 2996 fecit
1404 2949 1459 2992 cus

379 3031 488 3098 todem
516 3030 557 3097 de
584 3041 670 3096 terre
695 3032 751 3096 ills
777 3041 811 3097 et
834 3032 917 3097 bene
941 3031 1088 3097 defendit
1112 3034 1199 3119 quod
1221 3056 1385 3121 nunquam
1403 3040 1461 3116 post

379 3137 504 3210 obitum
527 3137 662 3202 Jordoni
687 3136 751 3202 fuit
775 3137 852 3203 inde
877 3137 1008 3204 seisitus
1037 3146 1072 3203 et
1096 3137 1173 3204 inde
1203 3139 1297 3224 ponit
1324 3161 1358 3203 se
1383 3154 1461 3220 super

379 3241 528 3306 iuratam.
595 3299 598 3306 .

379 3415 382 3418 ,
445 3344 489 3416 Et
503 3343 660 3410 iuratores
674 3342 794 3430 quesiti
809 3343 979 3429 perfidem
994 3366 1059 3430 que
1079 3351 1235 3409 tenentur
1249 3346 1343 3411 Dom.
1357 3337 1462 3427 Regini

379 3447 466 3512 idem
492 3447 654 3514 Robertus
683 3449 747 3512 fuit
772 3448 849 3512 inde
874 3448 1004 3513 seisitus
1029 3460 1103 3534 post
1128 3449 1257 3514 obitum
1282 3446 1412 3516 Jordsni
1431 3456 1462 3506 ut

380 3551 473 3616 heres
497 3559 530 3616 et
554 3548 588 3615 in
612 3550 705 3615 feodo
730 3560 800 3628 ete,
824 3551 938 3616 dicunt
963 3551 1050 3636 quod
1075 3551 1139 3615 suit
1161 3551 1239 3617 iude
1262 3551 1389 3618 seisitus
1407 3553 1464 3634 pust

380 3653 507 3719 obitum
528 3655 551 3719 J
552 3653 664 3718 ordeni
684 3661 723 3718 ut
742 3653 783 3719 de
804 3654 897 3719 feodo
916 3677 1092 3740 perunum
1106 3679 1230 3721 annum
1245 3666 1281 3721 et
1295 3679 1335 3722 eo
1348 3653 1466 3740 emptius

381 3765 415 3821 et
439 3757 524 3844 quod
547 3780 604 3844 pro
626 3757 756 3822 defectu
778 3757 908 3823 seruicii
930 3759 994 3824 fuit
1017 3759 1093 3825 inde
1117 3759 1307 3826 disseisitus
1352 3757 1394 3824 Et
1410 3753 1467 3821 ideo

381 3862 617 3928 consideratum
633 3871 682 3928 est
697 3863 784 3949 quod
797 3863 906 3930 iurata
919 3873 1087 3930 remaneat
1098 3873 1133 3930 et
1144 3865 1308 3930 Robertus
1323 3858 1467 3950 perquiro

381 3965 442 4032 sibi
457 3987 516 4051 per
529 3966 628 4032 breue
643 3965 684 4031 de
699 3975 797 4045 recte,
806 3975 841 4032 et
851 3967 895 4034 sit
906 3967 941 4033 in
951 3967 1171 4034 misericordie
1180 3991 1240 4055 pro
1250 3968 1331 4034 salso
1342 3968 1468 4036 elmere

381 4078 415 4134 et
431 4070 546 4135 Comes
561 4069 637 4134 inde
652 4069 720 4135 siue
736 4070 788 4136 die
805 4079 865 4138 ete.

249 4191 340 4253 1:398,
444 4171 604 4258 ‘Rogerus
626 4173 751 4258 Peyure
774 4175 895 4260 optulit
913 4197 947 4242 se
967 4175 1048 4262 iiiju
1066 4175 1119 4241 die
1137 4197 1251 4242 uersus
1265 4176 1424 4242 Abbeten
1437 4169 1469 4233 de

258 4289 324 4330 M
404 4323 422 4367 '¹
441 4333 540 4387 seem.
556 4337 573 4386 ι.
588 4338 636 4388 ιιι
647 4337 672 4388 ι.
990 4339 1002 4373 ⁸
1015 4339 1276 4403 mnasonem.

413 4402 737 4460 ¹A.m.11;13.m.6d.
990 4404 1317 4465 ‘ruminante
