3167 5075
385 370 449 432 406
689 374 840 441 ramur,
861 380 926 429 no.
951 368 1043 444 1220,
1066 382 1131 431 nn.
1156 368 1185 429 4.

254 568 348 637 1471,
450 548 576 617 ¹Assisa
589 550 682 616 uenit
696 552 902 637 recognitum
916 552 944 616 si
958 551 1106 639 Rogerus
1125 550 1167 616 de
1182 550 1354 617 Moncmue
1367 552 1466 617 iniuste

243 668 353 711 Horam
384 663 444 720 etc.
467 654 645 719 disseisiuit
673 654 856 721 Robertum
884 655 1083 743 Buteuileyn
1112 662 1147 721 et
1170 656 1333 743 Agnetcm
1355 679 1466 721 uxorem

384 758 509 824 eiusde
529 759 629 824 libero
648 766 837 826 tenemento
856 782 914 826 suo
933 760 969 825 in
990 762 1129 826 Froume
1150 768 1210 826 etc.
1232 769 1266 825 et
1285 769 1358 847 post
1377 761 1468 827 termi-

383 886 473 929 num.
516 864 561 928 Et
589 864 736 950 Rogerus
761 864 854 929 uenit
883 872 917 929 εὴ
946 862 1047 928 nichil
1076 862 1162 928 dixit
1186 886 1286 950 quare
1314 863 1409 929 assia
1431 885 1469 927 re-

384 972 537 1031 maneret

449 1069 617 1135 Juratores
630 1067 744 1135 dicunt
758 1068 845 1154 quod
860 1068 1007 1157 Rogerus
1021 1090 1087 1133 non
1101 1068 1278 1135 disseisiuit
1297 1092 1351 1135 eos
1370 1070 1469 1135 iniuste
1529 1094 1530 1103 ¹

386 1181 445 1237 etc
491 1172 535 1237 Et
559 1194 656 1259 super
676 1172 737 1238 hoc
758 1174 852 1238 uenit
870 1174 982 1259 Agnes
1002 1181 1037 1239 et
1055 1171 1136 1239 dicit
1156 1172 1243 1260 quod
1262 1182 1470 1261 postmortem

385 1276 523 1342 Walteri
541 1275 581 1341 de
602 1274 776 1340 Mawrthin
796 1275 850 1340 cui
868 1282 988 1341 terram
1009 1276 1100 1340 illam
1122 1276 1283 1342 commisit
1304 1277 1347 1342 ad
1367 1278 1472 1342 firmam

385 1381 421 1446 in
446 1381 518 1445 uita
539 1402 599 1445 sua
622 1379 686 1443 fuit
708 1379 780 1465 ipsa
804 1377 915 1444 saisita
940 1379 981 1443 dc
1005 1386 1092 1444 terra
1113 1378 1171 1444 illa
1195 1388 1231 1445 et
1255 1401 1316 1466 per
1336 1380 1472 1446 iudicium

385 1482 559 1548 comitatus
584 1481 632 1548 ita
656 1481 743 1567 quod
763 1480 841 1545 inde
863 1480 1037 1546 seminauit
1058 1481 1140 1546 duas
1160 1504 1251 1547 acras
1271 1491 1307 1548 et
1326 1482 1473 1549 residuum
1530 1534 1531 1563 ς

385 1584 513 1651 comisit
532 1584 638 1649 eidem
660 1584 786 1670 Rogero
804 1583 846 1647 ad
867 1582 1092 1649 seminandum
1113 1606 1169 1670 pro
1191 1585 1368 1651 medietate
1389 1594 1420 1650 et
1436 1586 1474 1649 ita
1530 1576 1531 1663 l

386 1690 462 1755 inde
486 1690 551 1754 fuit
573 1687 716 1774 saisita!
737 1688 781 1752 Et
807 1687 880 1752 ideo
903 1686 1000 1753 datus
1026 1695 1076 1753 cst
1100 1688 1147 1753 eis
1172 1688 1243 1755 dies
1266 1689 1308 1755 de
1332 1688 1474 1755 audiendo
1530 1682 1531 1693 ’

386 1791 506 1857 iudicio
534 1814 593 1857 suo
622 1790 665 1855 ad
693 1789 877 1876 proximum
907 1789 1100 1855 comitatum
1125 1799 1165 1855 ut
1188 1800 1269 1856 tunc
1291 1792 1410 1858 sciatur
1430 1814 1475 1877 per

386 1896 578 1962 comitatum
593 1896 622 1961 si
641 1895 758 1960 habuit
778 1894 929 1959 saisinam
950 1893 1035 1959 sicut
1055 1894 1135 1959 dicit
1155 1916 1265 1961 necne.
1310 1896 1402 1962 Idem
1421 1896 1476 1959 dies

386 2002 484 2067 datus
512 2006 563 2065 cst
593 1998 799 2077 iuratoribus,
828 1998 906 2084 quia
934 1996 962 2062 si
991 1998 1165 2063 comitatus
1194 1998 1382 2064 recordatur
1407 1998 1476 2085 quod

387 2106 503 2172 habuit
517 2104 677 2181 seisinam,
692 2111 772 2168 tunc
787 2101 1016 2188 inquirendum
1032 2110 1082 2167 est
1097 2102 1257 2188 quomodo
1272 2104 1385 2169 exiuit

450 2210 504 2275 Ad
519 2210 607 2275 diem
626 2209 720 2272 illum
740 2207 928 2272 recordatur
947 2206 1122 2271 comitatus
1141 2206 1227 2292 quod
1249 2230 1416 2293 nunquam
1431 2228 1477 2293 per
1531 2252 1532 2265 ,

386 2312 544 2379 iudicium
554 2311 728 2377 comitatus
738 2308 1093 2376 habueruntscisinam.
1117 2308 1161 2373 Et
1172 2309 1245 2375 ideo
1256 2310 1476 2376 consideratum

386 2414 537 2500 estquod
552 2414 714 2479 Robertus
728 2420 763 2476 et
777 2413 889 2498 Agnes
903 2410 1003 2475 nichil
1023 2410 1153 2495 capiant
1172 2432 1231 2497 per
1251 2411 1335 2477 hanc
1357 2411 1478 2483 assisam

387 2527 422 2585 et
435 2517 503 2584 sint
516 2517 552 2583 in
566 2514 783 2582 misericordia
798 2538 855 2600 pro
870 2514 949 2580 falso
963 2514 1125 2582 clamore’.

452 2622 612 2710 'Rogerus
649 2621 735 2686 filius
772 2619 910 2685 Galhidi
945 2643 1138 2707 cognoscens
1173 2643 1208 2686 se
1238 2643 1306 2686 esse
1339 2622 1479 2688 latronem

386 2728 530 2815 appellat
550 2725 725 2792 Ricardum
744 2723 849 2788 filium
869 2723 980 2790 Dauid
1001 2724 1042 2790 de
1064 2723 1257 2790 Herefordia
1278 2724 1317 2791 de
1343 2725 1479 2792 societate

386 2831 510 2896 scilicet
529 2831 615 2916 quod
637 2829 706 2915 ipse
725 2829 823 2894 simul
843 2851 918 2894 cum
939 2851 977 2896 eo
997 2829 1114 2895 occidit
1136 2829 1310 2915 quemdam
1331 2830 1481 2897 hominem

387 2937 480 3001 iuxta
505 2934 764 3020 Salopeshiriam‚
788 2933 838 2999 ita
862 2933 949 3020 quod
974 2935 1044 3021 ipse
1069 2935 1229 3021 percussit
1254 2959 1333 3002 eum
1359 2935 1480 3023 quodam

387 3040 518 3125 cnipulo
546 3061 619 3104 cum
650 3060 717 3103 una
745 3060 861 3104 manca
889 3039 1039 3115 ebumea‚
1065 3046 1100 3104 εὴ
1126 3038 1213 3124 quod
1237 3039 1337 3104 simul
1361 3061 1432 3104 cum
1451 3058 1482 3101 eo

386 3141 579 3230 depredauit
598 3163 701 3206 unum
721 3140 886 3206 hominem
908 3141 950 3206 ad
970 3149 1103 3228 pontem
1125 3141 1166 3206 de
1188 3142 1318 3230 Luget
1342 3149 1482 3230 cepemnt

387 3247 428 3312 de
449 3269 486 3312 eo
505 3269 658 3332 pannum,
673 3245 761 3310 unde
783 3245 900 3310 habuit
920 3245 976 3332 xij.
991 3247 1045 3310 sol.
1061 3245 1103 3310 ad
1122 3253 1251 3332 partem
1270 3269 1376 3325 suam,
1390 3255 1423 3312 et
1435 3245 1483 3310 hm

387 3350 482 3415 offert
496 3349 630 3434 probare
645 3371 759 3413 uersus
773 3370 850 3413 eum
865 3348 950 3414 sicut
965 3348 1054 3414 curia
1068 3356 1129 3414 etc

453 3455 497 3519 Et
511 3453 669 3518 Ricardus
688 3452 782 3516 uenit
802 3458 836 3516 et
857 3450 1003 3516 defendit
1025 3452 1213 3517 societatem
1236 3461 1271 3518 et
1291 3452 1483 3520 latrocinium

388 3568 424 3624 εὴ
438 3557 627 3623 occisionem
642 3565 677 3621 et
691 3563 799 3621 totum
814 3555 856 3621 de
871 3556 971 3621 uerbo
985 3555 1020 3620 in
1035 3556 1173 3622 uerbum
1190 3565 1225 3622 et
1242 3557 1338 3643 ponit
1352 3581 1388 3624 se
1401 3577 1484 3643 super

388 3661 537 3727 uillatam
552 3659 742 3726 Herefordia
756 3659 798 3724 dc
813 3659 980 3726 fidelitate
1026 3659 1070 3724 Et
1085 3659 1315 3726 malecreditur
1334 3684 1356 3728 a
1375 3661 1484 3726 uillata

389 3767 434 3831 Et
462 3766 534 3831 idco
559 3765 796 3830 consideratum
823 3772 873 3830 est
899 3765 985 3851 quod
1011 3765 1157 3831 duellum
1183 3767 1243 3832 fiat
1266 3768 1355 3834 inter
1378 3791 1438 3846 eos
1457 3775 1485 3832 et

388 3868 523 3935 ueniant
547 3867 666 3933 armati
689 3868 749 3933 tali
771 3867 825 3933 die
849 3877 910 3934 etc.
955 3867 1009 3934 Ad
1035 3891 1134 3954 quem
1158 3869 1248 3936 diem
1273 3883 1436 3938 uenerunt
1457 3877 1486 3934 ct

420 4065 477 4114 1Δ.
496 4077 531 4114 m.
554 4063 594 4113 29.
629 4061 694 4112 This
713 4061 765 4112 and
781 4061 916 4113 thethres
966 4063 1193 4116 branconwhich
1210 4065 1332 4130 thayars
1349 4067 1487 4120 toundhrs

389 4126 915 4188 nextcasesarenotcasesinthessench,
967 4127 1032 4178 been
1043 4129 1131 4180 bound
1143 4145 1178 4194 up
1189 4132 1254 4182 with
1269 4133 1314 4184 the
1330 4135 1380 4184 roll
1396 4135 1435 4184 lor
1449 4132 1486 4180 thr

389 4193 490 4243 butam
500 4207 572 4242 ossea
584 4191 664 4241 heard
679 4191 766 4242 before
782 4191 915 4243 Pateshull
966 4193 1068 4256 Trinity
1080 4199 1155 4246 term.

389 4257 442 4307 and
464 4256 578 4320 Stephon
592 4257 724 4307 Devereux
740 4261 768 4308 at
787 4257 914 4308 Hereford
997 4257 1008 4289 ¹
1025 4259 1067 4309 On
1077 4265 1188 4312 woount
1199 4261 1229 4311 ot
1238 4261 1307 4316 their
1317 4269 1425 4332 pomp
1434 4263 1486 4324 they

390 4321 471 4372 under
489 4335 506 4371 a
526 4321 693 4372 commnaion
715 4323 744 4372 of
761 4322 845 4372 assiae
861 4323 914 4373 and
965 4339 1029 4374 were
1039 4324 1226 4387 perdonans.

388 4386 728 4450 gaoldeliveryinh.R.4.
765 4387 820 4438 The
833 4403 912 4437 mem·
995 4389 1052 4441 ³A.
1067 4391 1156 4442 Mt.
