3167 5075
411 402 554 464 num,
575 401 641 451 un.
666 388 760 465 1223,
781 401 844 450 un
869 385 899 453 7.
1142 385 1205 449 469

114 579 183 644 dum
205 579 232 644 si
254 579 418 666 predictus
444 579 630 645 Gilebertue
655 578 765 643 tenuit
791 581 1017 642 tenementum
1039 597 1135 640 suum
1163 574 1204 640 de

116 683 272 770 Sturemye
293 685 334 748 de
355 683 606 768 Amhiepisoopo
628 683 787 759 Huberto,
803 689 837 747 et
859 682 890 747 ei
910 681 987 747 fecit
1007 681 1204 768 homagium,

115 795 144 850 ot
175 788 202 852 si
228 796 300 874 post
330 797 469 852 mortem
498 787 643 852 eiusdem
674 786 818 851 Huberti
848 784 1091 872 Archiepiscopi
1126 783 1204 850 fecit

114 889 284 977 homagium
306 913 403 956 suum
425 890 569 977 predicto
591 890 842 976 Archiepieoopo
865 889 1032 974 Stephano
1052 896 1086 954 et
1104 887 1204 954 semi·

114 993 189 1056 cium
202 1016 295 1057 suum
311 1002 456 1079 tempore
471 994 558 1079 pecie
572 993 627 1057 uel
642 1015 714 1058 non.

60 1088 81 1156 l·
169 1095 355 1162 ¹Durandus
381 1098 422 1162 de
449 1098 666 1163 Grenestone¹
693 1097 842 1183 quen'tur
871 1098 957 1183 quod
986 1097 1051 1162 iter
1077 1097 1204 1183 perexit
1276 1116 1298 1156 'o

112 1223 212 1266 nemus
223 1203 253 1266 S.
264 1203 288 1268 J
288 1203 425 1267 ecobum
440 1211 475 1266 et
489 1201 614 1266 dimisit
628 1224 761 1266 uxorem
776 1224 869 1266 suem
884 1202 919 1265 in
934 1201 1028 1266 domo
1044 1225 1103 1267 sue
1117 1202 1205 1288 apud

112 1304 286 1369 Norwioum
301 1329 375 1370 cum
390 1305 516 1370 catellis
530 1305 598 1370 suis
613 1305 737 1369 scilieet
751 1327 824 1370 xxx.
841 1305 957 1370 marcis
976 1305 1017 1370 ad
1039 1315 1104 1370 tres
1122 1306 1205 1370 filies

110 1431 175 1471 sues
187 1407 410 1474 consulendas⁸
431 1418 466 1473 et
488 1431 562 1473 cum
584 1408 710 1472 catallis
731 1407 798 1473 suis
820 1407 960 1472 talibus⁴
982 1416 1040 1473 etc.
1058 1416 1092 1472 et
1107 1408 1205 1473 armis

110 1513 219 1578 talibus
233 1521 305 1591 eto,
320 1513 368 1578 ibi
382 1513 476 1578 uenit
491 1512 654 1577 Henrious
668 1511 709 1576 de
724 1512 790 1576 Ver
805 1534 879 1576 oum
900 1511 935 1577 ui
954 1534 1013 1576 sua
1028 1519 1062 1576 et
1077 1512 1110 1576 in
1126 1533 1205 1597 poce

110 1615 192 1682 Dom
207 1617 307 1703 Regis
322 1625 356 1681 et
371 1617 407 1681 in
422 1616 542 1682 felonia
556 1616 693 1681 obduxit
707 1638 840 1680 uxorem
859 1638 950 1679 suam
972 1638 1069 1701 quem
1089 1614 1205 1680 hebuit

110 1743 144 1783 ex
163 1720 243 1784 dono
264 1721 296 1786 J.
319 1721 421 1808 Regis
442 1729 477 1785 et
499 1720 607 1785 omnia
628 1720 775 1806 predicta
802 1719 919 1784 catella
945 1719 1134 1805 asportouit,
1157 1719 1207 1784 ite

110 1825 185 1908 quod
208 1826 243 1889 in
267 1825 378 1890 reditu
407 1849 465 1890 suo
494 1826 535 1890 de
564 1824 825 1912 peregiinecione
854 1847 914 1889 sua
942 1823 1071 1889 inuenit
1096 1824 1204 1910 ipsum

110 1929 277 1995 Henricum
300 1931 449 1996 seisitum
470 1931 512 1996 de
534 1953 633 1995 uxore
655 1953 714 1994 sua
739 1929 777 1994 in
800 1928 916 2016 uigilia
946 1927 1205 1995 Circumcisionis

110 2031 233 2098 Domini
254 2034 318 2099 tali
339 2057 424 2099 enno
446 2043 481 2099 et
499 2034 588 2121 apud
606 2034 707 2098 telem
722 2034 844 2098 locum'
859 2041 917 2098 eto.
935 2041 968 2098 et
983 2032 1084 2097 uidit⁸
1097 2033 1204 2118 ipsum

109 2136 279 2203 Henricum
295 2139 443 2203 seisitum
458 2147 493 2203 et
507 2138 586 2203 alibi
606 2138 715 2223 sepius
734 2138 882 2203 seisitum
905 2138 945 2203 de
967 2137 1107 2223 quodam
1129 2158 1205 2200 ense

107 2247 157 2305 ete
172 2263 228 2328 per
240 2242 331 2328 quod
344 2242 501 2329 intelligit
521 2242 608 2328 quod
628 2241 744 2307 hebuit
764 2249 872 2307 totum
894 2241 1059 2307 residuum
1081 2240 1204 2326 predio·

106 2351 204 2409 torum
232 2345 434 2422 catellorum,
456 2354 491 2410 et
519 2345 580 2410 hoc
609 2345 703 2410 offert
729 2354 790 2411 eto
821 2345 905 2410 siout
931 2345 1021 2410 eurio
1045 2344 1204 2409 consider·

105 2448 208 2514 euerit
239 2451 286 2514 Et
301 2449 463 2514 Henrious
477 2450 570 2515 uenit
586 2458 620 2515 et
635 2450 780 2515 defendit
795 2472 908 2537 paoem
924 2457 992 2527 eto,
1002 2457 1036 2514 et
1047 2448 1206 2513 roberiem

106 2561 159 2616 eto
168 2562 201 2618 et
211 2552 302 2639 quod
312 2576 377 2618 non
391 2554 530 2618 abduxit
543 2577 677 2619 uxorem
692 2577 784 2618 suam
800 2562 834 2618 et
849 2554 935 2640 quod
949 2576 1014 2618 non
1028 2552 1114 2617 uidit
1130 2575 1205 2617 eum

105 2654 141 2719 de
159 2679 197 2721 ea
217 2658 273 2723 uel
298 2658 339 2723 de
361 2680 437 2722 ense
459 2658 607 2722 eeisitum
630 2666 699 2734 eto,
720 2666 754 2722 et
776 2658 862 2743 petit
884 2658 946 2723 sibi
968 2656 1097 2721 alloeori
1118 2654 1206 2742 quod

106 2758 181 2845 ipso⁷
209 2762 358 2848 loquitur
385 2761 426 2826 de
456 2762 530 2825 uisu
559 2763 614 2826 uel
643 2761 760 2825 auditu
788 2761 920 2826 roberie.
965 2761 1009 2824 Et
1031 2760 1206 2825 Durendus

105 2866 242 2949 quesitus
258 2866 341 2953 quid
355 2867 433 2932 feeit
452 2867 583 2952 quando
605 2866 690 2931 uidit
713 2866 893 2930 Henricum
916 2864 1064 2930 seisitum
1085 2864 1126 2929 de
1148 2884 1206 2928 suo

105 2992 172 3034 ense
193 2980 228 3036 et
249 2972 295 3036 de
317 2994 416 3036 uxore
437 2993 505 3047 sue,
530 2970 611 3035 dicit
636 2970 723 3055 quod
748 2969 848 3034 nichil
874 2969 937 3034 nisi
963 2976 1093 3033 tentum
1120 2966 1208 3053 quod

104 3076 294 3140 monstrauit
319 3076 361 3140 ed
386 3074 587 3139 comitatum.
632 3074 676 3138 Et
700 3073 775 3138 ideo
801 3073 878 3159 quie
903 3095 968 3137 non
993 3071 1138 3157 loquitur
1166 3070 1207 3135 de

105 3177 212 3243 auditu
241 3179 300 3244 uel
329 3179 370 3244 de
399 3178 484 3256 uisu,
513 3176 752 3243 consideratum
788 3185 839 3241 eet
875 3177 962 3263 quod
998 3175 1126 3241 nullum
1158 3182 1209 3238 est

104 3284 272 3367 appellum,
289 3292 324 3347 et
346 3282 509 3347 Henrieus
529 3281 606 3346 inde
628 3281 698 3346 sine
719 3281 773 3345 die
796 3288 831 3345 et
852 3279 1028 3345 Durendus
1050 3300 1107 3365 pro
1130 3276 1209 3343 falso

105 3386 234 3453 clamore
249 3389 289 3453 in
302 3387 522 3452 misetioordia
536 3386 614 3451 etc.⁸

59 3480 75 3542 l
162 3491 366 3556 laurencius
381 3491 423 3555 de
439 3488 640 3555 Mudefeldie
653 3490 740 3576 petit
754 3512 868 3554 uersus
882 3489 1046 3554 Abbetem
1061 3489 1101 3553 de
1117 3487 1210 3553 Bello

99 3592 122 3677 j.
135 3594 340 3682 mesuagium
362 3616 437 3659 oum
459 3603 539 3680 pert.
555 3594 592 3658 in
613 3594 705 3659 Bello
725 3602 760 3658 et
780 3594 890 3680 plures
906 3595 988 3657 tales
1003 3600 1062 3658 eto.
1079 3600 1211 3657 tantum

105 3704 159 3761 etc.

163 3801 205 3866 Et
226 3801 344 3866 Abbas
365 3800 458 3865 uenit
481 3809 515 3865 et
538 3802 622 3886 petit
644 3800 767 3865 curiam
788 3821 880 3864 suam
901 3807 936 3863 et
950 3798 1074 3884 profert
1089 3796 1211 3862 oertes'

103 3912 338 3970 antecessorum
363 3903 458 3971 Dom
485 3904 586 3992 Regis
610 3927 669 3991 per
694 3927 775 3991 ques
800 3902 1022 3969 conceduntur
1046 3902 1077 3968 ei
1103 3902 1212 3968 omniu

131 4034 141 4065 ¹
156 4035 187 4083 B.
197 4049 235 4084 m.
248 4034 291 4083 15.
712 4031 724 4064 ⁸
740 4030 805 4080 This
826 4045 885 4081 oneo
905 4030 929 4080 is
951 4029 1020 4080 oited
1036 4030 1071 4094 by
1086 4030 1210 4089 Ennaton,

132 4098 143 4129 ²
159 4099 322 4156 Gremton’,
334 4098 366 4147 B.
680 4096 700 4146 l.
710 4095 790 4156 1411),
801 4095 885 4146 where
897 4096 942 4146 the
958 4096 1074 4159 appellor
1089 4096 1112 4145 is
1129 4094 1212 4145 oollod

132 4164 143 4195 ³
156 4166 327 4225 moriundos,
338 4163 368 4213 B.
680 4161 821 4212 Durendue
839 4161 947 4211 Soissor.
980 4162 1005 4211 It
1022 4176 1083 4223 moy
1093 4160 1124 4211 be
1140 4160 1210 4211 Fitz.

133 4228 369 4292 ‘specmedinu
683 4230 809 4290 uteapw,
821 4228 878 4275 244.

133 4293 144 4323 ⁸
160 4295 299 4351 mento,
311 4294 341 4345 B.
713 4292 726 4325 ⁸
743 4292 790 4342 See
797 4290 932 4342 theBnttle
939 4290 1054 4342 charterii
1061 4290 1089 4341 in
1097 4292 1210 4343 Monuit.

133 4358 261 4423 ‘supply
272 4360 320 4420 eti,
332 4359 364 4408 B.
683 4357 733 4408 vol.
748 4359 773 4416 3,
784 4371 811 4420 p.
823 4357 879 4409 247.

134 4424 144 4456 ⁷
160 4425 261 4489 supply
272 4440 329 4485 non,
342 4424 373 4474 B.
