3167 5075
313 388 376 453 182
528 398 646 451 consu
667 398 766 461 snos,
788 398 853 449 nn.
876 384 1037 465 1235-6,
1058 398 1123 451 sn
1146 386 1197 451 20.

312 572 488 643 eertifioure
503 572 635 659 possint
680 570 724 637 Et
738 568 907 637 sciendum
924 568 1012 657 qnod
1030 569 1197 656 predictus
1216 568 1319 635 Meter
1339 590 1421 635 suus

311 678 376 745 luit
389 676 471 745 adeo
484 676 567 745 liber
580 663 777 745 homosiout
791 683 827 741 et
840 674 912 761 ipse
926 674 1003 743 eto.¹
1021 672 1028 761 Ι

377 780 548 848 Umfiidus
570 779 611 848 de
637 781 732 846 Boun
756 778 874 846 Comes
896 776 1088 845 Heresordie
1113 777 1331 843 summonitus
1356 775 1422 843 suit

312 885 355 953 ed
368 884 643 953 warentizondum
658 882 887 950 Bes-tholomeo
902 881 1027 948 Peoche
1041 881 1222 949 custodiam
1237 889 1273 948 et
1285 881 1421 947 meritu-

312 990 403 1079 gium
419 989 546 1055 heredis
561 988 693 1055 Milonis
706 986 748 1055 de
768 987 939 1074 Muoegros
958 1008 1058 1074 quam
1071 986 1237 1053 Wnlterus
1250 985 1293 1051 de
1306 986 1422 1052 Mnoe·

313 1116 388 1184 gros
404 1095 439 1161 in
459 1094 550 1161 ouria
569 1092 670 1181 Regis
690 1092 811 1163 dumet
831 1112 945 1157 uersus
966 1113 1051 1169 eum,
1066 1098 1101 1157 et
1122 1089 1210 1157 unde
1230 1090 1321 1159 idem
1341 1090 1422 1155 Bes·

314 1199 496 1264 tholomeus
510 1204 607 1263 uocat
621 1205 683 1264 eto.

381 1302 426 1370 Et
440 1301 557 1371 Comes
571 1301 665 1367 uenit
679 1309 714 1367 et
729 1301 761 1367 ei
775 1300 971 1367 warentizet
1009 1300 1053 1367 Et
1066 1298 1232 1367 Wnltems
1245 1322 1305 1386 per
1318 1308 1421 1367 ottor-

315 1412 431 1473 nntum
455 1426 553 1471 suum
578 1404 660 1473 dicit
685 1403 772 1492 quod
797 1403 919 1469 iniuste
942 1402 1046 1469 intrat
1070 1402 1106 1469 in
1128 1402 1318 1491 warentiam
1343 1403 1424 1491 quis

316 1508 480 1597 predictus
510 1508 589 1575 Milo
618 1530 786 1595 nunquam
815 1506 948 1595 sliquod
976 1514 1203 1573 tenementum
1237 1508 1349 1575 tenuit
1378 1508 1423 1575 de

316 1612 460 1700 predicto
482 1611 611 1679 Oomite
633 1634 693 1677 neo
714 1610 969 1677 antecessoribus
989 1608 1057 1677 sinis
1077 1632 1137 1696 per
1164 1608 1252 1697 quod
1272 1609 1423 1679 custodia

315 1714 358 1781 sd
372 1737 448 1781 eum
462 1713 624 1801 pertinere
639 1712 782 1780 deberet.

381 1821 426 1888 Et
446 1819 562 1887 comes
581 1818 663 1885 dicit
683 1817 769 1905 quod
784 1818 949 1884 Wolterus
964 1840 1030 1883 non
1044 1817 1145 1885 hsbet
1158 1818 1211 1885 ius
1224 1819 1259 1883 in
1273 1820 1424 1889 custodis

316 1926 380 2005 ills,
402 1923 480 2011 quia
500 1921 665 2010 predictus
686 1922 766 1987 Milo
789 1920 886 1988 duxit
910 1922 946 1987 in
970 1943 1105 1987 uxomm
1130 1922 1294 2009 quendem
1319 1924 1422 1991 filism

316 2026 447 2095 Ricordi
467 2025 510 2092 de
531 2023 777 2102 Blemhesdena,
793 2032 828 2091 et
847 2024 1012 2111 predictus
1027 2024 1191 2091 Wolterus
1209 2024 1302 2092 dedit
1319 2048 1422 2113 quun·

316 2132 391 2197 dem
406 2139 526 2197 terrem
540 2128 608 2195 filio
622 2150 680 2195 suo
694 2128 819 2194 seilicet
832 2128 978 2215 predicto
992 2128 1109 2195 Miloni
1122 2128 1165 2195 od
1178 2152 1313 2196 uxorem
1327 2153 1422 2199 sunm

315 2234 499 2311 dotandum,
522 2240 557 2298 et
576 2231 664 2298 idem
686 2230 845 2297 Rioardue
866 2231 976 2297 tenuit
996 2240 1101 2297 totum
1123 2240 1243 2299 tenum
1265 2254 1360 2299 susm
1381 2233 1423 2301 de

317 2338 461 2425 predicto
477 2335 615 2415 Comite,
630 2344 666 2403 et
680 2336 758 2424 quie
772 2357 853 2403 uxor
867 2335 1013 2403 eiusdem
1027 2336 1174 2403 Riosrdi²
1187 2337 1270 2404 obiit
1284 2346 1320 2404 et
1333 2338 1422 2404 idem

317 2440 474 2511 Ricardus
498 2441 607 2507 tenuit
632 2439 673 2506 de
699 2440 814 2505 eodem
840 2438 969 2505 Comite
994 2462 1053 2527 per
1076 2441 1250 2509 seruioium
1279 2442 1423 2509 militnm

317 2545 404 2616 idem
420 2545 536 2614 Comes
550 2545 651 2613 hebet
665 2544 845 2611 custodiam
860 2552 947 2612 terte
961 2553 996 2612 et
1009 2545 1139 2614 heredis
1152 2555 1188 2612 et
1201 2547 1421 2636 marilegium

382 2650 427 2716 Et
449 2648 614 2716 Welteme
639 2648 725 2716 siout
748 2648 841 2734 prius
862 2647 944 2715 dicit
966 2648 1054 2736 quod
1078 2651 1213 2716 leofuuit
1237 2651 1422 2737 predictum

318 2755 474 2822 Milonem
488 2755 593 2822 filium
612 2777 709 2821 suum
728 2753 769 2820 de
785 2762 874 2822 terre
886 2776 947 2822 eus
959 2754 1001 2822 de
1015 2754 1222 2823 Iessendons
1234 2765 1271 2824 et
1283 2759 1425 2826 retinnit

317 2859 353 2924 in
367 2880 466 2925 manu
481 2878 541 2923 sua
554 2857 727 2924 seruioium
742 2857 885 2924 militare
899 2880 957 2944 pro
972 2857 1124 2946 homogio
1137 2867 1173 2924 et
1187 2859 1325 2926 seruicio
1338 2883 1407 2928 suo.

383 2962 427 3028 Et
443 2961 559 3030 Comes
569 2961 650 3028 dicit
661 2961 747 3050 quod
758 2962 924 3049 predictus
937 2963 1019 3029 Milo
1034 2986 1099 3030 non
1114 2963 1178 3029 suit
1191 2962 1267 3031 inde
1282 2965 1424 3031 feofntus

317 3088 375 3154 pro
389 3065 540 3152 homagio
555 3075 590 3132 et
604 3067 740 3134 seruioio
754 3067 855 3133 immo
869 3067 1035 3156 predictus
1048 3068 1213 3134 Walterue
1231 3076 1327 3155 peter
1344 3091 1425 3136 suus

317 3171 349 3238 ei
369 3171 506 3238 tradidit
527 3179 647 3238 terrem
669 3172 760 3240 illam
781 3172 825 3239 nd
844 3195 978 3239 uxorem
999 3194 1093 3239 suem
1111 3172 1287 3241 dotandum
1307 3182 1344 3240 et
1358 3197 1424 3242 non

316 3275 412 3341 aliter
426 3284 461 3342 et
480 3274 522 3342 de
541 3276 640 3342 bnllio
661 3298 720 3342 suo
741 3283 777 3342 et
797 3299 864 3342 non
885 3299 943 3362 pro
964 3275 1101 3342 seruioio
1123 3276 1266 3356 militnri,
1288 3285 1326 3344 et
1345 3276 1424 3344 inde

317 3379 410 3466 ponit
435 3401 469 3446 se
495 3401 593 3467 super
618 3381 766 3468 patriam.
824 3381 871 3448 Et
893 3381 1058 3448 Wolterus
1085 3381 1243 3460 similiter,
1267 3391 1321 3449 set
1342 3381 1426 3448 dicit
1555 3408 1556 3411 ¹

317 3483 405 3572 quod
429 3484 530 3552 nichil
555 3483 617 3550 ecit
645 3482 686 3551 de
711 3484 823 3570 eliqua
846 3492 944 3551 carte.
989 3484 1035 3550 Et
1058 3484 1132 3554 ideo
1157 3494 1348 3573 preoeptnsn
1373 3494 1427 3554 est

317 3586 503 3656 uioecomiti
525 3586 611 3674 quod
633 3587 745 3654 uenire
767 3587 866 3654 facist
887 3611 995 3655 coram
1016 3588 1203 3656 iustioinsiis
1221 3588 1264 3655 sd
1282 3589 1425 3676 primum
1555 3580 1556 3595 l

316 3689 448 3756 aeneam
471 3697 531 3756 eto
553 3689 608 3776 xij.
631 3697 700 3756 tam
722 3689 845 3756 milites
866 3699 926 3757 etc.
949 3691 991 3757 ud
1012 3692 1305 3780 recognosoendum
1327 3716 1427 3781 super

317 3801 554 3860 sacramentum
569 3817 665 3862 suum
679 3795 708 3860 si
722 3795 888 3882 predictus
903 3796 1067 3863 Wnlterus
1081 3805 1202 3864 terram
1221 3797 1313 3864 illem
1332 3798 1427 3866 dedit

318 3897 462 3984 predicto
484 3897 599 3964 Miloni
621 3897 688 3964 lilio
710 3921 769 3964 suo
790 3921 849 3984 pm
870 3899 1021 3988 homagio
1040 3908 1076 3966 et
1092 3900 1228 3966 seruicio
1242 3922 1303 3966 suo
1317 3909 1353 3968 et
1366 3923 1427 3988 pro
1554 3920 1555 3959 t

318 3999 454 4065 seruioio
475 3999 610 4066 militari
631 3999 807 4066 tenendam
828 4002 892 4068 sibi
911 4011 947 4068 et
963 4002 1138 4070 hemdibus
1154 4003 1222 4069 suis
1235 4003 1323 4070 siout
1335 4004 1427 4072 idem

320 4101 484 4168 Walterus
510 4103 599 4184 dicit,
622 4104 676 4172 uel
702 4105 730 4172 ei
755 4105 892 4173 tradidit
914 4107 1005 4174 illem
1027 4108 1060 4176 ei
1084 4107 1127 4175 ed
1149 4109 1428 4178 sustenteoionem

319 4227 412 4274 suem
427 4205 517 4274 etad
531 4229 664 4274 uxorem
679 4229 771 4274 sunm
789 4208 966 4276 dotnndnm
985 4211 1056 4278 sine
1073 4210 1224 4299 homagio
1238 4219 1275 4279 et
1288 4214 1430 4284 seruieio

352 4357 844 4426 sffilfflmaemyrsprsmnts
895 4363 1058 4417 thevsrdiot.

320 4423 459 4489 pestesslpt
475 4439 510 4476 on
526 4423 572 4476 the
588 4426 637 4478 roll
653 4425 739 4480 whioh
758 4427 843 4478 ststed
926 4429 1141 4483 'corr-HM
1153 4430 1184 4498 (Υ)
