3167 5075
370 396 604 459 menineris,
626 396 690 447 111.
715 384 809 459 1222,
831 397 894 447 in
919 381 1010 450 6—7.
1178 388 1240 451 451

129 565 273 631 Roberti
295 566 356 631 filii
376 566 477 653 Regis
496 566 599 652 patris
619 567 672 631 sui
693 576 839 655 tempore
861 568 961 655 Regis
983 568 1025 635 H
1048 570 1105 635 aui
1125 578 1185 637 stc
1208 576 1244 639 91

129 677 250 755 postea
273 678 417 757 tempore
442 672 541 758 Regis
566 671 698 736 Ricardi
719 680 754 737 91
778 681 893 758 postes
915 681 1060 758 tempore
1086 672 1186 761 Regis
1209 675 1241 741 J.

128 773 293 859 capiendo
307 774 382 839 inde
397 776 528 862 expleta
541 784 601 841 etc.

198 879 245 943 Et
275 880 438 944 Robertus
466 880 560 944 uenit
582 888 617 946 et
645 879 792 945 defendit
821 880 873 945 ius
902 904 997 945 suum
1028 890 1061 947 et
1090 881 1241 947 seisinam

128 977 274 1048 Roberti
295 984 397 1069 patris
417 984 469 1048 sui
488 993 523 1049 et
542 983 694 1049 seisinam
709 1005 803 1049 suem
818 992 852 1048 ct
867 991 974 1049 totum
990 994 1049 1050 etc
1095 986 1139 1051 Et
1161 985 1242 1051 dicit

129 1086 222 1172 quod
238 1087 403 1172 predictus
417 1086 580 1152 Robertus
594 1087 680 1151 filius
695 1086 796 1173 Regis
810 1108 875 1151 non
886 1086 1003 1152 habuit
1017 1096 1137 1152 terram
1151 1088 1241 1153 illam

128 1192 199 1255 nisi
227 1212 289 1276 per
316 1190 512 1255 Matillidem
542 1191 583 1255 de
619 1190 829 1255 Auerenches
868 1214 999 1256 uxorem
1028 1214 1121 1257 susm
1150 1193 1242 1259 cuius

127 1295 301 1359 hereditas
322 1304 409 1359 terra
429 1295 487 1359 illa
509 1295 574 1360 fuit
595 1302 630 1359 ct
650 1293 692 1359 de
712 1295 783 1380 ipsu
798 1296 959 1360 Matillide
974 1295 1141 1361 descendit
1157 1305 1243 1363 terra

127 1399 189 1464 illa
204 1399 350 1463 Hawisie
365 1399 431 1463 filie
445 1422 503 1464 sue
518 1398 615 1463 matri
630 1398 775 1463 eiusdem
790 1399 927 1464 Roberti
941 1400 982 1465 de
998 1399 1164 1487 Curtcnay
1178 1423 1242 1486 que

125 1506 196 1569 fuit
213 1502 631 1589 1111111111911111(1901119)71
646 1503 868 1568 uirieiusdem
884 1503 1061 1581 Matillidis‚
1071 1512 1105 1569 91
1117 1504 1242 1569 desicut

123 1608 205 1693 ipsa
218 1607 339 1671 clamat
348 1630 388 1671 ex
402 1616 495 1693 perte
510 1606 646 1672 Roberti
660 1606 721 1670 filii
741 1606 841 1692 Regis
862 1607 955 1693 ponit
977 1630 1011 1672 se
1033 1607 1068 1672 in
1090 1630 1242 1695 magnam

123 1711 267 1776 amisum
282 1711 375 1776 Dum.
391 1710 491 1797 Regis
511 1718 545 1775 et
562 1710 648 1795 petit
669 1710 925 1796 recognicionem
947 1710 1018 1776 fieri
1039 1719 1151 1777 utrum
1172 1712 1243 1798 ipse

123 1816 240 1880 maius
255 1815 307 1879 ius
320 1814 440 1879 habeat
454 1815 490 1879 in
500 1824 589 1879 19111
601 1814 660 1880 1111
673 1838 713 1879 ex
728 1823 821 1901 perte
836 1815 980 1901 predicte
995 1816 1173 1894 Matillidis,
1188 1818 1242 1882 uel

123 1920 187 1984 ex'
203 1920 276 2005 ipsa
296 1928 336 1983 ut
350 1942 390 1983 ex
404 1928 498 2005 perte
513 1919 649 1984 Roberti
663 1920 723 1983 filii
738 1919 839 2005 Regis
853 1920 938 1984 sicut
951 1920 1023 2006 ipse
1036 1922 1156 1985 clamat
1166 1929 1227 1989 etc.

196 2024 245 2088 Et
259 2022 396 2088 Mutillis
405 2022 501 2088 uenit
515 2032 549 2088 ct
564 2021 644 2087 dicit
659 2022 746 2109 quod
760 2046 827 2088 non
838 2022 970 2087 uidetur
984 2022 1112 2109 siquod
1123 2046 1243 2111 magna

121 2130 233 2195 11111111
245 2128 365 2194 debeat
379 2128 455 2193 inde
469 2128 548 2205 fieri,
563 2128 641 2214 quia
655 2128 803 2214 predicta
817 2127 953 2191 Matillis
972 2126 1014 2193 dc
1033 2128 1242 2195 Ausrenches

119 2244 238 2299 mater
252 2254 313 2298 sua
324 2256 390 2297 non
404 2232 522 2297 habuit
536 2240 656 2298 terram
670 2233 761 2297 illam
775 2230 840 2296 nisi
859 2232 895 2295 111
915 2231 987 2296 uito
1007 2254 1068 2297 sue
1087 2255 1146 2319 per
1166 2255 1242 2299 con·

120 2337 323 2403 uencionem
337 2336 425 2401 inter
438 2358 493 2401 ess
507 2338 634 2401 lectam.
671 2334 714 2400 Et
729 2335 806 2401 inde
821 2336 942 2421 profert
959 2344 1080 2401 certem
1096 2336 1241 2403 eiusdem

120 2442 305 2507 Metillidis
318 2441 359 2505 de
374 2440 525 2505 Abrincis
540 2462 603 2526 que
617 2448 760 2505 testatur
773 2440 860 2525 quod
882 2440 1058 2505 conuencic
1080 2448 1114 2505 91
1136 2441 1242 2508 finalis

120 2545 302 2612 concordia
322 2546 408 2610 fecta
427 2552 477 2609 est
498 2545 587 2609 inter
607 2545 743 2610 eandem
764 2545 960 2610 Matillidem
981 2545 1022 2610 de
1042 2545 1193 2613 Abrincis
1207 2557 1242 2614 et

120 2651 328 2716 Matillidem
343 2650 385 2715 de
400 2649 566 2735 (lurtenay
576 2649 677 2713 filiam
693 2649 764 2714 eius
778 2671 874 2735 super
889 2649 1039 2714 omnibus
1054 2650 1192 2736 querelis
1207 2661 1242 2718 et

120 2755 358 2822 exaccionibus
372 2754 460 2818 inter
480 2753 553 2818 illas
575 2753 705 2830 habitis,
720 2753 807 2838 quod
828 2752 941 2818 eedem
961 2754 1098 2819 Mutillis
1113 2755 1147 2820 in
1161 2778 1241 2841 poce

118 2860 272 2926 dimittit
288 2867 322 2923 et
337 2857 486 2923 concedit
500 2857 587 2922 dicte
603 2856 760 2922 Motillidi
774 2857 872 2921 metri
892 2880 950 2922 1119
972 2865 1077 2922 totum
1100 2859 1240 2924 01111119-

119 2965 236 3051 lepam
251 2964 288 3028 in
302 2961 453 3028 Deuonia
466 2970 501 3027 et
516 2961 596 3027 alias
613 2970 715 3026 terres
735 2961 770 3025 in
793 2961 997 3026 Normennis
1018 2963 1183 3028 habendas
1206 2973 1242 3030 et

117 3067 289 3134 tenendas
310 3067 345 3131 in
366 3067 438 3130 uite
458 3087 517 3130 sua
535 3065 599 3129 nisi
619 3065 702 3130 forte
718 3062 868 3129 habitum
884 3064 1049 3152 religionis
1062 3068 1240 3152 susceperit

117 3183 196 3248 etc,
212 3181 249 3236 91
263 3171 294 3234 si
308 3171 390 3233 forte
404 3168 550 3254 predicto
565 3169 607 3232 M.
624 3167 665 3232 de
679 3167 831 3232 Abrincis
846 3167 964 3233 obierit
983 3169 1054 3234 siue
1075 3169 1239 3256 religionis

116 3277 281 3341 habitum
306 3273 484 3359 susceperit
509 3281 595 3337 terre
621 3272 845 3358 prenominato
871 3281 905 3337 et
929 3295 1041 3338 omnes
1064 3274 1127 3339 ulie
1154 3283 1239 3341 terre

117 3403 209 3466 quas
237 3378 386 3465 predicte
408 3376 545 3441 Matillis
570 3375 611 3440 de
637 3376 788 3441 Abrincis
818 3384 910 3441 tenet
935 3376 971 3440 in
997 3376 1118 3465 Anglia
1144 3386 1178 3442 et
1203 3379 1238 3443 in

115 3482 334 3548 Normannis
354 3482 572 3546 remanebunt
593 3480 700 3544 eidem
723 3479 879 3544 Mutillidi
898 3480 939 3544 de
955 3479 1122 3566 Curtenay
1137 3482 1238 3547 libere

115 3597 159 3652 91
186 3587 297 3673 quiete
320 3594 355 3651 et
376 3585 522 3650 absolute
545 3593 580 3649 91
601 3583 775 3649 heredibus
797 3585 874 3662 suis,
894 3585 980 3648 unde
1003 3585 1030 3649 11
1052 3585 1142 3650 curie
1163 3609 1238 3652 con·

114 3690 322 3756 sidersuerit
337 3690 423 3776 quod
437 3688 480 3753 si³
495 3711 615 3776 magns
628 3688 729 3753 assisa
750 3688 869 3753 debeat
890 3688 968 3766 lieri,
983 3688 1124 3753 libenter
1145 3689 1236 3756 illsm

112 3793 294 3860 concedet.

197 3897 240 3963 Et
253 3899 416 3963 Robertus
429 3896 577 3962 defendit
590 3904 713 3962 cartam
729 3905 764 3961 et
778 3896 922 3983 sigillum
937 3907 971 3962 91
986 3897 1237 3962 conuencionem

109 4011 155 4070 ct
174 4001 232 4065 ius
245 4025 340 4067 suum
354 4010 389 4067 et
403 4002 554 4067 seisinem
569 4023 661 4066 suam
676 4001 761 4066 sicut
780 4000 963 4087 predictum
980 4009 1030 4066 est
1045 4008 1080 4066 et
1093 4000 1187 4087 ponit
1201 4023 1236 4067 se

107 4108 154 4171 in
174 4127 330 4191 magnam
344 4106 477 4170 11111111]
492 4105 586 4170 Dum.
601 4105 701 4191 Regis
716 4105 800 4170 sicut
815 4105 998 4191 predictum
1014 4114 1072 4171 est.

196 4209 243 4274 Et
262 4210 337 4296 quia
358 4210 520 4275 Robertus
541 4209 663 4275 dedicit
685 4219 808 4276 curtum
830 4217 864 4275 91
887 4210 1146 4289 conuencionem,
1161 4233 1236 4277 con-

232 4344 241 4378 ¹
256 4347 300 4397 See
310 4347 398 4408 above,
408 4347 460 4399 vol.
472 4348 496 4409 1,
509 4361 535 4411 p.
548 4348 605 4398 lus.
880 4348 892 4382 ²
909 4347 1010 4400 011111.

231 4409 242 4443 ²
256 4413 310 4463 0111.
321 4429 361 4465 ex.

1040 4509 1146 4574 29-2
