3167 5075
315 440 358 506 10
631 452 769 516 unsrun,
791 452 855 502 nn.
880 438 976 514 1224,
997 450 1060 501 ιιι
1085 442 1114 503 8.

313 626 428 693 eadem
449 634 554 693 matre
576 620 674 713 quam
695 626 765 712 ipse
788 625 922 690 fuerunt
943 629 978 688 et
1000 631 1149 708 preterea
1171 618 1259 687 idem
1281 620 1423 686 Thomas

313 753 481 817 nunquam
502 730 580 797 fecit
599 731 754 796 defaltam
774 728 860 795 sicut
878 727 942 814 ipsi
961 726 1170 792 recordantur
1191 733 1226 791 et
1246 725 1306 790 hoo
1327 726 1423 791 offert

313 832 485 899 defendere
511 854 570 919 per
594 854 708 919 corpus
731 832 900 898 cuiusdam
925 830 1018 897 liberi
1044 829 1184 895 hominis
1208 828 1368 894 Johannis
1392 829 1423 893 le

314 936 401 1017 Soet,
416 937 473 1025 qui
487 936 548 1002 hoc
563 937 656 1002 offert
670 936 844 1001 defendere
864 936 949 1001 sicut
963 934 1055 999 curia
1068 932 1321 999 considerauerit
1335 932 1422 996 sicut

312 1042 368 1107 ille
391 1042 447 1129 qui
469 1041 619 1107 interfuit
641 1042 813 1107 comitatui
834 1040 893 1105 ubi
914 1039 1072 1103 iudicium
1104 1038 1228 1103 factum
1249 1037 1314 1102 fuit
1335 1036 1423 1123 quod

313 1144 476 1211 occasione
495 1143 600 1210 Alicie
620 1151 803 1209 remaneret
823 1142 953 1229 loquela
971 1141 1042 1206 sine'
1061 1140 1125 1217 die,
1139 1140 1189 1205 ¹et
1209 1138 1296 1225 quod
1315 1138 1423 1203 Alicia

312 1266 479 1329 nunquam
494 1242 637 1329 aliquam
652 1251 780 1329 partem
800 1240 917 1305 habuit
937 1240 979 1305 de
999 1247 1088 1304 terra
1108 1238 1167 1303 illa
1187 1239 1282 1303 offert
1303 1260 1422 1324 ponere

312 1371 347 1413 se
361 1370 460 1435 super
472 1347 621 1434 patriam

376 1454 422 1517 Et
445 1451 566 1516 milites
587 1472 645 1537 pro
666 1448 826 1515 comitatu
848 1448 963 1513 dicunt
985 1447 1072 1534 quod
1094 1448 1160 1513 tale
1181 1455 1232 1512 est
1253 1446 1422 1512 reeordum

311 1556 397 1621 siout
422 1556 486 1642 ipsi
511 1555 722 1621 recordantur
744 1553 823 1640 quia
844 1552 992 1640 predicte
1015 1553 1124 1618 Alicia
1146 1553 1216 1617 siue
1241 1552 1328 1617 iuste
1351 1552 1423 1617 siue

312 1658 433 1723 iniuste
463 1658 527 1723 fuit
556 1657 591 1722 in
619 1656 739 1721 seiaina
767 1655 809 1720 de
838 1655 940 1721 tercia
968 1663 1061 1741 parte
1090 1656 1140 1721 ita
1164 1654 1251 1742 quod
1276 1656 1424 1741 percepit

313 1762 446 1827 terciam
461 1770 588 1848 partem
603 1760 644 1825 de
659 1760 803 1825 exitibus
817 1760 905 1825 illius
919 1767 1005 1825 terre
1016 1770 1052 1824 et
1062 1761 1123 1825 hoc
1133 1762 1217 1826 bene
1228 1760 1423 1847 inquisitum

312 1866 377 1931 fuit
398 1888 457 1952 per
481 1865 602 1952 legales
624 1864 772 1929 homines
798 1864 923 1930 uicinos
948 1873 983 1930 et
1008 1866 1066 1930 illa
1088 1866 1253 1931 occasione
1278 1866 1423 1952 positum

312 1970 377 2035 fuit
391 1969 548 2035 iudicium
564 1968 599 2033 in
618 1976 803 2054 respectum
823 1990 927 2055 usque
947 1977 1020 2055 post
1041 1968 1166 2035 Pascha
1186 1977 1224 2034 ut
1243 1969 1424 2036 uicecomea

312 2074 447 2139 haberet
470 2082 584 2160 postea
606 2094 772 2138 assensum
797 2073 885 2138 ouria
915 2073 1008 2138 Dom.
1034 2074 1159 2161 Regis²,
1184 2074 1233 2139 ita
1259 2076 1345 2161 quod
1369 2074 1423 2139 die
1523 2072 1529 2087 '

312 2179 407 2245 Jouis
435 2179 582 2265 proxima
610 2186 683 2264 post
713 2176 913 2264 Hoclreday⁸
946 2178 1011 2242 fuit
1045 2179 1220 2244 comitatus
1249 2179 1291 2244 ad
1324 2201 1423 2265 quem

288 2286 291 2295 '
313 2283 453 2348 Thomas
475 2305 541 2347 non
563 2282 657 2346 uenit
680 2280 729 2345 ita
752 2281 838 2367 quod
863 2303 923 2366 per
948 2281 1105 2347 defaltam
1131 2282 1201 2347 eius
1222 2290 1425 2348 recesserunt

312 2387 382 2452 aine
413 2386 466 2451 die
495 2385 671 2451 aduersarii
701 2386 779 2463 eius,
806 2394 841 2450 et
866 2386 953 2472 quod
978 2386 1020 2451 de
1045 2386 1103 2452 illa
1126 2387 1249 2453 defalta
1276 2390 1424 2454 fecerunt

313 2489 480 2567 indicium,
502 2498 538 2554 et
566 2489 653 2576 quod
682 2490 749 2556 tale
778 2490 823 2555 ait
846 2490 1024 2569 recordum,
1046 2492 1188 2557 offerunt
1210 2491 1425 2558 disraoionare

314 2617 511 2682 percorpus
536 2593 686 2660 Gaufridi
712 2594 752 2659 de
779 2595 977 2682 Langedona
1000 2596 1059 2681 qui
1083 2596 1144 2662 hoc
1168 2596 1263 2661 offert
1286 2596 1423 2683 probare

313 2699 399 2764 sicut
413 2699 504 2764 curia
517 2698 778 2764 considerauerit.

380 2803 425 2867 Et
454 2802 594 2867 Thomas
622 2802 707 2867 sicut
736 2803 827 2889 prins
856 2801 1004 2868 defendit
1032 2802 1189 2868 defaltum
1217 2811 1278 2869 etc
1304 2812 1356 2869 aet
1381 2803 1424 2870 de

314 2905 422 2971 Alicia
449 2915 485 2970 et
509 2904 674 2970 occasione
701 2905 775 2970 eius
802 2905 889 2970 sicut
916 2905 1099 2991 predictum
1129 2914 1180 2970 est
1208 2908 1331 2971 factum
1360 2907 1426 2972 fuit

314 3009 472 3075 iudicium
495 3016 531 3073 et
557 3008 617 3073 hoc
640 3009 735 3073 offert
759 3017 818 3074 etc
841 3009 976 3095 probare
1002 3019 1062 3076 etc.
1085 3011 1139 3075 uel
1165 3010 1338 3076 defendere
1362 3019 1422 3076 etc

314 3113 401 3179 sicut
416 3113 505 3178 curia
519 3112 779 3178 considerauerit.
824 3115 869 3178 Et
883 3115 1044 3180 Radulfus
1059 3123 1094 3180 et
1109 3114 1289 3180 Gilibertus
1303 3115 1425 3200 quesiti

315 3217 475 3304 quomodo
489 3217 596 3282 Alieia
611 3219 655 3283 sit
675 3219 836 3305 particeps
855 3219 970 3284 dicunt
989 3219 1076 3306 quod
1096 3219 1258 3284 Robertus
1277 3217 1318 3283 de
1339 3218 1424 3284 Bler’

316 3321 433 3388 habuit
447 3322 528 3388 duas
543 3344 658 3388 uxores
673 3332 707 3388 et
721 3323 763 3388 de
777 3324 884 3410 prima
897 3324 1014 3389 habuit
1029 3322 1223 3389 Gaufridum
1240 3321 1424 3408 predictum

315 3437 350 3492 et
364 3428 529 3514 Agnetem
544 3436 579 3493 et
594 3427 762 3494 Mabiliam
777 3437 812 3492 et
826 3427 867 3492 de
882 3427 1024 3493 secunda
1037 3449 1137 3492 uxore
1151 3425 1268 3490 habuit
1282 3426 1423 3491 Aliciam

314 3539 367 3597 aet
382 3540 468 3598 terra
481 3532 539 3597 illa
557 3532 724 3597 descendit
745 3531 901 3597 Gaufn'do
921 3531 962 3596 de
981 3531 1127 3617 predicto
1147 3538 1239 3617 patre
1259 3553 1318 3596 suo
1333 3530 1425 3596 etde

315 3635 471 3701 Gaufrido
491 3643 604 3721 postea
623 3635 702 3722 ipsis
721 3634 854 3722 Agneti‚
869 3633 1013 3711 Mabilie‚
1027 3632 1132 3698 Alicio
1152 3641 1191 3698 ut
1210 3635 1371 3700 sororibus
1389 3642 1425 3699 et

317 3739 491 3806 heredibus
505 3740 596 3807 suist

382 3844 427 3908 Et
449 3843 527 3928 quia
553 3843 694 3908 Thomas
718 3865 783 3908 non
809 3843 953 3908 ostendit
982 3842 1068 3930 quod
1095 3841 1138 3907 de
1166 3842 1254 3907 dicto
1283 3864 1341 3907 suo
1370 3843 1425 3908 uel

349 4030 506 4081 1ΔιιοιΙιε
515 4031 616 4082 defanlt
633 4032 748 4082 Thomas
765 4031 842 4082 offere
892 4032 1011 4097 Geoffrey
1030 4047 1083 4083 was
1105 4031 1195 4089 eeieed,
1211 4031 1255 4082 his
1276 4031 1423 4093 half-sister

316 4095 413 4154 battle·
431 4095 555 4146 astothe
567 4097 626 4160 plea
642 4097 671 4146 of
684 4111 749 4146 non·
750 4100 841 4147 tenure
893 4097 970 4148 could
992 4102 1039 4148 not
1067 4097 1143 4147 share
1169 4097 1233 4146 with
1260 4095 1303 4146 his
1331 4096 1422 4147 sistere

318 4133 783 4304 ¹¹⁰ffffflffiffiffi
798 4227 845 4278 a
893 4161 1423 4278 {ttumtttrtt‘hxuhtt

319 4291 412 4353 taking
421 4293 450 4342 of
458 4307 493 4341 au
505 4291 616 4354 inqueat.
895 4292 955 4343 that
970 4293 1042 4343 Alica
1058 4292 1111 4342 had
1128 4292 1193 4355 good
1204 4292 1290 4354 right3
1307 4291 1421 4343 butrino

351 4357 511 4420 ³Hohadey
534 4358 579 4408 the
601 4357 697 4408 second
724 4356 845 4421 Tneeday
894 4359 960 4433 ipsse
970 4359 1131 4408 acciniaco
1142 4357 1188 4408 she
1204 4371 1256 4408 uae
1272 4357 1301 4407 in
1318 4371 1419 4420 posses-

317 4423 494 4475 afterEsster.
895 4422 960 4476 sion.

350 4486 491 4538 ‘Thomas
516 4486 661 4539 maintains
688 4487 747 4539 that
774 4487 845 4538 since
1069 4491 1074 4498 '
