3167 5075
338 390 401 456 130
508 404 626 457 consu
647 402 746 467 moa,
767 404 833 453 sm.
857 390 1016 465 raet-s,
1038 406 1102 453 nn
1126 390 1263 456 18-19,

401 580 517 645 Postea
545 600 651 644 coram
681 578 775 643 Dom.
801 578 892 663 Rege
921 576 1009 664 apud
1035 578 1193 643 Rofham¹
1223 578 1300 664 quia
1323 577 1447 642 seisina

335 684 437 771 ipsius
458 684 602 749 Huberti
623 706 688 749 non
710 681 873 747 dedicitur
893 682 993 747 immo
1014 683 1181 769 recognita
1199 692 1250 748 est
1269 706 1328 769 per
1348 683 1445 747 Dom.

336 788 460 875 Regem
486 795 521 853 et
546 788 655 873 plures
680 786 769 864 alios,
791 795 826 851 et
847 795 995 872 preterea
1017 787 1095 873 quia
1115 796 1206 852 carta
1227 788 1319 852 Dom
1343 786 1447 873 Regis

337 893 422 957 facta
443 893 507 957 fuit
528 900 700 979 postquam
722 890 809 956 idem
833 891 1004 956 Hubertus
1023 892 1088 956 fuit
1107 892 1296 968 disseisitus,
1310 900 1346 955 et
1365 891 1447 977 quia

337 1004 423 1061 terra
433 997 490 1062 illa
502 1020 567 1062 non
581 997 645 1063 fuit
660 996 811 1061 eschaeta
822 996 855 1059 N
857 1018 1083 1061 ermannorum
1094 1020 1154 1061 nec
1168 997 1257 1062 idem
1271 996 1447 1061 Hubertus

338 1104 400 1167 fuit
448 1102 694 1179 forisiudicatus‚
740 1100 988 1166 Consideratum
1040 1110 1091 1166 est
1145 1101 1231 1187 quod
1278 1100 1448 1187 predictus

337 1205 507 1271 Hubertus
543 1204 749 1291 recuperauit
785 1204 937 1269 seisinam
973 1228 1065 1271 suam
1103 1207 1194 1271 saluo
1234 1206 1304 1271 iure
1340 1206 1446 1292 ipsius

338 1310 370 1373 N
373 1309 491 1375 icholai
517 1319 553 1374 et
575 1308 737 1387 aliorum²,
760 1309 789 1374 si
814 1309 893 1395 quid
918 1309 997 1375 iuris
1027 1309 1170 1376 habeant
1198 1310 1234 1375 in
1262 1319 1350 1375 terra
1377 1309 1445 1376 illa

338 1416 381 1479 Et
396 1415 483 1480 idem
499 1414 669 1478 Hubertus
684 1412 724 1477 de
739 1412 823 1477 dono
843 1422 878 1477 et
898 1414 1070 1479 uoluntate
1090 1437 1150 1478 sua
1168 1413 1445 1479 concedit‘eidem

337 1518 369 1581 N
371 1517 494 1583 icholao
509 1516 720 1582 medietatem
734 1514 824 1579 bladi
838 1515 873 1579 in
888 1523 976 1581 terra
989 1516 1046 1581 illa
1060 1517 1214 1582 seminati
1228 1526 1287 1581 etc

207 1624 299 1687 1112.
402 1620 511 1687 ⁸D0m.
527 1622 598 1685 Rex
620 1621 788 1685 mandauit
808 1620 944 1685 Aldithe
966 1643 1029 1706 que
1049 1622 1113 1685 fuit
1132 1643 1214 1686 uxor
1232 1620 1392 1687 Johannis
1412 1620 1447 1685 le

215 1724 287 1763 ‘³¹¹⁸‘
337 1727 461 1793 Archer
474 1725 560 1813 quod
575 1726 646 1813 ipsa
660 1726 729 1791 sine
749 1725 907 1791 dilacione
929 1728 1049 1792 faceret
1069 1726 1248 1792 deliberare
1267 1725 1388 1791 dilecto
1408 1736 1448 1791 et

337 1829 425 1895 fideli
439 1854 496 1897 suo
517 1830 660 1895 Galsrido
680 1830 720 1895 de
742 1830 824 1895 Oam
847 1830 900 1895 cui
921 1830 1077 1895 concessit
1099 1830 1278 1896 custodiam
1302 1839 1387 1895 terre
1410 1838 1449 1895 et

337 1936 463 2002 heredis
474 1936 575 2023 ipsius
586 1936 610 2000 J
610 1935 746 1999 ohannis
757 1956 859 2019 usque
871 1934 913 1999 ad
923 1943 1045 1999 etatem
1057 1933 1274 2019 predictorum
1286 1933 1447 1999 heredum

337 2040 465 2105 Sarram
485 2040 586 2104 filiam
606 2040 743 2127 predicti
763 2039 923 2104 Johannis
944 2038 1107 2125 quondam
1128 2038 1192 2103 uiri
1213 2038 1265 2103 sui
1286 2046 1321 2103 et
1342 2062 1447 2104 uuam

337 2145 493 2210 heredum
507 2144 609 2231 ipsius
624 2144 647 2208 J
648 2143 784 2208 ohannis
799 2152 859 2208 etc

403 2250 446 2314 Et
469 2248 606 2313 Alditha
629 2249 722 2313 uenit
747 2256 782 2312 et
807 2247 957 2334 producit
983 2246 1163 2333 predictam
1188 2247 1318 2313 Sarrum
1341 2248 1447 2313 filiam

338 2374 430 2418 suam
445 2361 479 2416 et
494 2351 573 2417 dicit
589 2350 675 2437 quod
689 2350 777 2416 idem
792 2352 958 2417 Johannes
974 2351 1027 2416 uir
1040 2374 1119 2417 suus
1133 2351 1250 2417 habuit
1270 2352 1448 2439 quemdam

338 2457 441 2522 filium
465 2456 522 2543 qui
543 2465 594 2521 est
615 2456 649 2519 in
672 2456 820 2521 custodia
841 2456 942 2543 ipsius
965 2456 1113 2521 Gaufridi
1136 2458 1247 2545 etqui
1268 2456 1364 2522 heres
1386 2466 1448 2523 est

339 2563 383 2627 Et
400 2563 495 2627 Sana
508 2561 646 2627 liberata
659 2561 725 2626 est‘
739 2562 885 2649 predicto
901 2561 1056 2628 Gaufrido
1070 2571 1106 2627 et
1120 2562 1189 2649 ipse
1204 2585 1277 2628 eam
1291 2563 1449 2628 liberauit

339 2665 450 2731 stetim
466 2665 600 2730 Aldithe
615 2665 712 2730 matri
727 2688 784 2731 sue
799 2688 874 2730 cum
889 2665 1014 2731 catallis
1034 2665 1102 2730 suis
1122 2665 1182 2731 tali
1200 2665 1296 2731 modo
1316 2667 1449 2754 quodsi

339 2769 379 2834 de
394 2769 538 2855 predicto
550 2769 616 2834 filio
631 2777 666 2834 et
681 2770 798 2835 herede
813 2771 1004 2835 humanitus
1018 2770 1188 2859 contingat
1198 2780 1233 2836 et
1243 2772 1315 2837 sine
1325 2772 1448 2836 herede

339 2873 379 2940 de
395 2897 429 2938 sc
444 2875 600 2939 moriatur
614 2883 648 2939 et
663 2874 734 2960 ipsa
749 2875 846 2940 Sarra
859 2898 924 2940 non
939 2875 983 2940 sit
997 2875 1152 2941 maritata
1170 2884 1317 2963 tempore
1332 2875 1449 2941 mortis

339 2979 441 3064 ipsius
466 2978 526 3042 filii
551 2978 637 3065 quod
664 2979 811 3064 predicte
839 2979 978 3045 Alditha
1006 2989 1112 3045 mater
1139 3003 1199 3045 sua
1227 3002 1299 3045 eam
1330 2979 1449 3045 reddat

339 3081 444 3147 eidem
461 3080 605 3147 Galfrido
619 3083 758 3146 solutam
774 3092 809 3148 et
823 3106 888 3147 non
902 3083 1098 3161 maritatam,
1113 3084 1190 3148 etsi
1209 3091 1287 3147 ante
1307 3093 1450 3149 mortem

338 3186 440 3272 ipsius
461 3185 521 3249 filii
543 3184 696 3250 maritata
717 3186 817 3250 fuerit
838 3185 924 3272 quod
944 3185 1015 3272 ipsa
1034 3185 1173 3252 Alditha
1191 3184 1233 3252 de
1253 3186 1315 3251 hoc
1333 3187 1452 3274 quieta

339 3298 505 3355 remaneat
519 3297 578 3354 etc

209 3408 300 3471 1113,
404 3393 802 3480 'GilibertusdeSegraue
815 3395 1032 3460 summonitus
1042 3394 1451 3482 fuitadrespondendum⁶

218 3508 292 3550 Norht
341 3497 436 3564 Dom.
460 3497 544 3585 Regi
565 3499 745 3563 manerium
768 3499 809 3564 de
831 3499 978 3565 Burtona
996 3499 1082 3587 quod
1104 3508 1155 3566 est
1177 3500 1329 3566 eschaeta
1353 3501 1449 3567 Dum

343 3601 442 3690 Regis
478 3610 513 3666 et
550 3601 636 3687 quod
673 3601 778 3667 eidem
816 3603 976 3670 Giliherto
1005 3604 1161 3669 concessit
1189 3626 1248 3690 per
1275 3606 1451 3671 consilium

344 3707 503 3793 Stephani
518 3705 558 3770 de
575 3706 718 3794 Segmue
733 3707 835 3792 patris
849 3708 901 3773 sui
915 3717 975 3773 etc

407 3813 452 3877 Et
465 3811 559 3876 uenit
573 3812 642 3898 ipse
665 3820 699 3876 et
719 3812 799 3878 dicit
819 3812 905 3899 quod
924 3820 998 3899 post
1019 3812 1307 3877 summouicionem
1327 3813 1451 3879 factam

342 3916 373 3982 ei
387 3915 428 3981 de
443 3914 555 3980 eodem
572 3915 714 3981 manerio
729 3925 779 3981 est
794 3917 863 4002 ipse
878 3916 1059 3982 disseisitus
1078 3938 1137 4003 per
1156 3917 1401 3983 Merescallum'
1415 3928 1452 3984 et

375 4061 384 4095 ¹
401 4063 507 4126 Roffum,
520 4061 554 4122 Δ;
571 4061 720 4112 Rochester.
918 4065 1084 4114 Natiuitatis.
1118 4062 1183 4113 This
1193 4067 1266 4114 must
1281 4065 1351 4115 refer
1365 4069 1395 4117 to
1405 4065 1452 4117 the

375 4127 386 4160 ²
401 4127 441 4176 No
452 4142 559 4190 persons
565 4127 695 4178 namedin
708 4129 742 4188 13
760 4129 869 4178 oliorum
918 4128 1040 4192 birthday
1051 4129 1080 4178 of
1089 4130 1144 4179 Our
1154 4131 1264 4194 Lody‚8
1276 4131 1350 4194 Sept.

343 4193 616 4256 referstopersonsin
627 4194 737 4255 general.
950 4194 1048 4246 ‘Corn
1062 4195 1264 4252 reddendum&

376 4259 433 4307 1Δ.
462 4273 496 4308 m.
525 4260 549 4307 8.
594 4258 725 4322 Reuding;
760 4257 868 4322 Sunday
950 4258 1091 4309 ⁷Bichard
1113 4260 1177 4309 Earl
1201 4259 1338 4319 Msrshall.
1362 4262 1451 4314 whose

343 4325 409 4375 after
419 4323 463 4374 the
475 4323 653 4388 Assumption.
918 4323 1059 4374 adherente
1070 4324 1121 4373 had
1136 4325 1249 4388 ravaged
1266 4324 1313 4375 the
1329 4326 1411 4378 lando
1425 4329 1455 4379 of

375 4389 439 4439 *ert
450 4389 575 4452 repeated.
919 4389 1027 4450 Segrare
1038 4389 1084 4439 the
1094 4388 1222 4452 justiciar.

374 4453 386 4487 ⁸
401 4456 432 4504 A.
443 4469 479 4506 m.
492 4455 522 4503 12
529 4453 555 4504 d.
572 4453 707 4515 Windsor3
721 4455 750 4504 io
758 4456 868 4504 crastino
