<?xml version="1.0" encoding="UTF-8"?>
<!DOCTYPE html PUBLIC "-//W3C//DTD XHTML 1.0 Transitional//EN"
    "http://www.w3.org/TR/xhtml1/DTD/xhtml1-transitional.dtd">
<html xmlns="http://www.w3.org/1999/xhtml" xml:lang="en" lang="en">
 <head>
  <title>
</title>
<meta http-equiv="Content-Type" content="text/html;charset=utf-8" />
  <meta name='ocr-system' content='tesseract 3.04.00' />
  <meta name='ocr-capabilities' content='ocr_page ocr_carea ocr_par ocr_line ocrx_word'/>
</head>
<body>
  <div class='ocr_page' id='page_1' title='image "bractonsnoteboo03maitgoog_0663.png"; bbox 0 0 3167 5075; ppageno 0'>
   <div class='ocr_carea' id='block_1_1' title="bbox 436 369 1240 450">
    <p class='ocr_par' dir='ltr' id='par_1_1' title="bbox 436 369 1240 450">
     <span class='ocr_line' id='line_1_1' title="bbox 436 369 1240 450; baseline -0.001 -10"><span class='ocrx_word' id='word_1_1' title='bbox 436 385 504 440; x_wconf 63' lang='lat' dir='ltr'>tn.</span> <span class='ocrx_word' id='word_1_2' title='bbox 527 369 686 450; x_wconf 77' lang='grc'><strong>1226-7,</strong></span> <span class='ocrx_word' id='word_1_3' title='bbox 708 385 771 438; x_wconf 70' lang='lat' dir='ltr'>nn</span> <span class='ocrx_word' id='word_1_4' title='bbox 798 372 936 439; x_wconf 88' lang='lat'>10-11.</span> <span class='ocrx_word' id='word_1_5' title='bbox 1176 373 1240 439; x_wconf 78' lang='lat'>649</span> 
     </span>
    </p>
   </div>
   <div class='ocr_carea' id='block_1_2' title="bbox 41 558 1259 4286">
    <p class='ocr_par' dir='ltr' id='par_1_2' title="bbox 139 558 1242 935">
     <span class='ocr_line' id='line_1_2' title="bbox 199 558 1241 649; baseline 0.003 -25"><span class='ocrx_word' id='word_1_6' title='bbox 199 559 243 624; x_wconf 89' lang='lat' dir='ltr'>Et</span> <span class='ocrx_word' id='word_1_7' title='bbox 257 558 422 624; x_wconf 85' lang='lat' dir='ltr'>Walterus</span> <span class='ocrx_word' id='word_1_8' title='bbox 437 558 589 646; x_wconf 84' lang='lat' dir='ltr'>cognouit</span> <span class='ocrx_word' id='word_1_9' title='bbox 604 558 690 645; x_wconf 91' lang='lat' dir='ltr'>quod</span> <span class='ocrx_word' id='word_1_10' title='bbox 706 558 824 626; x_wconf 86' lang='lat' dir='ltr'>habuit</span> <span class='ocrx_word' id='word_1_11' title='bbox 838 560 971 626; x_wconf 82' lang='lat' dir='ltr'>hotrem</span> <span class='ocrx_word' id='word_1_12' title='bbox 985 559 1241 649; x_wconf 79' lang='lat' dir='ltr'>primogenitum</span> 
     </span>
     <span class='ocr_line' id='line_1_3' title="bbox 140 661 1242 751; baseline 0.004 -24"><span class='ocrx_word' id='word_1_13' title='bbox 140 662 191 749; x_wconf 88' lang='lat' dir='ltr'>qui</span> <span class='ocrx_word' id='word_1_14' title='bbox 205 662 305 728; x_wconf 86' lang='lat' dir='ltr'>habet</span> <span class='ocrx_word' id='word_1_15' title='bbox 320 661 403 728; x_wconf 86' lang='lat' dir='ltr'>filios</span> <span class='ocrx_word' id='word_1_16' title='bbox 418 663 617 748; x_wconf 77' lang='lat' dir='ltr'>superstites.</span> <span class='ocrx_word' id='word_1_17' title='bbox 662 663 707 726; x_wconf 86' lang='lat' dir='ltr'>Et</span> <span class='ocrx_word' id='word_1_18' title='bbox 727 661 801 728; x_wconf 88' lang='lat' dir='ltr'>ideo</span> <span class='ocrx_word' id='word_1_19' title='bbox 817 663 1057 730; x_wconf 77' lang='lat' dir='ltr'>consideratum</span> <span class='ocrx_word' id='word_1_20' title='bbox 1081 673 1133 730; x_wconf 84' lang='lat' dir='ltr'>est</span> <span class='ocrx_word' id='word_1_21' title='bbox 1154 663 1242 751; x_wconf 94' lang='lat' dir='ltr'>quod</span> 
     </span>
     <span class='ocr_line' id='line_1_4' title="bbox 140 765 1242 856; baseline 0.005 -26"><span class='ocrx_word' id='word_1_22' title='bbox 140 765 235 830; x_wconf 78' lang='lat' dir='ltr'>assisa</span> <span class='ocrx_word' id='word_1_23' title='bbox 271 775 449 845; x_wconf 88' lang='lat' dir='ltr'>remaneat,</span> <span class='ocrx_word' id='word_1_24' title='bbox 485 775 520 832; x_wconf 85' lang='lat' dir='ltr'>et</span> <span class='ocrx_word' id='word_1_25' title='bbox 555 767 721 832; x_wconf 84' lang='lat' dir='ltr'>Walterus</span> <span class='ocrx_word' id='word_1_26' title='bbox 755 767 790 832; x_wconf 91' lang='lat' dir='ltr'>in</span> <span class='ocrx_word' id='word_1_27' title='bbox 819 768 1039 834; x_wconf 80' lang='lat' dir='ltr'>misericordia</span> <span class='ocrx_word' id='word_1_28' title='bbox 1067 791 1126 856; x_wconf 87' lang='lat' dir='ltr'>pro</span> <span class='ocrx_word' id='word_1_29' title='bbox 1160 770 1242 836; x_wconf 78' lang='lat' dir='ltr'>falso</span> 
     </span>
     <span class='ocr_line' id='line_1_5' title="bbox 139 871 346 935; baseline 0.005 -1"><span class='ocrx_word' id='word_1_30' title='bbox 139 871 272 935; x_wconf 86' lang='lat' dir='ltr'>clamore</span> <span class='ocrx_word' id='word_1_31' title='bbox 287 878 346 935; x_wconf 82' lang='lat' dir='ltr'>eta</span> 
     </span>
    </p>

    <p class='ocr_par' dir='ltr' id='par_1_3' title="bbox 49 964 1243 1894">
     <span class='ocr_line' id='line_1_6' title="bbox 49 964 1242 1064; baseline 0.007 -28"><span class='ocrx_word' id='word_1_32' title='bbox 49 977 105 1042; x_wconf 83' lang='lat'>853.</span> <span class='ocrx_word' id='word_1_33' title='bbox 199 964 310 1040; x_wconf 86' lang='lat' dir='ltr'>Assisa</span> <span class='ocrx_word' id='word_1_34' title='bbox 324 973 417 1039; x_wconf 87' lang='lat' dir='ltr'>uenit</span> <span class='ocrx_word' id='word_1_35' title='bbox 431 975 637 1062; x_wconf 74' lang='lat' dir='ltr'>recognitum</span> <span class='ocrx_word' id='word_1_36' title='bbox 651 975 679 1040; x_wconf 90' lang='lat' dir='ltr'>si</span> <span class='ocrx_word' id='word_1_37' title='bbox 695 975 796 1063; x_wconf 81' lang='lat' dir='ltr'>Hugo</span> <span class='ocrx_word' id='word_1_38' title='bbox 810 975 851 1044; x_wconf 90' lang='lat' dir='ltr'>de</span> <span class='ocrx_word' id='word_1_39' title='bbox 862 977 1016 1044; x_wconf 82' lang='lat' dir='ltr'>Dereleld</span> <span class='ocrx_word' id='word_1_40' title='bbox 1027 986 1122 1064; x_wconf 87' lang='lat' dir='ltr'>pater</span> <span class='ocrx_word' id='word_1_41' title='bbox 1134 978 1242 1044; x_wconf 79' lang='grc'><strong>1111616</strong></span> 
     </span>
     <span class='ocr_line' id='line_1_7' title="bbox 137 1076 1241 1148; baseline 0.005 -7"><span class='ocrx_word' id='word_1_42' title='bbox 137 1076 197 1142; x_wconf 85' lang='lat' dir='ltr'>fuit</span> <span class='ocrx_word' id='word_1_43' title='bbox 211 1077 343 1142; x_wconf 83' lang='lat' dir='ltr'>saisitus</span> <span class='ocrx_word' id='word_1_44' title='bbox 357 1077 392 1141; x_wconf 92' lang='lat' dir='ltr'>in</span> <span class='ocrx_word' id='word_1_45' title='bbox 407 1077 568 1142; x_wconf 86' lang='lat' dir='ltr'>dominico</span> <span class='ocrx_word' id='word_1_46' title='bbox 582 1100 640 1142; x_wconf 93' lang='lat' dir='ltr'>suo</span> <span class='ocrx_word' id='word_1_47' title='bbox 656 1086 716 1144; x_wconf 89' lang='lat' dir='ltr'>eto.</span> <span class='ocrx_word' id='word_1_48' title='bbox 731 1078 772 1145; x_wconf 92' lang='lat' dir='ltr'>de</span> <span class='ocrx_word' id='word_1_49' title='bbox 788 1079 916 1146; x_wconf 85' lang='lat' dir='ltr'>duabus</span> <span class='ocrx_word' id='word_1_50' title='bbox 934 1082 1043 1147; x_wconf 84' lang='lat' dir='ltr'>bouat</span> <span class='ocrx_word' id='word_1_51' title='bbox 1058 1089 1145 1147; x_wconf 89' lang='lat' dir='ltr'>terro</span> <span class='ocrx_word' id='word_1_52' title='bbox 1166 1104 1241 1148; x_wconf 86' lang='lat' dir='ltr'>oum</span> 
     </span>
     <span class='ocr_line' id='line_1_8' title="bbox 136 1181 1241 1271; baseline 0.005 -26"><span class='ocrx_word' id='word_1_53' title='bbox 136 1189 212 1267; x_wconf 87' lang='lat' dir='ltr'>pert.</span> <span class='ocrx_word' id='word_1_54' title='bbox 238 1182 273 1246; x_wconf 90' lang='lat' dir='ltr'>in</span> <span class='ocrx_word' id='word_1_55' title='bbox 296 1181 487 1246; x_wconf 86' lang='lat' dir='ltr'>Derelordia</span> <span class='ocrx_word' id='word_1_56' title='bbox 510 1181 564 1247; x_wconf 94' lang='grc'><strong>(116</strong></span> <span class='ocrx_word' id='word_1_57' title='bbox 591 1191 661 1259; x_wconf 79' lang='lat' dir='ltr'>eto,</span> <span class='ocrx_word' id='word_1_58' title='bbox 690 1195 725 1248; x_wconf 88' lang='lat' dir='ltr'>et</span> <span class='ocrx_word' id='word_1_59' title='bbox 754 1183 875 1260; x_wconf 76' lang='grc'><strong>61616,</strong></span> <span class='ocrx_word' id='word_1_60' title='bbox 904 1207 1002 1271; x_wconf 89' lang='lat' dir='ltr'>quam</span> <span class='ocrx_word' id='word_1_61' title='bbox 1031 1193 1152 1251; x_wconf 85' lang='lat' dir='ltr'>terram</span> <span class='ocrx_word' id='word_1_62' title='bbox 1178 1193 1241 1252; x_wconf 85' lang='lat' dir='ltr'>eto.</span> 
     </span>
     <span class='ocr_line' id='line_1_9' title="bbox 136 1285 1242 1376; baseline 0.005 -26"><span class='ocrx_word' id='word_1_63' title='bbox 136 1285 290 1352; x_wconf 84' lang='lat' dir='ltr'>Ricardus</span> <span class='ocrx_word' id='word_1_64' title='bbox 304 1309 442 1372; x_wconf 88' lang='lat' dir='ltr'>persona</span> <span class='ocrx_word' id='word_1_65' title='bbox 455 1286 496 1351; x_wconf 90' lang='lat' dir='ltr'>de</span> <span class='ocrx_word' id='word_1_66' title='bbox 508 1287 662 1352; x_wconf 89' lang='lat' dir='ltr'>Dereseld</span> <span class='ocrx_word' id='word_1_67' title='bbox 678 1295 778 1354; x_wconf 88' lang='lat' dir='ltr'>tenet.</span> <span class='ocrx_word' id='word_1_68' title='bbox 823 1288 890 1368; x_wconf 80' lang='lat' dir='ltr'>Qui</span> <span class='ocrx_word' id='word_1_69' title='bbox 905 1289 999 1354; x_wconf 86' lang='lat' dir='ltr'>uenit</span> <span class='ocrx_word' id='word_1_70' title='bbox 1013 1297 1048 1354; x_wconf 86' lang='lat' dir='ltr'>et</span> <span class='ocrx_word' id='word_1_71' title='bbox 1062 1289 1242 1376; x_wconf 82' lang='lat' dir='ltr'>dicitquod</span> 
     </span>
     <span class='ocr_line' id='line_1_10' title="bbox 134 1388 1242 1476; baseline 0.004 -22"><span class='ocrx_word' id='word_1_72' title='bbox 134 1389 233 1454; x_wconf 79' lang='lat' dir='ltr'>assisa</span> <span class='ocrx_word' id='word_1_73' title='bbox 255 1411 320 1454; x_wconf 93' lang='lat' dir='ltr'>non</span> <span class='ocrx_word' id='word_1_74' title='bbox 340 1388 438 1454; x_wconf 90' lang='lat' dir='ltr'>debet</span> <span class='ocrx_word' id='word_1_75' title='bbox 455 1388 532 1454; x_wconf 88' lang='lat' dir='ltr'>inde</span> <span class='ocrx_word' id='word_1_76' title='bbox 553 1389 631 1467; x_wconf 87' lang='lat' dir='ltr'>lieri,</span> <span class='ocrx_word' id='word_1_77' title='bbox 646 1389 725 1476; x_wconf 90' lang='lat' dir='ltr'>quia</span> <span class='ocrx_word' id='word_1_78' title='bbox 746 1389 883 1456; x_wconf 84' lang='lat' dir='ltr'>eeclesia</span> <span class='ocrx_word' id='word_1_79' title='bbox 904 1414 965 1457; x_wconf 87' lang='lat' dir='ltr'>sua</span> <span class='ocrx_word' id='word_1_80' title='bbox 983 1393 1048 1457; x_wconf 82' lang='lat' dir='ltr'>luit</span> <span class='ocrx_word' id='word_1_81' title='bbox 1067 1392 1179 1458; x_wconf 86' lang='lat' dir='ltr'>seisita</span> <span class='ocrx_word' id='word_1_82' title='bbox 1199 1393 1242 1458; x_wconf 91' lang='lat' dir='ltr'>de</span> 
     </span>
     <span class='ocr_line' id='line_1_11' title="bbox 133 1495 1242 1583; baseline 0.002 -23"><span class='ocrx_word' id='word_1_83' title='bbox 133 1495 279 1581; x_wconf 86' lang='lat' dir='ltr'>predicta</span> <span class='ocrx_word' id='word_1_84' title='bbox 305 1503 392 1561; x_wconf 86' lang='lat' dir='ltr'>terra</span> <span class='ocrx_word' id='word_1_85' title='bbox 417 1505 548 1562; x_wconf 82' lang='lat' dir='ltr'>centum</span> <span class='ocrx_word' id='word_1_86' title='bbox 575 1495 669 1562; x_wconf 92' lang='lat' dir='ltr'>annis</span> <span class='ocrx_word' id='word_1_87' title='bbox 697 1495 871 1561; x_wconf 78' lang='lat' dir='ltr'>transactis</span> <span class='ocrx_word' id='word_1_88' title='bbox 896 1504 931 1560; x_wconf 89' lang='lat' dir='ltr'>et</span> <span class='ocrx_word' id='word_1_89' title='bbox 961 1517 999 1562; x_wconf 93' lang='lat' dir='ltr'>eo</span> <span class='ocrx_word' id='word_1_90' title='bbox 1028 1497 1177 1583; x_wconf 87' lang='lat' dir='ltr'>amplius,</span> <span class='ocrx_word' id='word_1_91' title='bbox 1206 1504 1242 1563; x_wconf 89' lang='lat' dir='ltr'>et</span> 
     </span>
     <span class='ocr_line' id='line_1_12' title="bbox 133 1599 1242 1688; baseline 0.004 -24"><span class='ocrx_word' id='word_1_92' title='bbox 133 1621 244 1666; x_wconf 89' lang='lat' dir='ltr'>omnes</span> <span class='ocrx_word' id='word_1_93' title='bbox 259 1623 393 1686; x_wconf 90' lang='lat' dir='ltr'>persone</span> <span class='ocrx_word' id='word_1_94' title='bbox 413 1600 500 1665; x_wconf 82' lang='lat' dir='ltr'>dicte</span> <span class='ocrx_word' id='word_1_95' title='bbox 522 1599 655 1666; x_wconf 84' lang='lat' dir='ltr'>ecclesie</span> <span class='ocrx_word' id='word_1_96' title='bbox 674 1599 715 1666; x_wconf 92' lang='lat' dir='ltr'>de</span> <span class='ocrx_word' id='word_1_97' title='bbox 733 1623 872 1686; x_wconf 84' lang='lat' dir='ltr'>persona</span> <span class='ocrx_word' id='word_1_98' title='bbox 891 1600 928 1666; x_wconf 94' lang='lat' dir='ltr'>in</span> <span class='ocrx_word' id='word_1_99' title='bbox 947 1623 1117 1688; x_wconf 80' lang='lat' dir='ltr'>personam</span> <span class='ocrx_word' id='word_1_100' title='bbox 1138 1601 1242 1668; x_wconf 87' lang='lat' dir='ltr'>seisiti</span> 
     </span>
     <span class='ocr_line' id='line_1_13' title="bbox 131 1703 1243 1793; baseline 0.003 -25"><span class='ocrx_word' id='word_1_101' title='bbox 131 1704 265 1770; x_wconf 86' lang='lat' dir='ltr'>luerunt</span> <span class='ocrx_word' id='word_1_102' title='bbox 288 1704 329 1769; x_wconf 97' lang='grc'>(16</span> <span class='ocrx_word' id='word_1_103' title='bbox 351 1703 498 1790; x_wconf 86' lang='lat' dir='ltr'>prodicta</span> <span class='ocrx_word' id='word_1_104' title='bbox 520 1712 615 1781; x_wconf 88' lang='lat' dir='ltr'>terra,</span> <span class='ocrx_word' id='word_1_105' title='bbox 637 1703 724 1769; x_wconf 91' lang='lat' dir='ltr'>unde</span> <span class='ocrx_word' id='word_1_106' title='bbox 746 1725 813 1770; x_wconf 93' lang='lat' dir='ltr'>non</span> <span class='ocrx_word' id='word_1_107' title='bbox 834 1704 968 1770; x_wconf 90' lang='lat' dir='ltr'>uidetur</span> <span class='ocrx_word' id='word_1_108' title='bbox 985 1705 1017 1770; x_wconf 91' lang='grc'>61</span> <span class='ocrx_word' id='word_1_109' title='bbox 1038 1705 1125 1792; x_wconf 93' lang='lat' dir='ltr'>quod</span> <span class='ocrx_word' id='word_1_110' title='bbox 1143 1728 1243 1793; x_wconf 84' lang='lat' dir='ltr'>super</span> 
     </span>
     <span class='ocr_line' id='line_1_14' title="bbox 131 1807 635 1894; baseline -0.002 -21"><span class='ocrx_word' id='word_1_111' title='bbox 131 1807 189 1874; x_wconf 86' lang='lat' dir='ltr'>hoe</span> <span class='ocrx_word' id='word_1_112' title='bbox 204 1808 326 1874; x_wconf 87' lang='lat' dir='ltr'>debeat</span> <span class='ocrx_word' id='word_1_113' title='bbox 341 1807 441 1874; x_wconf 87' lang='lat' dir='ltr'>assisa</span> <span class='ocrx_word' id='word_1_114' title='bbox 455 1807 635 1894; x_wconf 87' lang='lat' dir='ltr'>procedere.</span> 
     </span>
    </p>

    <p class='ocr_par' dir='ltr' id='par_1_4' title="bbox 124 1907 1241 2494">
     <span class='ocr_line' id='line_1_15' title="bbox 194 1907 1241 1996; baseline 0.001 -22"><span class='ocrx_word' id='word_1_115' title='bbox 194 1911 241 1975; x_wconf 90' lang='lat' dir='ltr'>Et</span> <span class='ocrx_word' id='word_1_116' title='bbox 255 1910 364 1975; x_wconf 85' lang='lat' dir='ltr'>Alioia</span> <span class='ocrx_word' id='word_1_117' title='bbox 377 1911 457 1975; x_wconf 89' lang='lat' dir='ltr'>dicit</span> <span class='ocrx_word' id='word_1_118' title='bbox 472 1909 559 1996; x_wconf 91' lang='lat' dir='ltr'>quod</span> <span class='ocrx_word' id='word_1_119' title='bbox 574 1907 707 1995; x_wconf 92' lang='lat' dir='ltr'>quidam</span> <span class='ocrx_word' id='word_1_120' title='bbox 723 1909 910 1974; x_wconf 89' lang='lat' dir='ltr'>Willelmus</span> <span class='ocrx_word' id='word_1_121' title='bbox 923 1909 965 1974; x_wconf 86' lang='lat' dir='ltr'>do</span> <span class='ocrx_word' id='word_1_122' title='bbox 980 1908 1135 1976; x_wconf 83' lang='lat' dir='ltr'>Horbiria</span> <span class='ocrx_word' id='word_1_123' title='bbox 1148 1909 1241 1976; x_wconf 86' lang='lat' dir='ltr'>dedit</span> 
     </span>
     <span class='ocr_line' id='line_1_16' title="bbox 129 2013 1241 2101; baseline 0.003 -24"><span class='ocrx_word' id='word_1_124' title='bbox 129 2021 251 2080; x_wconf 86' lang='lat' dir='ltr'>terram</span> <span class='ocrx_word' id='word_1_125' title='bbox 280 2015 371 2080; x_wconf 87' lang='lat' dir='ltr'>illam</span> <span class='ocrx_word' id='word_1_126' title='bbox 397 2015 546 2100; x_wconf 85' lang='lat' dir='ltr'>Reynero</span> <span class='ocrx_word' id='word_1_127' title='bbox 571 2014 659 2100; x_wconf 90' lang='lat' dir='ltr'>patri</span> <span class='ocrx_word' id='word_1_128' title='bbox 683 2013 785 2100; x_wconf 87' lang='lat' dir='ltr'>ipsius</span> <span class='ocrx_word' id='word_1_129' title='bbox 811 2013 963 2101; x_wconf 81' lang='lat' dir='ltr'>Hugonis</span> <span class='ocrx_word' id='word_1_130' title='bbox 992 2023 1027 2079; x_wconf 89' lang='lat' dir='ltr'>et</span> <span class='ocrx_word' id='word_1_131' title='bbox 1051 2037 1116 2080; x_wconf 87' lang='lat' dir='ltr'>auo</span> <span class='ocrx_word' id='word_1_132' title='bbox 1144 2013 1241 2080; x_wconf 88' lang='lat' dir='ltr'>istius</span> 
     </span>
     <span class='ocr_line' id='line_1_17' title="bbox 128 2116 1240 2204; baseline 0.002 -22"><span class='ocrx_word' id='word_1_133' title='bbox 128 2117 233 2183; x_wconf 83' lang='lat' dir='ltr'>Alieie</span> <span class='ocrx_word' id='word_1_134' title='bbox 248 2140 308 2204; x_wconf 91' lang='lat' dir='ltr'>per</span> <span class='ocrx_word' id='word_1_135' title='bbox 322 2127 443 2183; x_wconf 85' lang='lat' dir='ltr'>cartam</span> <span class='ocrx_word' id='word_1_136' title='bbox 458 2141 551 2183; x_wconf 87' lang='lat' dir='ltr'>suam</span> <span class='ocrx_word' id='word_1_137' title='bbox 567 2141 664 2204; x_wconf 85' lang='lat' dir='ltr'>quam</span> <span class='ocrx_word' id='word_1_138' title='bbox 685 2120 808 2204; x_wconf 85' lang='lat' dir='ltr'>profert</span> <span class='ocrx_word' id='word_1_139' title='bbox 827 2126 862 2183; x_wconf 88' lang='lat' dir='ltr'>et</span> <span class='ocrx_word' id='word_1_140' title='bbox 882 2139 945 2204; x_wconf 90' lang='lat' dir='ltr'>que</span> <span class='ocrx_word' id='word_1_141' title='bbox 960 2116 1021 2182; x_wconf 90' lang='lat' dir='ltr'>hoo</span> <span class='ocrx_word' id='word_1_142' title='bbox 1035 2125 1185 2196; x_wconf 83' lang='lat' dir='ltr'>testatur,</span> <span class='ocrx_word' id='word_1_143' title='bbox 1205 2126 1240 2184; x_wconf 88' lang='lat' dir='ltr'>et</span> 
     </span>
     <span class='ocr_line' id='line_1_18' title="bbox 127 2221 1238 2310; baseline 0.001 -24"><span class='ocrx_word' id='word_1_144' title='bbox 127 2222 213 2308; x_wconf 92' lang='lat' dir='ltr'>quod</span> <span class='ocrx_word' id='word_1_145' title='bbox 243 2222 355 2286; x_wconf 89' lang='lat' dir='ltr'>nullus</span> <span class='ocrx_word' id='word_1_146' title='bbox 384 2221 589 2307; x_wconf 84' lang='lat' dir='ltr'>predecessor</span> <span class='ocrx_word' id='word_1_147' title='bbox 618 2221 721 2307; x_wconf 90' lang='lat' dir='ltr'>ipsius</span> <span class='ocrx_word' id='word_1_148' title='bbox 750 2221 909 2310; x_wconf 83' lang='lat' dir='ltr'>Reyneri¹</span> <span class='ocrx_word' id='word_1_149' title='bbox 938 2222 1003 2288; x_wconf 88' lang='lat' dir='ltr'>fuit</span> <span class='ocrx_word' id='word_1_150' title='bbox 1031 2221 1162 2288; x_wconf 86' lang='lat' dir='ltr'>seisitus</span> <span class='ocrx_word' id='word_1_151' title='bbox 1196 2222 1238 2288; x_wconf 90' lang='lat' dir='ltr'>de</span> 
     </span>
     <span class='ocr_line' id='line_1_19' title="bbox 124 2322 1239 2412; baseline -0.002 -22"><span class='ocrx_word' id='word_1_152' title='bbox 124 2325 277 2412; x_wconf 84' lang='lat' dir='ltr'>predicta</span> <span class='ocrx_word' id='word_1_153' title='bbox 290 2332 377 2390; x_wconf 85' lang='lat' dir='ltr'>terra</span> <span class='ocrx_word' id='word_1_154' title='bbox 396 2332 473 2390; x_wconf 86' lang='lat' dir='ltr'>anto</span> <span class='ocrx_word' id='word_1_155' title='bbox 488 2325 596 2411; x_wconf 89' lang='lat' dir='ltr'>ipsum</span> <span class='ocrx_word' id='word_1_156' title='bbox 618 2325 815 2411; x_wconf 89' lang='lat' dir='ltr'>Reynerum,</span> <span class='ocrx_word' id='word_1_157' title='bbox 829 2333 865 2389; x_wconf 91' lang='lat' dir='ltr'>et</span> <span class='ocrx_word' id='word_1_158' title='bbox 881 2322 958 2389; x_wconf 90' lang='lat' dir='ltr'>inde</span> <span class='ocrx_word' id='word_1_159' title='bbox 973 2323 1066 2410; x_wconf 88' lang='lat' dir='ltr'>ponit</span> <span class='ocrx_word' id='word_1_160' title='bbox 1087 2345 1122 2389; x_wconf 90' lang='grc'>66</span> <span class='ocrx_word' id='word_1_161' title='bbox 1141 2345 1239 2410; x_wconf 90' lang='lat' dir='ltr'>super</span> 
     </span>
     <span class='ocr_line' id='line_1_20' title="bbox 124 2451 271 2494; baseline 0 0"><span class='ocrx_word' id='word_1_162' title='bbox 124 2451 271 2494; x_wconf 76' lang='grc'><strong>66616661.</strong></span> 
     </span>
    </p>

    <p class='ocr_par' dir='ltr' id='par_1_5' title="bbox 112 2530 1259 3758">
     <span class='ocr_line' id='line_1_21' title="bbox 188 2530 1239 2629; baseline -0.002 -30"><span class='ocrx_word' id='word_1_163' title='bbox 188 2533 214 2599; x_wconf 85' lang='lat' dir='ltr'><strong>J</strong></span> <span class='ocrx_word' id='word_1_164' title='bbox 215 2542 364 2598; x_wconf 88' lang='lat' dir='ltr'>uratores</span> <span class='ocrx_word' id='word_1_165' title='bbox 374 2531 488 2598; x_wconf 85' lang='lat' dir='ltr'>dieunt</span> <span class='ocrx_word' id='word_1_166' title='bbox 500 2531 587 2619; x_wconf 93' lang='lat' dir='ltr'>quod</span> <span class='ocrx_word' id='word_1_167' title='bbox 597 2532 767 2629; x_wconf 81' lang='lat' dir='ltr'>predictus</span> <span class='ocrx_word' id='word_1_168' title='bbox 778 2532 947 2619; x_wconf 83' lang='lat' dir='ltr'>Reynerus</span> <span class='ocrx_word' id='word_1_169' title='bbox 957 2531 1006 2597; x_wconf 86' lang='lat' dir='ltr'>ita</span> <span class='ocrx_word' id='word_1_170' title='bbox 1014 2530 1078 2598; x_wconf 80' lang='lat' dir='ltr'>fuit</span> <span class='ocrx_word' id='word_1_171' title='bbox 1088 2531 1239 2597; x_wconf 83' lang='lat' dir='ltr'>leoffatus</span> 
     </span>
     <span class='ocr_line' id='line_1_22' title="bbox 122 2634 1238 2725; baseline -0.003 -22"><span class='ocrx_word' id='word_1_172' title='bbox 122 2660 182 2725; x_wconf 90' lang='lat' dir='ltr'>per</span> <span class='ocrx_word' id='word_1_173' title='bbox 196 2637 384 2725; x_wconf 82' lang='lat' dir='ltr'>predictum</span> <span class='ocrx_word' id='word_1_174' title='bbox 400 2636 603 2702; x_wconf 89' lang='lat' dir='ltr'>Willelmum</span> <span class='ocrx_word' id='word_1_175' title='bbox 619 2637 703 2703; x_wconf 86' lang='lat' dir='ltr'>siout</span> <span class='ocrx_word' id='word_1_176' title='bbox 718 2637 902 2723; x_wconf 83' lang='lat' dir='ltr'>predictum</span> <span class='ocrx_word' id='word_1_177' title='bbox 917 2644 976 2714; x_wconf 89' lang='lat' dir='ltr'>est,</span> <span class='ocrx_word' id='word_1_178' title='bbox 991 2643 1026 2700; x_wconf 90' lang='lat' dir='ltr'>et</span> <span class='ocrx_word' id='word_1_179' title='bbox 1040 2635 1127 2721; x_wconf 92' lang='lat' dir='ltr'>quod</span> <span class='ocrx_word' id='word_1_180' title='bbox 1138 2634 1238 2723; x_wconf 81' lang='lat' dir='ltr'>Hugo</span> 
     </span>
     <span class='ocr_line' id='line_1_23' title="bbox 121 2739 1239 2828; baseline -0.002 -21"><span class='ocrx_word' id='word_1_181' title='bbox 121 2752 220 2828; x_wconf 90' lang='lat' dir='ltr'>pater</span> <span class='ocrx_word' id='word_1_182' title='bbox 235 2741 340 2827; x_wconf 89' lang='lat' dir='ltr'>ipsius</span> <span class='ocrx_word' id='word_1_183' title='bbox 354 2740 459 2805; x_wconf 88' lang='lat' dir='ltr'>Alioie</span> <span class='ocrx_word' id='word_1_184' title='bbox 475 2741 556 2806; x_wconf 88' lang='lat' dir='ltr'>obiit</span> <span class='ocrx_word' id='word_1_185' title='bbox 571 2741 702 2807; x_wconf 80' lang='lat' dir='ltr'>saisitus</span> <span class='ocrx_word' id='word_1_186' title='bbox 717 2749 756 2806; x_wconf 89' lang='lat' dir='ltr'>ut</span> <span class='ocrx_word' id='word_1_187' title='bbox 770 2741 812 2806; x_wconf 93' lang='lat' dir='ltr'>de</span> <span class='ocrx_word' id='word_1_188' title='bbox 827 2740 909 2805; x_wconf 89' lang='lat' dir='ltr'>laico</span> <span class='ocrx_word' id='word_1_189' title='bbox 923 2739 1017 2805; x_wconf 82' lang='lat' dir='ltr'>feodo</span> <span class='ocrx_word' id='word_1_190' title='bbox 1035 2740 1077 2805; x_wconf 89' lang='lat' dir='ltr'>de</span> <span class='ocrx_word' id='word_1_191' title='bbox 1091 2739 1239 2825; x_wconf 82' lang='lat' dir='ltr'>predicta</span> 
     </span>
     <span class='ocr_line' id='line_1_24' title="bbox 120 2843 1237 2921; baseline -0.002 -11"><span class='ocrx_word' id='word_1_192' title='bbox 120 2854 212 2910; x_wconf 89' lang='lat' dir='ltr'>terra</span> <span class='ocrx_word' id='word_1_193' title='bbox 227 2844 315 2909; x_wconf 86' lang='lat' dir='ltr'>infra</span> <span class='ocrx_word' id='word_1_194' title='bbox 331 2843 519 2921; x_wconf 88' lang='lat' dir='ltr'>terminum,</span> <span class='ocrx_word' id='word_1_195' title='bbox 533 2851 567 2907; x_wconf 87' lang='lat' dir='ltr'>et</span> <span class='ocrx_word' id='word_1_196' title='bbox 581 2866 646 2908; x_wconf 93' lang='lat' dir='ltr'>non</span> <span class='ocrx_word' id='word_1_197' title='bbox 666 2843 783 2909; x_wconf 91' lang='lat' dir='ltr'>habuit</span> <span class='ocrx_word' id='word_1_198' title='bbox 801 2851 922 2909; x_wconf 82' lang='lat' dir='ltr'>terram</span> <span class='ocrx_word' id='word_1_199' title='bbox 942 2843 1033 2909; x_wconf 90' lang='lat' dir='ltr'>illam</span> <span class='ocrx_word' id='word_1_200' title='bbox 1047 2851 1087 2908; x_wconf 87' lang='lat' dir='ltr'>ut</span> <span class='ocrx_word' id='word_1_201' title='bbox 1101 2844 1237 2909; x_wconf 86' lang='lat' dir='ltr'>liberam</span> 
     </span>
     <span class='ocr_line' id='line_1_25' title="bbox 120 2945 1238 3032; baseline 0.001 -21"><span class='ocrx_word' id='word_1_202' title='bbox 120 2947 338 3013; x_wconf 85' lang='lat' dir='ltr'>elemosinam</span> <span class='ocrx_word' id='word_1_203' title='bbox 367 2946 586 3032; x_wconf 86' lang='lat' dir='ltr'>pertinentem</span> <span class='ocrx_word' id='word_1_204' title='bbox 616 2946 659 3013; x_wconf 83' lang='lat' dir='ltr'>ad</span> <span class='ocrx_word' id='word_1_205' title='bbox 688 2946 857 3011; x_wconf 80' lang='lat' dir='ltr'>eeclesiam</span> <span class='ocrx_word' id='word_1_206' title='bbox 885 2947 928 3011; x_wconf 89' lang='grc'>(16</span> <span class='ocrx_word' id='word_1_207' title='bbox 957 2945 1118 3012; x_wconf 82' lang='lat' dir='ltr'>Dereleld.</span> <span class='ocrx_word' id='word_1_208' title='bbox 1177 2947 1238 3012; x_wconf 83' lang='lat' dir='ltr'>set</span> 
     </span>
     <span class='ocr_line' id='line_1_26' title="bbox 117 3049 1238 3137; baseline -0.002 -20"><span class='ocrx_word' id='word_1_209' title='bbox 117 3052 241 3117; x_wconf 87' lang='lat' dir='ltr'>dicunt</span> <span class='ocrx_word' id='word_1_210' title='bbox 258 3049 344 3136; x_wconf 92' lang='lat' dir='ltr'>quod</span> <span class='ocrx_word' id='word_1_211' title='bbox 358 3049 498 3135; x_wconf 83' lang='lat' dir='ltr'>quedam</span> <span class='ocrx_word' id='word_1_212' title='bbox 513 3072 586 3135; x_wconf 83' lang='lat' dir='ltr'>pars</span> <span class='ocrx_word' id='word_1_213' title='bbox 597 3050 724 3137; x_wconf 82' lang='lat' dir='ltr'>gardini</span> <span class='ocrx_word' id='word_1_214' title='bbox 736 3072 802 3136; x_wconf 90' lang='lat' dir='ltr'>quo</span> <span class='ocrx_word' id='word_1_215' title='bbox 813 3059 863 3116; x_wconf 86' lang='lat' dir='ltr'>est</span> <span class='ocrx_word' id='word_1_216' title='bbox 874 3049 962 3115; x_wconf 87' lang='lat' dir='ltr'>inter</span> <span class='ocrx_word' id='word_1_217' title='bbox 973 3059 1071 3115; x_wconf 85' lang='lat' dir='ltr'>uetus</span> <span class='ocrx_word' id='word_1_218' title='bbox 1081 3051 1238 3115; x_wconf 82' lang='lat' dir='ltr'>fossatum</span> 
     </span>
     <span class='ocr_line' id='line_1_27' title="bbox 118 3153 1238 3241; baseline 0 -22"><span class='ocrx_word' id='word_1_219' title='bbox 118 3164 154 3219; x_wconf 90' lang='lat' dir='ltr'>et</span> <span class='ocrx_word' id='word_1_220' title='bbox 182 3153 357 3221; x_wconf 86' lang='lat' dir='ltr'>ecelesiam</span> <span class='ocrx_word' id='word_1_221' title='bbox 381 3163 416 3218; x_wconf 88' lang='lat' dir='ltr'>et</span> <span class='ocrx_word' id='word_1_222' title='bbox 439 3153 601 3239; x_wconf 87' lang='lat' dir='ltr'>quoddam</span> <span class='ocrx_word' id='word_1_223' title='bbox 624 3154 831 3241; x_wconf 82' lang='lat' dir='ltr'>mesuagium</span> <span class='ocrx_word' id='word_1_224' title='bbox 857 3154 944 3240; x_wconf 91' lang='lat' dir='ltr'>quod</span> <span class='ocrx_word' id='word_1_225' title='bbox 969 3153 1042 3240; x_wconf 87' lang='lat' dir='ltr'>ipsa</span> <span class='ocrx_word' id='word_1_226' title='bbox 1063 3154 1173 3241; x_wconf 84' lang='lat' dir='ltr'>posuit</span> <span class='ocrx_word' id='word_1_227' title='bbox 1201 3154 1238 3219; x_wconf 93' lang='lat' dir='ltr'>in</span> 
     </span>
     <span class='ocr_line' id='line_1_28' title="bbox 116 3255 1238 3342; baseline -0.002 -19"><span class='ocrx_word' id='word_1_228' title='bbox 116 3257 196 3323; x_wconf 90' lang='lat' dir='ltr'>uisu</span> <span class='ocrx_word' id='word_1_229' title='bbox 212 3278 277 3321; x_wconf 88' lang='lat' dir='ltr'>suo</span> <span class='ocrx_word' id='word_1_230' title='bbox 291 3256 458 3341; x_wconf 86' lang='lat' dir='ltr'>pertinent</span> <span class='ocrx_word' id='word_1_231' title='bbox 471 3255 514 3321; x_wconf 83' lang='lat' dir='ltr'>ad</span> <span class='ocrx_word' id='word_1_232' title='bbox 532 3255 708 3321; x_wconf 79' lang='lat' dir='ltr'>eeclesiam.</span> <span class='ocrx_word' id='word_1_233' title='bbox 752 3257 800 3320; x_wconf 88' lang='lat' dir='ltr'>Et·</span> <span class='ocrx_word' id='word_1_234' title='bbox 820 3278 924 3342; x_wconf 94' lang='lat' dir='ltr'>quum</span> <span class='ocrx_word' id='word_1_235' title='bbox 946 3255 1060 3320; x_wconf 89' lang='lat' dir='ltr'>dieunt</span> <span class='ocrx_word' id='word_1_236' title='bbox 1082 3255 1169 3341; x_wconf 89' lang='lat' dir='ltr'>quod</span> <span class='ocrx_word' id='word_1_237' title='bbox 1188 3255 1238 3321; x_wconf 87' lang='lat' dir='ltr'>ita</span> 
     </span>
     <span class='ocr_line' id='line_1_29' title="bbox 117 3358 1237 3446; baseline 0 -21"><span class='ocrx_word' id='word_1_238' title='bbox 117 3362 184 3429; x_wconf 85' lang='lat' dir='ltr'>fuit</span> <span class='ocrx_word' id='word_1_239' title='bbox 209 3360 345 3426; x_wconf 87' lang='lat' dir='ltr'>seisitus</span> <span class='ocrx_word' id='word_1_240' title='bbox 365 3368 400 3425; x_wconf 89' lang='lat' dir='ltr'>et</span> <span class='ocrx_word' id='word_1_241' title='bbox 418 3359 503 3446; x_wconf 91' lang='lat' dir='ltr'>quod</span> <span class='ocrx_word' id='word_1_242' title='bbox 527 3360 610 3425; x_wconf 90' lang='lat' dir='ltr'>obiit</span> <span class='ocrx_word' id='word_1_243' title='bbox 631 3360 717 3425; x_wconf 81' lang='lat' dir='ltr'>infra</span> <span class='ocrx_word' id='word_1_244' title='bbox 738 3360 917 3426; x_wconf 89' lang='lat' dir='ltr'>terminum</span> <span class='ocrx_word' id='word_1_245' title='bbox 938 3367 974 3425; x_wconf 88' lang='lat' dir='ltr'>ot</span> <span class='ocrx_word' id='word_1_246' title='bbox 995 3359 1083 3445; x_wconf 92' lang='lat' dir='ltr'>quod</span> <span class='ocrx_word' id='word_1_247' title='bbox 1102 3358 1168 3424; x_wconf 85' lang='lat' dir='ltr'>ista</span> <span class='ocrx_word' id='word_1_248' title='bbox 1186 3368 1237 3425; x_wconf 87' lang='lat' dir='ltr'>est</span> 
     </span>
     <span class='ocr_line' id='line_1_30' title="bbox 114 3463 1259 3553; baseline -0.004 -22"><span class='ocrx_word' id='word_1_249' title='bbox 114 3463 338 3553; x_wconf 88' lang='lat' dir='ltr'>propinquior</span> <span class='ocrx_word' id='word_1_250' title='bbox 352 3463 446 3529; x_wconf 88' lang='lat' dir='ltr'>heres</span> <span class='ocrx_word' id='word_1_251' title='bbox 466 3464 543 3543; x_wconf 91' lang='lat' dir='ltr'>eius,</span> <span class='ocrx_word' id='word_1_252' title='bbox 559 3465 799 3531; x_wconf 84' lang='lat' dir='ltr'>consideratum</span> <span class='ocrx_word' id='word_1_253' title='bbox 820 3472 870 3531; x_wconf 85' lang='lat' dir='ltr'>est</span> <span class='ocrx_word' id='word_1_254' title='bbox 892 3464 978 3551; x_wconf 92' lang='lat' dir='ltr'>quod</span> <span class='ocrx_word' id='word_1_255' title='bbox 998 3464 1070 3549; x_wconf 85' lang='lat' dir='ltr'>ipsa</span> <span class='ocrx_word' id='word_1_256' title='bbox 1088 3484 1259 3548; x_wconf 86' lang='lat' dir='ltr'>reeuper··</span> 
     </span>
     <span class='ocr_line' id='line_1_31' title="bbox 114 3566 1238 3653; baseline -0.005 -16"><span class='ocrx_word' id='word_1_257' title='bbox 114 3571 191 3637; x_wconf 85' lang='lat' dir='ltr'>anit</span> <span class='ocrx_word' id='word_1_258' title='bbox 207 3568 366 3635; x_wconf 87' lang='lat' dir='ltr'>seisinam</span> <span class='ocrx_word' id='word_1_259' title='bbox 380 3590 483 3645; x_wconf 88' lang='lat' dir='ltr'>suam,</span> <span class='ocrx_word' id='word_1_260' title='bbox 498 3576 532 3633; x_wconf 89' lang='lat' dir='ltr'>et</span> <span class='ocrx_word' id='word_1_261' title='bbox 547 3568 707 3635; x_wconf 76' lang='lat' dir='ltr'>Ricardus</span> <span class='ocrx_word' id='word_1_262' title='bbox 726 3568 761 3635; x_wconf 94' lang='lat' dir='ltr'>in</span> <span class='ocrx_word' id='word_1_263' title='bbox 781 3566 1002 3635; x_wconf 80' lang='lat' dir='ltr'>misericordia</span> <span class='ocrx_word' id='word_1_264' title='bbox 1021 3575 1092 3646; x_wconf 83' lang='lat' dir='ltr'>ete,</span> <span class='ocrx_word' id='word_1_265' title='bbox 1111 3573 1146 3632; x_wconf 91' lang='lat' dir='ltr'>et</span> <span class='ocrx_word' id='word_1_266' title='bbox 1165 3567 1238 3653; x_wconf 84' lang='lat' dir='ltr'>ipsa</span> 
     </span>
     <span class='ocr_line' id='line_1_32' title="bbox 112 3672 792 3758; baseline -0.001 -19"><span class='ocrx_word' id='word_1_267' title='bbox 112 3675 150 3739; x_wconf 90' lang='lat' dir='ltr'>in</span> <span class='ocrx_word' id='word_1_268' title='bbox 166 3672 396 3739; x_wconf 82' lang='lat' dir='ltr'>misericordia</span> <span class='ocrx_word' id='word_1_269' title='bbox 410 3694 469 3758; x_wconf 91' lang='lat' dir='ltr'>pro</span> <span class='ocrx_word' id='word_1_270' title='bbox 484 3672 563 3737; x_wconf 85' lang='lat' dir='ltr'>falso</span> <span class='ocrx_word' id='word_1_271' title='bbox 578 3673 716 3738; x_wconf 84' lang='lat' dir='ltr'>elamore</span> <span class='ocrx_word' id='word_1_272' title='bbox 732 3681 792 3739; x_wconf 87' lang='lat' dir='ltr'>eto.</span> 
     </span>
    </p>

    <p class='ocr_par' dir='ltr' id='par_1_6' title="bbox 41 3775 1236 4072">
     <span class='ocr_line' id='line_1_33' title="bbox 41 3775 1235 3864; baseline -0.008 -15"><span class='ocrx_word' id='word_1_273' title='bbox 41 3800 71 3864; x_wconf 66' lang='grc' dir='ltr'>ῑ,</span> <span class='ocrx_word' id='word_1_274' title='bbox 181 3777 305 3845; x_wconf 83' lang='grc' dir='ltr'><strong>Α66166</strong></span> <span class='ocrx_word' id='word_1_275' title='bbox 325 3775 419 3842; x_wconf 87' lang='lat' dir='ltr'>uenit</span> <span class='ocrx_word' id='word_1_276' title='bbox 440 3776 645 3864; x_wconf 72' lang='lat' dir='ltr'>recognitum</span> <span class='ocrx_word' id='word_1_277' title='bbox 666 3776 694 3841; x_wconf 90' lang='grc'>61</span> <span class='ocrx_word' id='word_1_278' title='bbox 716 3776 888 3862; x_wconf 86' lang='lat' dir='ltr'>Philippus</span> <span class='ocrx_word' id='word_1_279' title='bbox 913 3776 1004 3841; x_wconf 86' lang='lat' dir='ltr'>Maro</span> <span class='ocrx_word' id='word_1_280' title='bbox 1028 3775 1151 3841; x_wconf 87' lang='lat' dir='ltr'>iniuste</span> <span class='ocrx_word' id='word_1_281' title='bbox 1173 3782 1235 3841; x_wconf 75' lang='lat' dir='ltr'>eta</span> 
     </span>
     <span class='ocr_line' id='line_1_34' title="bbox 112 3877 1236 3968; baseline -0.004 -18"><span class='ocrx_word' id='word_1_282' title='bbox 112 3881 304 3950; x_wconf 89' lang='lat' dir='ltr'>disseisiuit</span> <span class='ocrx_word' id='word_1_283' title='bbox 329 3880 509 3946; x_wconf 89' lang='lat' dir='ltr'>Robertum</span> <span class='ocrx_word' id='word_1_284' title='bbox 536 3880 687 3968; x_wconf 83' lang='lat' dir='ltr'>Laringel</span> <span class='ocrx_word' id='word_1_285' title='bbox 710 3880 751 3945; x_wconf 88' lang='lat' dir='ltr'>de</span> <span class='ocrx_word' id='word_1_286' title='bbox 775 3880 877 3946; x_wconf 87' lang='lat' dir='ltr'>libero</span> <span class='ocrx_word' id='word_1_287' title='bbox 902 3887 1091 3945; x_wconf 86' lang='lat' dir='ltr'>tenemento</span> <span class='ocrx_word' id='word_1_288' title='bbox 1116 3901 1175 3943; x_wconf 89' lang='lat' dir='ltr'>suo</span> <span class='ocrx_word' id='word_1_289' title='bbox 1199 3877 1236 3945; x_wconf 90' lang='lat' dir='ltr'>in</span> 
     </span>
     <span class='ocr_line' id='line_1_35' title="bbox 112 3984 522 4072; baseline -0.01 -17"><span class='ocrx_word' id='word_1_290' title='bbox 112 3988 285 4055; x_wconf 89' lang='lat' dir='ltr'>Houtona</span> <span class='ocrx_word' id='word_1_291' title='bbox 298 3993 372 4072; x_wconf 85' lang='lat' dir='ltr'>post</span> <span class='ocrx_word' id='word_1_292' title='bbox 386 3984 446 4050; x_wconf 91' lang='lat' dir='ltr'>ult&#39;</span> <span class='ocrx_word' id='word_1_293' title='bbox 461 3993 522 4051; x_wconf 83' lang='lat' dir='ltr'>eto.</span> 
     </span>
    </p>

    <p class='ocr_par' dir='ltr' id='par_1_7' title="bbox 111 4088 1247 4286">
     <span class='ocr_line' id='line_1_36' title="bbox 181 4088 1247 4175; baseline -0.004 -18"><span class='ocrx_word' id='word_1_294' title='bbox 181 4094 232 4157; x_wconf 85' lang='lat' dir='ltr'>Et</span> <span class='ocrx_word' id='word_1_295' title='bbox 259 4089 430 4175; x_wconf 89' lang='lat' dir='ltr'>Philippus</span> <span class='ocrx_word' id='word_1_296' title='bbox 452 4090 545 4154; x_wconf 87' lang='lat' dir='ltr'>uenit</span> <span class='ocrx_word' id='word_1_297' title='bbox 567 4111 626 4175; x_wconf 90' lang='lat' dir='ltr'>per</span> <span class='ocrx_word' id='word_1_298' title='bbox 646 4090 774 4154; x_wconf 87' lang='lat' dir='ltr'>Lonum</span> <span class='ocrx_word' id='word_1_299' title='bbox 797 4088 957 4154; x_wconf 81' lang='lat' dir='ltr'>hellinum</span> <span class='ocrx_word' id='word_1_300' title='bbox 979 4112 1075 4155; x_wconf 88' lang='lat' dir='ltr'>suum</span> <span class='ocrx_word' id='word_1_301' title='bbox 1096 4098 1132 4156; x_wconf 91' lang='lat' dir='ltr'>et</span> <span class='ocrx_word' id='word_1_302' title='bbox 1154 4089 1247 4156; x_wconf 80' lang='lat' dir='ltr'>dicit.</span> 
     </span>
     <span class='ocr_line' id='line_1_37' title="bbox 111 4193 1235 4286; baseline -0.003 -22"><span class='ocrx_word' id='word_1_303' title='bbox 111 4198 206 4286; x_wconf 91' lang='lat' dir='ltr'>quod</span> <span class='ocrx_word' id='word_1_304' title='bbox 222 4196 329 4262; x_wconf 85' lang='lat' dir='ltr'>assisa</span> <span class='ocrx_word' id='word_1_305' title='bbox 342 4217 408 4260; x_wconf 93' lang='lat' dir='ltr'>non</span> <span class='ocrx_word' id='word_1_306' title='bbox 422 4195 520 4261; x_wconf 88' lang='lat' dir='ltr'>debet</span> <span class='ocrx_word' id='word_1_307' title='bbox 535 4193 611 4260; x_wconf 92' lang='lat' dir='ltr'>inde</span> <span class='ocrx_word' id='word_1_308' title='bbox 627 4194 697 4259; x_wconf 88' lang='lat' dir='ltr'>fieri</span> <span class='ocrx_word' id='word_1_309' title='bbox 698 4194 796 4280; x_wconf 89' lang='lat' dir='ltr'>,quia</span> <span class='ocrx_word' id='word_1_310' title='bbox 810 4193 891 4259; x_wconf 88' lang='lat' dir='ltr'>dicit</span> <span class='ocrx_word' id='word_1_311' title='bbox 905 4194 994 4281; x_wconf 93' lang='lat' dir='ltr'>quod</span> <span class='ocrx_word' id='word_1_312' title='bbox 1007 4195 1101 4261; x_wconf 90' lang='lat' dir='ltr'>Dom</span> <span class='ocrx_word' id='word_1_313' title='bbox 1116 4194 1147 4261; x_wconf 89' lang='lat' dir='ltr'>J.</span> <span class='ocrx_word' id='word_1_314' title='bbox 1163 4197 1235 4261; x_wconf 84' lang='lat' dir='ltr'>Rex</span> 
     </span>
    </p>
   </div>
   <div class='ocr_carea' id='block_1_3' title="bbox 110 4349 1237 4483">
    <p class='ocr_par' dir='ltr' id='par_1_8' title="bbox 110 4349 1237 4483">
     <span class='ocr_line' id='line_1_38' title="bbox 144 4349 1237 4427; baseline -0.002 -21.945"><span class='ocrx_word' id='word_1_315' title='bbox 144 4349 749 4427; x_wconf 68' lang='grc' dir='ltr'>1Β6γ11611166ι161661161111661111111111116</span> <span class='ocrx_word' id='word_1_316' title='bbox 771 4364 831 4401; x_wconf 83' lang='lat' dir='ltr'>own</span> <span class='ocrx_word' id='word_1_317' title='bbox 853 4349 924 4414; x_wconf 75' lang='lat' dir='ltr'>right</span> <span class='ocrx_word' id='word_1_318' title='bbox 944 4365 974 4401; x_wconf 91' lang='lat' dir='ltr'>or</span> <span class='ocrx_word' id='word_1_319' title='bbox 995 4350 1025 4401; x_wconf 89' lang='lat' dir='ltr'>in</span> <span class='ocrx_word' id='word_1_320' title='bbox 1046 4350 1118 4415; x_wconf 74' lang='lat' dir='ltr'>right</span> <span class='ocrx_word' id='word_1_321' title='bbox 1140 4352 1170 4403; x_wconf 84' lang='lat' dir='ltr'>ol</span> <span class='ocrx_word' id='word_1_322' title='bbox 1194 4350 1237 4403; x_wconf 89' lang='grc'><strong>1116</strong></span> 
     </span>
     <span class='ocr_line' id='line_1_39' title="bbox 110 4414 815 4483; baseline -0.004 -12"><span class='ocrx_word' id='word_1_323' title='bbox 110 4421 170 4471; x_wconf 85' lang='lat' dir='ltr'>&#39;l&#39;he</span> <span class='ocrx_word' id='word_1_324' title='bbox 182 4416 352 4483; x_wconf 82' lang='lat' dir='ltr'>questionis</span> <span class='ocrx_word' id='word_1_325' title='bbox 368 4416 484 4468; x_wconf 80' lang='lat' dir='ltr'>whether</span> <span class='ocrx_word' id='word_1_326' title='bbox 501 4416 535 4467; x_wconf 83' lang='lat' dir='ltr'>he</span> <span class='ocrx_word' id='word_1_327' title='bbox 550 4415 635 4468; x_wconf 88' lang='lat' dir='ltr'>held</span> <span class='ocrx_word' id='word_1_328' title='bbox 627 4432 656 4467; x_wconf 84' lang='grc'>111</span> <span class='ocrx_word' id='word_1_329' title='bbox 708 4414 815 4469; x_wconf 85' lang='lat' dir='ltr'>ohuroh.</span> 
     </span>
    </p>
   </div>
   <div class='ocr_carea' id='block_1_4' title="bbox 0 0 1588 5075">
    <p class='ocr_par' dir='ltr' id='par_1_9' title="bbox 0 0 1588 5075">
     <span class='ocr_line' id='line_1_40' title="bbox 0 0 1588 5075; baseline 0 3"><span class='ocrx_word' id='word_1_330' title='bbox 0 0 1588 5075; x_wconf 95' lang='lat' dir='ltr'> </span> 
     </span>
    </p>
   </div>
  </div>
 </body>
</html>
