3167 5075
389 353 453 415 422
573 362 707 413 armar
730 362 804 410 sun
827 361 965 425 manns,
987 360 1052 429 nn.
1076 346 1170 419 1221,
1192 358 1255 407 aa
1279 346 1304 406 5.

387 560 469 625 opus
482 539 590 615 fuerit,
604 547 683 603 tunc
702 537 851 602 dimittat
871 536 902 601 ei
922 544 1042 601 terram
1062 534 1153 599 illam
1173 534 1209 599 in
1224 556 1308 621 pace,
1321 554 1455 620 quousque

387 643 477 709 aliud
491 643 567 707 inde
581 651 771 732 preceptum
786 640 948 719 habuerit,
962 639 1050 705 unda
1066 648 1125 703 etc.

452 746 612 813 ¹Alanus'
640 748 728 812 filius
757 746 936 813 Theobaldi
964 745 1167 811 attachiatus
1196 744 1261 808 fuit
1290 743 1329 807 ad
1355 763 1457 827 respon-

386 850 530 917 dendum
555 850 695 917 Radulfo
717 850 784 913 filio
807 857 841 913 et
863 847 975 913 heredi
997 846 1149 911 Fulconis
1171 846 1231 911 filii
1253 844 1413 909 Theobaldi
1428 843 1457 907 de

387 955 508 1041 placito
529 976 628 1039 quare
651 976 716 1017 non
740 961 833 1017 tenet
854 952 885 1016 ei
907 951 1006 1015 finem
1029 950 1152 1015 factum
1174 950 1210 1013 in
1232 948 1320 1013 curia
1338 948 1422 1033 Regis
1437 948 1459 1011 J.

388 1059 475 1123 inter
495 1058 603 1144 ipsum
624 1065 660 1121 et
680 1056 864 1144 predictum
886 1056 1063 1121 Falconem
1083 1054 1124 1119 de
1144 1053 1289 1118 manerio
1308 1052 1343 1117 de
1361 1050 1461 1115 Berleia

388 1184 464 1226 eum
478 1168 558 1246 pert.
575 1168 645 1237 eto,
660 1161 747 1225 unde
762 1161 884 1246 profert
900 1158 1136 1245 cyrographum
1151 1158 1239 1243 quod
1254 1164 1386 1221 testmur
1397 1154 1460 1241 quod

387 1265 462 1329 finis
475 1265 580 1328 factus
595 1264 658 1328 fuit
673 1262 727 1327 'in
742 1262 883 1349 quadarn
899 1270 986 1326 terra
1000 1261 1035 1325 in
1049 1260 1178 1325 Berlaia
1192 1259 1271 1325 etc.⁸

454 1369 498 1433 Et
520 1369 645 1433 Alanus
666 1367 760 1431 uenit
781 1374 817 1431 et
838 1366 919 1431 dicit
940 1366 1027 1452 quod
1049 1388 1114 1429 non
1135 1365 1236 1447 debet
1256 1365 1299 1429 ad
1318 1364 1372 1427 hoc
1384 1363 1461 1427 breue

388 1473 589 1559 respondere,
602 1472 681 1558 quia
700 1494 870 1556 nunquam
892 1470 966 1535 finis
987 1470 1093 1541 faetus
1115 1470 1179 1535 fuit
1199 1468 1241 1533 de
1265 1468 1397 1533 manerio
1414 1466 1463 1541 illu,

389 1598 450 1643 nec
478 1577 547 1663 ipse
577 1585 670 1641 tenet
695 1576 856 1641 decimam
881 1583 1009 1661 partem
1035 1574 1124 1639 illius
1151 1574 1298 1649 manerii,
1321 1596 1375 1639 nec
1397 1593 1463 1655 cyro

388 1680 550 1767 graphum
579 1680 724 1766 loquitur
753 1680 794 1745 de
821 1687 890 1743 toto
912 1678 1065 1755 manerio,
1089 1685 1124 1741 et
1150 1676 1224 1741 ideo
1251 1698 1316 1741 non
1342 1675 1407 1741 uult
1429 1694 1465 1736 re-

388 1785 544 1871 spondere
560 1794 619 1850 ete.
665 1786 708 1848 Et
723 1784 886 1850 Radulfus
900 1783 961 1847 hoc
975 1781 1128 1869 cognouit
1143 1789 1178 1846 et
1199 1781 1274 1847 ideo
1288 1781 1402 1847 Alanus
1413 1777 1464 1841 sine

389 1890 443 1955 die
456 1899 491 1955 et
505 1890 664 1955 Radulfus
679 1890 714 1955 in
728 1888 947 1954 misericordia
960 1897 1020 1953 eto.

453 1991 593 2057 ‘Alanus
621 1992 662 2057 de
692 1992 925 2057 Dunstanuilla
955 1990 1172 2056 summonitus
1202 1990 1268 2054 fuit
1297 1989 1337 2054 ad
1363 2007 1466 2071 respon·

274 2104 327 2133 ⁰³¹⁸
389 2096 532 2161 dendum
545 2096 709 2159 Willelmo
720 2096 836 2161 Basset
850 2118 915 2181 quo
929 2102 1072 2159 waranto
1087 2115 1122 2157 se
1136 2101 1230 2158 tenet
1244 2094 1280 2159 in
1295 2102 1378 2159 terra
1389 2090 1467 2177 ipsius

390 2199 548 2265 Willelmi
576 2199 617 2264 de
648 2199 831 2286 Treuelgan
860 2222 935 2265 oum
964 2206 1056 2284 pert,
1082 2196 1170 2263 unde
1195 2197 1285 2263 idem
1314 2194 1467 2261 Willelms

390 2305 538 2392 queritur
561 2304 649 2390 qnod
673 2302 841 2390 predictus
863 2304 988 2367 Alanus
1014 2326 1091 2367 eum
1117 2302 1193 2367 inde
1220 2302 1342 2367 iniuste
1366 2310 1397 2365 et
1417 2298 1468 2361 sine

390 2408 510 2475 indicio
532 2407 708 2473 dissaisiuit
731 2414 806 2493 post
829 2407 985 2472 ultimum
999 2406 1163 2472 redditum
1179 2406 1273 2472 Dom.
1289 2406 1321 2471 J.
1338 2404 1426 2490 Regis
1440 2400 1469 2465 de

391 2512 610 2580 Hiberniam
634 2510 797 2598 Angliam
823 2519 857 2576 et
879 2511 962 2578 bene
985 2511 1134 2598 queritur
1156 2511 1244 2597 quod
1266 2532 1325 2598 per
1349 2510 1403 2576 hoe
1424 2524 1469 2572 etc

392 2615 536 2701 dapnum
551 2615 652 2681 habet
666 2624 727 2680 etc.
742 2613 785 2678 ad
800 2613 981 2679 ualeneiam
997 2614 1083 2678 tanti
1097 2623 1158 2678 etc.

458 2720 501 2785 Et
510 2720 635 2786 Alanus
644 2719 738 2784 uenit
747 2726 781 2782 et
790 2718 871 2784 dicit
881 2717 967 2803 quod
976 2727 1065 2782 terra
1074 2717 1131 2782 illa
1140 2717 1204 2782 fuit
1213 2719 1269 2782 aui
1284 2717 1334 2783 sui
1350 2727 1382 2783 et
1395 2713 1472 2803 patris

392 2823 444 2893 sui
459 2832 493 2889 ee
508 2846 567 2889 sua
581 2824 744 2888 hereditas
763 2831 822 2900 est,
838 2831 888 2888 set
908 2845 1024 2888 uerum
1044 2823 1119 2888 uult
1139 2823 1254 2888 dicere.
1300 2823 1388 2888 Dicit
1408 2817 1474 2906 qued

392 2934 576 3013 paterenus
591 2926 672 2992 obiit
686 2925 817 2990 saisitus
828 2925 869 2989 de
882 2933 968 2990 terra
979 2925 1044 3002 illa,
1054 2932 1088 2990 et
1099 2933 1246 3010 tempore
1262 2947 1325 3011 quo
1337 2923 1474 2988 Henricus

393 3030 480 3095 filius
499 3029 636 3096 Comitis
655 3029 772 3094 habuit
792 3029 985 3094 comitatum
1006 3029 1076 3114 ipse
1096 3028 1181 3094 sicut
1196 3028 1255 3093 alii
1270 3029 1351 3094 tulit
1364 3027 1474 3094 assisam

393 3134 506 3200 mamis
525 3133 734 3199 antecessoris
754 3155 853 3220 super
866 3133 975 3218 ipsum
990 3132 1195 3198 Willelmum
1209 3153 1268 3217 pre
1285 3133 1383 3196 breue
1396 3128 1476 3215 ipsius

393 3237 529 3304 Henrici
549 3244 583 3302 et
604 3244 701 3322 capta
721 3236 785 3301 fuit
807 3235 907 3300 assisa
926 3257 1101 3321 perquam
1121 3235 1329 3320 recuperauit
1349 3233 1475 3300 saisinam

392 3363 494 3418 suam
516 3348 551 3404 et
573 3339 632 3403 tali
654 3347 796 3404 waramo
818 3361 852 3404 se
875 3347 968 3404 tenet
991 3361 1025 3402 se
1052 3337 1087 3402 in
1111 3345 1198 3402 terra
1223 3337 1291 3415 illa,
1315 3347 1350 3402 et
1372 3334 1477 3402 audiuit

393 3443 480 3529 quod
502 3463 687 3508 concessum
707 3441 771 3505 fuit
792 3441 856 3526 ipsi
878 3440 1021 3506 Henrico
1043 3441 1078 3528 in
1100 3463 1178 3525 pace
1198 3462 1260 3504 sua
1279 3439 1366 3526 quod
1380 3462 1415 3504 ea
1431 3459 1478 3522 que

394 3546 471 3611 fecit
494 3545 733 3610 racionabiliter
752 3553 936 3622 teneantur,
950 3552 986 3610 et
1006 3544 1095 3630 petit
1119 3543 1304 3609 iudicium⁵.
1350 3541 1478 3610 Conside-

393 3659 503 3715 ratum
517 3658 567 3714 est
581 3649 667 3734 quod
681 3649 808 3714 Alanus
822 3649 950 3714 nullum
971 3657 1151 3714 warantum
1172 3649 1274 3713 habet
1293 3649 1335 3714 de
1356 3648 1478 3734 ingressu

393 3777 452 3820 suo
467 3762 536 3831 etc,
551 3762 586 3818 ct
599 3754 672 3819 ideo
690 3753 873 3819 Willelmus
888 3754 1008 3820 habeat
1023 3753 1175 3819 saisinam
1190 3775 1284 3818 suam
1306 3763 1342 3818 et
1360 3753 1480 3836 dampna

393 3882 453 3924 sua
476 3859 548 3924 eta⁸
592 3859 635 3922 Et
655 3857 839 3943 inquiratur
858 3857 899 3922 de
923 3857 1073 3943 dampnis
1093 3865 1127 3922 et
1150 3857 1271 3923 habeat
1294 3857 1393 3924 breue
1413 3851 1480 3941 quod

426 3995 731 4054 ¹s.m.s‹1;13.m.s.
973 3995 1054 4056 there,
1069 3995 1171 4058 issning
1181 3995 1483 4044 writsinhisownmue

426 4061 556 4110 ’Aueiae
568 4076 597 4110 or
607 4062 725 4118 Aburius,
736 4060 769 4108 B.
972 4060 1153 4110 andeolorth.
1180 4057 1481 4124 Hehnslatelyabnndon·

425 4123 465 4157 3-3
482 4127 511 4173 de
523 4127 734 4186 sedecima-nerto,
749 4125 779 4173 B.
971 4125 1005 4174 cd
1020 4125 1063 4174 his
1079 4127 1157 4174 claim
1173 4125 1201 4173 in
1221 4125 1414 4175 consideration
1432 4123 1481 4170 ols

393 4190 716 4247 ,⁴A.m.10;B.m.3.
971 4189 1254 4253 sumtobepaidby
1270 4189 1407 4253 theking.
1436 4187 1481 4236 aa

427 4258 438 4290 Β
454 4255 546 4316 chry
561 4255 619 4303 Fitz
637 4255 723 4303 Count
739 4253 789 4303 has
810 4253 921 4304 claimed
972 4255 1011 4304 Cl.
1024 4256 1072 4305 vol.
1090 4257 1112 4316 1,
1126 4271 1152 4318 p.
1164 4255 1246 4306 4571).

394 4320 439 4370 the
450 4325 547 4382 connty
557 4321 586 4368 of
596 4319 724 4368 Cornwall
735 4320 788 4368 and
800 4319 848 4368 has
856 4320 919 4370 been
1003 4321 1014 4352 ⁶
1031 4321 1111 4371 What
1122 4321 1220 4370 follows
1232 4319 1256 4370 is
1266 4324 1314 4370 not
1325 4319 1353 4370 in
1365 4321 1395 4369 B.

394 4385 535 4447 exeroiaing
545 4399 579 4434 an
590 4385 685 4434 almost
698 4385 769 4446 royal
786 4385 920 4447 authority
