3167 5075
459 398 609 457 nnmmu,
632 396 695 447 nn.
720 382 814 458 1224,
835 396 899 447 nn.
921 384 951 447 8.
1211 383 1254 445 33

215 572 260 637 Et
272 569 346 638 ideo
360 568 598 637 consideratum
612 579 663 637 est
680 572 768 658 quod
786 571 851 657 ipsi
865 570 1018 638 Wnrinue
1036 580 1072 637 et
1091 570 1255 637 Robertue

154 674 226 740 inde
248 682 326 741 eunt
349 674 463 762 quieti,
484 683 520 741 et
542 674 630 762 quod
651 674 739 741 idem
765 675 923 742 Rieerdue
944 675 1046 742 nichil
1066 675 1176 763 oepiot
1196 696 1255 761 per

154 780 281 845 neeienm
295 780 386 845 illem
400 787 436 845 et
449 779 493 845 eit
507 780 542 844 in
556 778 780 846 misericordie.

49 888 110 951 985.
213 884 326 951 Assien
338 883 433 950 uenit
446 884 652 972 recognitum
668 882 696 949 ei
711 883 877 951 Wolteme
895 883 936 949 de
956 884 1113 971 Wyrhnm
1132 882 1253 949 iniuste

154 994 186 1051 et
212 986 282 1053 eine
312 986 432 1052 iudicio
457 985 635 1052 diseeisiuit
659 984 865 1051 Theodorum
890 985 931 1052 de
955 985 1186 1073 Orempeshem
1212 984 1254 1050 de

153 1090 248 1157 libero
285 1098 474 1158 tenemento
507 1113 566 1157 eno
601 1091 637 1156 in
666 1090 824 1178 Wyrhnm
853 1098 928 1177 poet
955 1090 1062 1157 ultim'
1090 1097 1158 1157 etn.
1209 1090 1255 1156 Et

152 1194 313 1261 Walterue
327 1195 421 1261 uenit
435 1202 471 1261 et
484 1194 585 1261 nichil
600 1193 681 1261 dicit
695 1217 796 1282 qnare
809 1195 911 1262 uesieu
923 1203 1099 1263 remaneat

211 1299 382 1367 Juratoree
411 1299 525 1365 dicunt
553 1299 641 1384 quod
666 1300 814 1387 Rogeme
838 1300 880 1366 de
906 1298 1138 1386 Orempeehnm
1160 1307 1256 1386 poter

151 1400 249 1489 ipsius
274 1401 436 1468 Theodori
463 1400 658 1489 perquieiuit
687 1410 913 1468 tenementum
942 1399 1026 1467 illud
1049 1400 1092 1467 de
1114 1402 1253 1489 quodem

151 1504 214 1571 filio
235 1505 390 1572 Yeobelle
412 1504 576 1572 Willelmn
599 1512 634 1571 et
657 1528 732 1571 eum
757 1505 918 1571 tenuisset
940 1503 1023 1571 illud
1043 1524 1102 1592 per
1122 1505 1255 1592 aliquod

151 1614 278 1694 tempus
294 1606 378 1673 illud
397 1605 490 1673 dedit
508 1604 655 1693 pnedioto
675 1604 842 1673 Theodoro
862 1605 898 1673 in
916 1606 1013 1693 pleno
1032 1605 1200 1673 hundredo
1219 1616 1254 1675 et

150 1716 269 1777 cnutum
299 1731 392 1775 suum
421 1708 453 1775 ei
480 1707 556 1775 inde
581 1708 659 1775 lecit
684 1716 719 1774 et
742 1730 820 1775 eum
842 1708 878 1775 in
903 1709 1055 1775 seieinnm
1079 1710 1254 1797 poenitet

151 1822 260 1900 postea
285 1813 372 1881 dixit
397 1812 504 1881 eidem
530 1812 696 1879 Theodoro
722 1813 809 1901 quod
837 1822 960 1881 eertum
989 1836 1082 1881 enum
1105 1814 1255 1892 trudenet

151 1918 243 1984 metri
264 1941 325 1984 sue
346 1916 590 1983 custodiendum
612 1939 675 2003 que
697 1917 805 1983 lueret
825 1918 932 1984 emien
951 1918 1055 2005 ipsius
1076 1917 1197 2005 Rogeri
1219 1925 1254 1983 et

152 2022 234 2108 quod
253 2022 326 2109 ipee
347 2020 533 2087 Theodorus
554 2028 640 2087 esset
661 2021 696 2087 in
718 2022 851 2087 oonsilio
871 2029 908 2087 et
928 2022 964 2088 in
984 2021 1133 2089 custodie
1151 2022 1254 2109 ipsine

151 2124 260 2190 metiie
272 2146 335 2191 ene
348 2145 424 2190 eum
438 2122 551 2189 eedem
567 2130 660 2203 terra,
675 2131 711 2189 et
725 2123 912 2190 Theodorus
924 2124 975 2190 itu
988 2124 1066 2190 feeit
1080 2132 1114 2190 et
1128 2125 1176 2190 ibi
1189 2125 1254 2190 fuit

152 2251 223 2294 cum
236 2251 277 2295 ee.
291 2230 328 2294 in
341 2236 529 2295 tenemento
543 2228 608 2307 illo,
619 2237 654 2295 et
665 2230 813 2318 Rogeme
826 2237 922 2316 peter
931 2229 1091 2296 Theodori
1103 2229 1254 2295 similiter

150 2352 221 2397 oum
236 2333 284 2399 eis
300 2340 372 2398 tote
386 2332 458 2399 uite
473 2354 532 2399 eun
546 2354 649 2420 usque
664 2332 705 2399 ed
719 2340 859 2399 mortem
873 2354 976 2411 sunm,
986 2340 1021 2399 et
1031 2340 1254 2420 postmortem

150 2438 247 2524 ipeiue
261 2436 384 2525 Rogeri
398 2445 622 2533 remnneerunt
641 2437 677 2503 in
696 2444 886 2503 tenemento
905 2460 964 2503 eno
983 2437 1048 2525 ipei
1067 2436 1254 2503 Theodorus

150 2549 183 2606 et
203 2550 312 2608 meter
331 2563 391 2608 ene
411 2563 578 2629 quousque
600 2541 671 2628 ipen
691 2541 780 2628 cepit
801 2541 921 2621 uirum,
935 2549 971 2607 et
985 2564 1084 2629 quem
1103 2541 1169 2608 cito
1189 2541 1254 2608 fuit

150 2646 304 2712 munitate
331 2645 517 2712 Theodorus
544 2645 645 2733 peciit
672 2653 901 2712 tenementum
934 2668 1032 2713 enum
1063 2654 1099 2712 et
1131 2654 1254 2712 eentum

149 2769 247 2826 nuum,
262 2755 301 2814 et
321 2755 435 2835 postea
455 2748 608 2814 oonuenit
628 2748 716 2814 inter
736 2769 791 2815 ene
813 2749 901 2836 quod
921 2757 1083 2816 meteret
1104 2749 1157 2814 uir
1176 2770 1254 2814 eune

149 2851 362 2919 reddidenmt
380 2852 412 2917 ei
431 2861 659 2918 tenementum
677 2851 768 2932 illud,
788 2861 825 2918 et
844 2861 958 2940 postea
977 2853 1070 2920 uenit
1091 2852 1255 2939 predictus

150 2954 316 3022 Walterue
340 2956 381 3022 de
403 2955 560 3044 Wynhem
586 2965 621 3022 et
646 2956 829 3044 asporteuit
850 2957 983 3023 bladum
1005 2957 1045 3023 de
1066 2964 1255 3022 tenemento

149 3057 202 3122 illo
216 3067 251 3125 et
266 3057 432 3145 quendem
446 3058 615 3147 gxenginm
630 3058 808 3146 prostrauit
821 3068 857 3125 et
874 3059 1003 3126 arbores
1016 3059 1205 3146 asportant,
1219 3067 1255 3124 et

150 3162 233 3228 unde
247 3162 365 3228 dieunt
380 3161 465 3249 qnod
480 3161 586 3229 dietus
601 3163 767 3228 Walterue
783 3161 906 3228 iniuste
923 3161 1033 3249 ipeum
1051 3162 1254 3229 Theodorum

150 3264 335 3332 dieeeieiuit.
402 3266 447 3331 Et
486 3265 560 3331 ideo
598 3263 838 3330 consideratum
878 3273 929 3331 eet
967 3263 1055 3352 quod
1090 3265 1255 3352 predictus

151 3367 337 3435 Theodorus
358 3367 563 3455 recuperauit
584 3367 736 3434 seisinem
761 3388 856 3433 suem
880 3377 916 3433 et
938 3367 1008 3454 ipse
1029 3369 1195 3436 Wnlterne
1218 3367 1254 3434 in

151 3471 373 3538 miserioordin
393 3471 399 3558 Ι

153 3715 344 3786 ennom
364 3715 490 3783 leun
509 3715 972 3783 wnsnnonnsnnnmn
989 3715 1042 3781 ΙΝ
1063 3715 1255 3784 oornnne
1267 3713 1395 3816 „0313

236 3821 270 3888 ε.
299 3819 565 3887 nummus
595 3821 729 3887 Anno
760 3819 945 3888 oemuo
974 3821 1110 3888 neele
1142 3821 1394 3912 nnn-we

234 3925 335 3994 mo1
364 3923 519 3992 mnus
548 3924 685 3993 neme
713 3924 959 3992 Jonnnms,

55 4099 113 4165 986,
215 4095 328 4161 Aesiee
355 4093 451 4160 uenit
475 4093 681 4182 reoognituru
709 4095 737 4162 ei
770 4094 933 4161 Robertue
966 4096 1131 4162 Mermiun
1163 4101 1259 4182 pater
1316 4110 1372 4151 um

157 4191 470 4267 RobertiMermiuu
488 4198 623 4266 senioris
640 4199 705 4264 suit
719 4199 851 4267 eeieitne
864 4199 901 4268 in
914 4201 1074 4268 dominico
1090 4223 1149 4266 suo
1163 4208 1203 4265 ut
1216 4197 1258 4264 de

158 4297 244 4366 feodo
265 4301 307 4368 de
328 4302 457 4369 duabus
477 4325 591 4380 cerno,
603 4309 688 4367 terre
710 4325 784 4368 cum
807 4305 944 4390 pertin
966 4303 1183 4391 Ounningeby
1203 4301 1257 4367 die

517 4425 520 4430 '
586 4429 596 4463 ¹
612 4431 653 4494 By
664 4429 708 4481 the
716 4429 825 4493 oopylet.

241 4545 276 4593 u
302 4545 349 4594 111.
1151 4531 1171 4593 3
