3167 5075
383 368 447 429 544
682 375 823 434 ιιιιιιιι,
845 373 910 422 ιιι).
936 359 1029 431 1226,
1052 371 1115 422 ιιι
1140 361 1189 422 10.

336 611 343 626 ,
448 548 625 615 ¹Robertus
650 546 691 612 de
718 547 882 611 Harecurt
904 544 1027 630 optulit
1051 567 1086 608 ss
1112 567 1226 609 uersus
1251 545 1408 632 Hugonem
1426 545 1456 609 de

305 674 322 703 s
382 652 555 718 Marewico
584 652 625 717 de
655 651 775 738 placito
805 649 892 737 quod
921 649 1110 713 warentizet
1138 649 1171 713 ei
1199 649 1332 713 terciam
1357 660 1456 734 partam

381 755 504 842 uiginti
529 763 564 820 et
593 754 730 819 duarum
762 753 870 818 bouat
895 761 981 817 terre
1011 760 1071 816 etc.
1100 751 1135 815 in
1165 751 1359 828 Prilrewella
1383 775 1457 838 quan

382 857 516 923 terciam
539 865 665 943 partem
687 855 872 920 Willelmus
893 854 934 918 de
955 855 1117 939 Kartorpe
1139 864 1173 918 et
1196 854 1303 919 Alicia
1321 878 1392 919 uxor
1406 855 1458 918 eius

293 995 298 1004 =
381 963 524 1027 clamant
548 969 587 1026 ut
612 961 720 1026 dotem
744 959 847 1046 ipsius
868 958 973 1023 Alicie
995 958 1276 1030 uersuseundem
1302 959 1457 1023 Robertuu

381 1065 427 1130 Et
441 1087 539 1152 super
553 1065 613 1129 hoc
628 1061 806 1150 cognoscit²
820 1061 906 1149 quod
921 1085 986 1126 nou
1006 1061 1106 1125 habet
1126 1060 1203 1126 inde
1224 1061 1289 1125 nisi
1309 1061 1457 1126 custodiam

381 1192 484 1257 usque
499 1168 541 1234 ad
556 1177 678 1231 etatem
693 1165 822 1231 heredis
835 1164 996 1230 «Iohannis
1010 1163 1051 1229 de
1067 1164 1228 1250 Spixtona
1247 1165 1399 1250 quondam
1411 1163 1458 1228 uin'

382 1273 527 1338 eiusdem
549 1272 663 1350 Alicio,
681 1281 716 1336 et
736 1271 819 1336 hene
841 1270 1005 1356 cognoscit
1026 1269 1114 1356 quod
1135 1269 1188 1333 uir
1208 1292 1288 1334 suus
1310 1269 1385 1334 obiit
1402 1268 1458 1332 inde

381 1376 511 1441 saisitus
531 1383 566 1440 et
587 1374 673 1461 quod
696 1374 797 1460 Hugo
819 1381 870 1437 est
891 1372 1040 1459 capitalis
1064 1372 1215 1438 dominus
1236 1373 1326 1436 illius
1346 1372 1419 1437 feodi
1434 1382 1460 1435 et

381 1479 468 1566 quod
487 1479 665 1544 custodiam
689 1477 779 1541 illam
800 1475 832 1541 ei
846 1476 1054 1542 warentizare
1074 1476 1173 1542 debet
1187 1499 1291 1563 usque
1307 1476 1348 1542 ad
1361 1483 1460 1541 etatem

381 1583 515 1648 heredis.

446 1688 490 1751 Et
514 1685 592 1773 quia
614 1685 776 1750 Rohertus
795 1685 896 1750 nichil
920 1685 1022 1751 habet
1040 1685 1104 1750 nisi
1122 1685 1305 1751 custodiam
1325 1683 1461 1771 usquead

382 1799 505 1855 etatem
535 1789 671 1866 heredis,
696 1811 756 1854 nee
782 1790 930 1855 custodia
958 1789 1057 1855 dehet
1085 1791 1211 1855 auferre
1236 1791 1347 1855 dotem
1369 1789 1461 1861 uxoris,

381 1893 617 1959 consideratum
641 1901 691 1958 est
713 1893 801 1979 quod
820 1894 1005 1959 Willelmus
1026 1901 1062 1958 et
1083 1893 1191 1958 Alicia
1212 1894 1355 1959 habeant
1374 1893 1461 1956 dotem

380 2021 482 2076 suam,
497 2007 531 2063 ct
551 1998 713 2062 Robertus
733 2006 890 2084 sequatur
913 2020 1025 2062 uersus
1047 1998 1223 2085 Hugonem
1241 1999 1270 2062 si
1292 1996 1422 2062 uoluerit
1436 2005 1462 2058 a

308 2104 481 2202 Hugo
497 2103 656 2169 attachiet
643 2111 771 2168 ttcure
773 2101 810 2189 'l

446 2208 582 2294 ‘Magna
596 2205 695 2270 assisa
710 2204 803 2268 uenit
817 2203 1024 2289 recognitura
1042 2227 1101 2291 per
1119 2205 1283 2292 Rogerum
1306 2204 1462 2271 Gulofreet
1528 2266 1529 2313 p

280 2338 326 2368 zon.
335 2277 462 2375 ‘tales
478 2320 538 2376 etc.
553 2318 665 2374 utrum
681 2308 829 2373 Dionisia
843 2331 907 2394 que
922 2309 986 2373 fuit
1006 2332 1087 2374 uxor
1105 2309 1265 2374 Johannis
1279 2309 1343 2373 Pin
1356 2319 1387 2373 et
1400 2307 1463 2370 talos

380 2415 457 2480 c.tc¹⁵
472 2423 622 2481 tenentes
637 2414 742 2478 maius
757 2413 808 2477 ius
828 2412 1001 2477 habeant
992 2436 1026 2477 ιιι
1047 2420 1164 2500 quater
1184 2412 1308 2500 uiginti
1327 2435 1384 2478 aar.
1397 2421 1462 2475 terre

336 2586 342 2596 ,
380 2527 440 2585 ste.
456 2543 531 2584 cum
546 2527 627 2605 pert.
642 2517 677 2582 in
692 2517 725 2581 la
742 2516 834 2581 Mare
853 2515 896 2581 ad
915 2517 1095 2581 tenendum
1114 2516 1155 2582 de
1175 2517 1308 2583 eodem
1321 2517 1463 2583 Priorem

380 2624 471 2689 Prior
496 2624 536 2688 de
561 2623 718 2687 Derherst
744 2630 778 2687 et
801 2622 937 2687 ecclesia
958 2644 1019 2686 sua
1043 2623 1084 2686 de
1110 2622 1267 2687 Derherst
1293 2618 1463 2687 tenendiin
1528 2647 1529 2704 ι

379 2728 548 2794 dominico.
591 2728 637 2792 Et
652 2726 818 2792 sciendum
839 2727 925 2812 quod
945 2726 1036 2790 talis'
1052 2750 1116 2791 non
1134 2728 1237 2803 uenit,
1252 2736 1304 2792 set
1318 2750 1352 2792 se
1366 2722 1462 2789 assori-

379 2830 458 2906 auit,
482 2838 532 2895 set
556 2837 688 2917 propter
711 2828 795 2894 illud
818 2828 981 2893 essonium
1004 2852 1069 2893 non
1092 2838 1260 2895 remaneat
1282 2829 1382 2895 assisa
1400 2825 1463 2912 quin

379 2934 535 3020 capiatur,
562 2956 600 2998 so
625 2932 713 3019 quod
741 2932 802 2997 tali
827 2932 880 2998 die
906 2941 967 2998 etc
991 2932 1172 3018 comparuit
1197 2933 1285 2999 idem
1309 2932 1462 2997 tatiacum

379 3037 529 3103 omuibus
550 3036 762 3123 participibus
784 3036 852 3101 suis
874 3045 909 3101 et
929 3044 1154 3102 concesserunt
1174 3058 1286 3101 omnes
1305 3031 1429 3121 quod
1408 3050 1464 3097 srue
1528 3113 1530 3126 ι

378 3142 530 3207 uenirent
545 3142 586 3206 ad
601 3141 688 3205 hunc
701 3140 829 3205 diem
804 3163 874 3205 siue
889 3163 955 3205 non
970 3141 1056 3227 quod
1071 3140 1131 3205 hec
1144 3139 1245 3205 assisa
1258 3145 1426 3225 caperetur,
1437 3146 1464 3197 ct

379 3244 476 3311 ideo
467 3268 502 3309 m
517 3244 708 3310 absencia'
681 3267 750 3310 erus
765 3252 862 3331 capta
875 3252 926 3309 est
940 3253 1001 3309 etc

1528 3244 1530 3298 i

445 3348 613 3414 Juratores
637 3348 753 3414 dicunt
778 3348 865 3435 quod
890 3348 982 3414 Prior
1006 3358 1042 3414 et
1067 3348 1201 3415 eeclesia
1224 3370 1285 3413 sua
1306 3346 1407 3412 mains
1425 3344 1465 3407 ius
1528 3327 1529 3346 ¹

381 3454 505 3518 habent
534 3453 668 3519 tenendi
697 3462 818 3518 terram
847 3453 976 3519 illam
967 3477 1002 3519 ιιι
1031 3453 1191 3519 dominico
1217 3474 1315 3538 quarn
1340 3450 1466 3538 predicta

382 3558 529 3622 Dionisia
554 3567 588 3622 et
614 3556 672 3621 alii
694 3565 753 3621 etc
781 3558 916 3623 tenendi
939 3557 981 3624 de
1010 3581 1048 3623 eo
1074 3568 1110 3623 et
1132 3557 1267 3623 ecclesia
1290 3579 1357 3621 sua
1396 3552 1467 3634 Qun

381 3668 475 3746 pater
495 3659 712 3745 predictorum
734 3659 852 3725 talium
874 3660 952 3725 etc⁸
973 3660 1038 3725 fuit
1058 3660 1199 3725 uillanus
1218 3668 1254 3724 et
1272 3656 1421 3745 cognouit
1438 3675 1465 3717 se

382 3787 450 3829 esse
465 3765 624 3829 uillauum
640 3764 757 3829 Prioris
772 3764 813 3829 de
829 3765 986 3829 Derherst
1006 3764 1041 3829 in
1061 3765 1158 3851 pleno
1180 3763 1337 3828 comitatu
1359 3752 1466 3826 Oxonis

414 3933 581 3986 ¹n.m.sd.
990 3934 1125 3985 ‘Thomas
1141 3930 1465 3984 ‹lemmata-tuum

414 3999 425 4032 ¹
440 4002 561 4050 Rotertru
572 4001 644 4059 uicit,
654 3999 685 4048 B.
713 3998 810 4050 Robert
817 3998 907 4049 makes
957 4016 1002 4049 ua.
1024 4001 1056 4062 ej.
1080 4000 1222 4063 Stephanus
1245 4001 1275 4048 de
1300 3996 1427 4047 nnus·
1448 3998 1467 4039 el

382 4064 436 4115 this
447 4064 511 4114 fatal
522 4064 673 4115 admission.
958 4066 1046 4115 Alicio
1056 4066 1087 4114 de
1098 4066 1239 4124 Borrama
1250 4064 1282 4113 B.

414 4130 517 4191 Ἠν-9ο
533 4137 722 4189 summoneatur,
745 4129 775 4181 B.
812 4129 908 4180 Robsrt
990 4130 1223 4187 ⁴0m.eodm,B.

383 4208 444 4257 may
460 4194 525 4243 hara
541 4209 557 4244 a
573 4194 676 4257 remedy
691 4194 797 4257 against
818 4194 907 4257 Hugh,
992 4194 1004 4229 ⁷
1021 4196 1136 4253 Thomas,
1147 4195 1179 4244 Β.

382 4258 482 4321 though
493 4258 572 4320 Hugh
589 4262 686 4310 cannot
702 4260 734 4309 be
749 4259 865 4311 vouohad
881 4265 909 4311 to
992 4258 1003 4293 ⁸
1015 4262 1189 4323 maturarum
1200 4260 1283 4309 sucu
1297 4264 1322 4307 et
1338 4257 1435 4306 latim
1448 4257 1466 4297 et

383 4328 513 4437 warrIpnty
523 4324 628 4437 captust
639 4324 683 4374 the
695 4324 819 4387 dowager.
960 4341 1025 4375 uuus
1035 4327 1116 4388 ipuim
1128 4325 1259 4387 Stephani,
1269 4323 1300 4371 B.

415 4391 425 4421 ⁴
466 4392 546 4437 .m.1
566 4426 572 4438 .

1528 3645 1530 3725 t

1528 4379 1530 4462 Ι

1528 4475 1530 4618 i
