3167 5075
315 378 376 441 112
625 388 763 451 111111,
785 387 850 469 an.
874 374 1052 451 122111
1074 376 1103 439 9.

312 559 388 625 dies
434 559 479 625 Et
507 558 674 625 sciendum
704 558 791 645 quod
821 558 1005 625 Willelmus
1033 560 1074 627 de
1104 560 1281 627 Bmmwico
1310 571 1420 627 custos

308 662 443 746 *Ricardi
468 663 655 728 nominatur
678 662 712 729 in
737 662 913 741 11111111
938 685 1003 729 non
1029 662 1130 729 habet
1153 670 1273 729 terram
1295 664 1360 729 nisi
1381 663 1419 729 in

311 766 457 851 custodia
478 789 551 833 cum
575 765 714 832 Ricardo
740 772 775 831 11
797 766 871 831 idco
893 768 1046 853 procedat
1069 768 1198 856 loquela
1221 791 1336 835 uersus
1358 768 1420 834 Ri-

310 868 451 935 cardum.

375 973 559 1038 Willelmns
587 972 675 1038 filius
704 972 889 1039 Joudewini
917 972 1004 1059 petit
1029 996 1142 1040 uersus
1167 974 1348 1040 Robertum
1373 973 1416 1040 de

310 1076 481 1143 Haustede
503 1077 632 1143 feodum
652 1077 676 1165 j.
698 1077 812 1143 militis
834 1100 908 1142 cum
930 1085 1011 1163 pert.
1031 1077 1067 1142 in
1089 1078 1285 1144 Sumertona
1306 1089 1345 1144 ut
1364 1078 1418 1144 ius

309 1204 405 1247 suurn
417 1190 476 1247 etc.
498 1180 503 1269 l
521 1182 608 1246 unde
624 1180 801 1247 Mauricius
811 1182 852 1247 de
865 1182 1061 1247 Sumertona
1074 1191 1255 1248 antecessor
1269 1181 1417 1247 eiusdem

310 1286 467 1353 Willelmi
488 1286 619 1352 seisitus
641 1285 706 1351 fuit
725 1284 766 1350 de
786 1285 964 1351 medietato
979 1294 1018 1351 ut
1032 1286 1073 1351 111
1088 1286 1181 1352 feodo
1196 1295 1231 1351 et
1245 1286 1316 1353 iure
1331 1295 1366 1351 et
1379 1286 1415 1351 in

308 1389 468 1456 dominico
491 1398 636 1476 tempore
660 1389 703 1455 H.
726 1388 826 1476 Regis
850 1388 907 1453 aui
932 1389 1027 1455 Dom.
1050 1389 1150 1477 Regis
1175 1398 1235 1457 etc
1258 1389 1416 1477 capiendo

308 1492 384 1558 inde
411 1493 541 1580 expleta
569 1492 611 1558 ad
635 1492 816 1557 ualenciam
845 1492 1154 1559 111111111111
1179 1492 1337 1559 Mauricio
1358 1494 1416 1559 de·

308 1598 434 1663 scandit
448 1598 500 1664 ius
520 1605 604 1663 terre
625 1598 712 1663 iilius
727 1597 848 1663 Basilia
866 1598 965 1663 sorori
987 1619 1046 1662 sue
1070 1620 1109 1663 1ο
1130 1598 1217 1684 quod
1239 1599 1417 1664 Mauricius

309 1701 392 1767 obiit
406 1702 475 1766 sine
490 1700 609 1767 herede
624 1700 665 1767 de
680 1724 724 1779 se,
736 1709 772 1766 et
786 1701 828 1767 111
843 1700 965 1767 Basilia
978 1699 1146 1767 descendit
1160 1700 1212 1766 ius
1226 1709 1312 1767 terre
1326 1702 1415 1767 illius

308 1806 499 1872 Joudewino
521 1806 588 1871 filio
610 1828 670 1872 suo
691 1813 726 1871 et
748 1804 789 1871 de
808 1804 833 1871 J
834 1806 1001 1871 oudewino
1022 1806 1100 1871 huic
1115 1806 1279 1871 Willelmo
1294 1814 1333 1872 ut
1346 1806 1414 1871 filio

308 1908 470 1974 etheredi
488 1930 547 1974 suo
569 1917 631 1976 etc.
674 1910 726 1974 De
749 1908 814 1976 alia
837 1909 1014 1976 medietate
1037 1909 1118 1975 dicit
1141 1909 1228 1996 quod
1251 1909 1415 1975 Hernicus

306 2022 489 2079 antecessor
515 2036 593 2080 suus
623 2014 688 2080 11111
717 2014 848 2079 scisitus
877 2022 916 2079 ut
941 2014 982 2079 de
1007 2014 1100 2079 feodo
1128 2022 1188 2079 etc
1215 2014 1300 2079 sicut
1324 2014 1415 2100 prins

307 2117 420 2183 eodem
436 2126 582 2206 tempore
598 2127 667 2197 etc,
682 2118 773 2184 etde
793 2117 937 2203 Hernico
957 2119 1125 2185 descendit
1146 2118 1198 2185 ius
1219 2126 1304 2184 terre
1325 2119 1415 2183 illius

307 2224 437 2289 Andree
460 2224 552 2289 fratri
571 2245 630 2289 suo
648 2230 683 2288 et
697 2222 738 2287 de
753 2221 886 2287 Andrea
900 2222 1020 2287 Basilia
1034 2222 1100 2287 filie
1115 2245 1174 2287 sue
1188 2232 1223 2287 11
1237 2222 1277 2288 de
1292 2222 1415 2288 Basilia

307 2325 453 2413 predicto
473 2326 666 2392 Joudewino
688 2334 723 2391 11
745 2326 786 2391 de
808 2325 1000 2392 Joudewino
1021 2325 1098 2391 huic
1112 2325 1277 2392 Willelmo
1291 2335 1331 2391 ut
1345 2326 1414 2391 filio

306 2439 342 2495 11
364 2429 476 2494 heredi
497 2451 564 2507 su0,
586 2438 621 2494 et
646 2429 733 2516 quod
756 2430 934 2496 Mauricius
959 2438 994 2496 et
1019 2429 1182 2496 Hernicus
1207 2429 1255 2495 ita
1279 2430 1415 2495 11111111

305 2533 410 2601 scisiti
424 2542 484 2600 etc

372 2639 417 2704 Et
431 2639 594 2704 Robertus
608 2636 702 2702 uenit
717 2646 751 2702 ct
762 2637 844 2704 dicit
859 2637 947 2725 quod
960 2660 1025 2703 non
1039 2637 1139 2703 debet
1150 2637 1181 2704 ei
1192 2637 1267 2704 inde
1281 2661 1413 2726 respon-

306 2742 392 2820 dere,
417 2741 495 2829 quia
519 2740 684 2828 predictus
710 2743 889 2808 Mauricius
911 2764 970 2828 per
994 2764 1092 2828 quem
1116 2741 1204 2807 idem
1228 2742 1414 2812 Willelmus

306 2846 426 2910 clamat
451 2845 502 2910 ius
527 2845 562 2909 in
588 2853 674 2910 tenu
699 2845 757 2910 illa
784 2845 959 2932 aliquando
987 2845 1206 2931 implacitauit
1234 2847 1413 2913 Radulfirm

307 2956 434 3034 patrem
456 2969 552 3012 suum
566 2947 608 3013 de
623 2948 737 3013 eadem
754 2948 890 3013 terrain
904 2947 995 3013 curia
1008 2948 1144 3013 Roberti
1158 2949 1200 3014 111
1214 2949 1310 3038 Fully
1323 2952 1414 3038 capi-

307 3054 383 3120 talis
401 3054 533 3132 domini,
548 3062 582 3119 11
604 3054 737 3122 tandem
755 3055 939 3122 concordati
958 3057 1091 3121 fuerunt
1110 3055 1146 3121 in
1165 3057 1255 3122 curia
1274 3058 1415 3144 predicti

306 3159 406 3246 Regis
421 3159 464 3226 11
480 3181 585 3224 eoram
605 3160 771 3240 scaccario,
786 3169 822 3225 11
841 3161 963 3246 profert
982 3159 1144 3246 quoddam
1164 3161 1320 3248 scriptum
1341 3162 1413 3228 sine

305 3263 412 3350 sigillo
426 3262 460 3328 in
476 3263 535 3328 hec
550 3264 659 3340 uerba,
676 3263 748 3329 Hec
763 3272 814 3330 ast
829 3263 998 3330 concordia
1018 3265 1105 3330 facta
1118 3264 1205 3330 inter
1218 3267 1414 3334 Mauricium

305 3367 411 3432 filiurn
425 3365 555 3431 Andree
570 3375 604 3431 et
616 3366 795 3432 Rcdulsum
809 3367 851 3431 de
866 3367 1037 3432 Haustede
1052 3366 1094 3432 de
1108 3367 1201 3433 feodo
1212 3368 1237 3455 j.
1248 3369 1362 3436 militia
1376 3373 1413 3437 in

307 3471 503 3538 Sumertona
523 3471 610 3557 quod
631 3471 810 3536 Mauricius
831 3471 987 3537 clamauit
1008 3493 1122 3538 uersus
1141 3473 1317 3553 Radulfum
1339 3498 1414 3561 pre-

306 3575 431 3642 dictum
454 3584 489 3641 et
510 3575 597 3640 unde
619 3575 777 3662 placitum
800 3576 864 3640 fuit
885 3576 973 3640 inter
992 3598 1046 3641 eos
1065 3575 1208 3642 incuria
1221 3578 1355 3644 Roberti
1369 3579 1414 3646 de

308 3681 431 3768 Kuilly‚
454 3679 520 3746 scil.
546 3680 634 3766 quod
662 3679 828 3766 predictus
851 3679 1028 3746 Mauricius
1053 3681 1243 3767 recognouit
1267 3683 1414 3769 predicto

308 3785 447 3850 Radulfo
468 3785 520 3849 ius
541 3807 637 3850 auum
660 3784 747 3871 quod
769 3785 857 3851 idem
879 3785 1039 3851 Radulfus
1058 3784 1201 3851 habebat
1220 3786 1256 3850 in
1269 3786 1325 3852 illo
1338 3811 1413 3874 pre-

306 3888 393 3953 dicto
415 3888 507 3954 feodo
528 3887 644 3954 militis
664 3895 699 3952 et
718 3887 846 3952 remisit
860 3896 895 3954 11
909 3887 1058 3974 quietum
1073 3887 1229 3953 clamauit
1243 3888 1324 3954 illud
1338 3913 1414 3976 pre·

306 3991 430 4058 dictum
453 3992 582 4057 feodum
603 3992 719 4057 militis
733 4015 809 4057 cum
824 3993 974 4058 omnibus
987 4000 1070 4078 pert.
1083 3992 1151 4058 suis
1165 3993 1307 4059 finaliter
1319 3994 1361 4060 de
1376 4019 1414 4064 sc

306 4105 340 4161 ct
355 4096 396 4161 de
407 4094 581 4161 heredibus
595 4096 662 4161 suis
677 4095 823 4182 predicto
837 4096 977 4162 Radulfo
992 4104 1027 4161 et
1041 4095 1215 4162 heredibus
1229 4099 1296 4163 suis
1307 4108 1343 4164 et
1353 4123 1415 4186 pro

305 4199 654 4266 111110111111111111ι
678 4207 712 4264 11
736 4199 921 4286 quietancia
945 4199 1037 4265 dedit
1060 4200 1226 4287 predictus
1250 4202 1415 4272 Radulsus

305 4303 450 4391 predicto
465 4303 621 4368 Mauricio
632 4302 698 4387 viij.
708 4322 831 4368 marcas
845 4303 980 4390 argenti,
993 4304 1037 4368 Et
1051 4303 1236 4370 sciendum²
1249 4307 1337 4392 quod
1352 4310 1416 4379 hec

402 4431 481 4485 ¹Sio.
581 4431 929 4497 ’nobahlyaheroeitalor
943 4431 1310 4498 thacmmgmphcontinuea
