3167 5075
422 420 572 483 nsmrrr,
594 419 659 470 nn.
685 404 779 485 1220,
801 422 864 471 sn
888 409 917 470 4.
1160 412 1222 473 345

126 590 218 655 nichil
237 590 270 656 ei
290 590 446 657 deloreiat
465 598 525 657 eto
571 593 615 657 Et
635 613 732 678 super
746 593 807 657 hoc
821 592 914 657 uenit
928 592 1071 659 halliuus
1085 592 1224 659 Eliensis

127 695 269 781 Episcopi
299 703 333 759 et
361 696 448 781 petit
476 696 600 762 ouriam
629 718 722 761 snam
752 705 788 761 et
815 696 897 762 dicit
933 697 1020 783 quod
1055 720 1222 784 nunquam

125 797 245 861 audiuit
268 797 344 863 inde
366 798 531 884 querelam
553 799 617 863 nisi
642 799 743 865 modo.
790 800 834 864 Et
858 799 932 865 ideo
957 808 1147 887 preceptum
1173 808 1224 865 est

82 968 84 973 .
126 900 238 965 helliuo
257 902 345 987 quod
365 902 477 967 uenire
494 902 593 968 laniet
606 902 764 968 iuratores
778 902 867 967 illius
880 903 978 968 assiae
992 911 1223 990 superterram

126 1012 156 1067 et
173 1026 229 1090 per
248 1026 360 1070 eorum
380 1006 489 1070 uisum
508 1006 670 1092 assignare
690 1006 789 1071 faciat
810 1006 916 1072 eidem
936 1008 1088 1073 Priorisse
1103 1016 1223 1073 terram

125 1131 214 1193 quam
237 1110 443 1194 recuperauit
465 1133 523 1196 per
544 1111 686 1188 assisam,
709 1118 743 1175 et
765 1110 846 1176 seire
868 1111 966 1176 faeiat
987 1112 1048 1177 tali
1068 1112 1122 1177 die
1144 1112 1224 1197 quid
1267 1176 1270 1184 ,
1309 1153 1312 1157 <

125 1211 193 1276 inde
211 1212 326 1277 feeerit
346 1222 380 1278 et
398 1213 485 1300 quod
499 1214 678 1301 dampnum
693 1213 810 1280 habuit
824 1238 883 1302 per
895 1215 1109 1281 intrusionem
1123 1216 1222 1281 illam

124 1314 209 1380 Idem
224 1316 295 1381 dies
311 1316 406 1383 datus
421 1326 471 1383 eet
486 1319 634 1405 partibus
648 1327 707 1384 etc.

71 1468 93 1486 ..
181 1420 372 1486 ¹Anselmus
385 1421 472 1487 filius
487 1422 661 1487 Helewisie
676 1430 711 1488 et
731 1423 893 1510 Margaria
911 1445 993 1488 uxor
1012 1423 1082 1489 eius
1102 1432 1223 1510 petunt
1281 1432 1340 1473 N⁰¹1

123 1546 227 1589 uersus
243 1525 462 1612 Reginaldum
476 1526 580 1591 filium
595 1526 718 1591 Thome
734 1534 769 1591 et
784 1526 979 1592 Beatrioiam
999 1548 1132 1592 uxorem
1152 1528 1222 1594 eius

123 1636 153 1692 et
167 1630 330 1716 Agnetam
345 1638 379 1695 et
394 1629 533 1695 Alioiam
548 1638 583 1695 et
598 1630 790 1695 Katerinem
806 1652 928 1695 sorores
941 1630 1043 1716 ipsius
1060 1631 1221 1696 Beatnioie

123 1731 158 1797 hs
179 1754 270 1797 acras
292 1740 376 1797 terre
399 1754 474 1797 oum
496 1740 576 1818 pert.
599 1733 635 1797 in
649 1733 781 1819 Wileby
802 1740 842 1797 ut
863 1732 915 1797 ius
936 1733 1039 1820 ipsius
1060 1734 1221 1821 Mergane
1233 1740 1336 1788 ”huffl-

123 1844 174 1901 ete
190 1848 224 1903 et
247 1845 286 1903 ut
308 1837 381 1902 illas
402 1838 438 1901 in
460 1860 540 1923 quas
561 1837 624 1923 ipsi
645 1859 710 1903 non
732 1837 856 1903 habent
877 1837 1057 1924 ingressum
1078 1837 1142 1902 nisi
1163 1852 1310 1924 pereme-

122 1940 273 2005 Thomam
310 1940 350 2005 de
384 1938 516 2026 Dereby
545 1948 672 2025 patrem
701 1938 844 2026 ipsarum
874 1938 1044 2016 Beatrioie,
1072 1940 1221 2026 Agnetis,

121 2042 218 2107 Alioie
240 2050 275 2107 et
296 2042 454 2107 Katerine
474 2042 532 2129 qui
551 2065 617 2107 non
636 2041 754 2107 habuit
773 2042 850 2107 inde
869 2042 933 2106 nisi
948 2042 1126 2108 custodiam
1142 2043 1219 2110 dum

120 2144 259 2227 predicta
274 2144 436 2232 Margania
450 2145 514 2210 fuit
528 2145 612 2211 infra
626 2154 750 2211 etatem
764 2153 804 2210 ut
818 2144 939 2212 dicunt

180 2249 223 2313 Et
239 2248 441 2336 Reginaldus
456 2257 490 2315 et
505 2248 668 2315 Beatrioia
682 2257 716 2314 et
731 2248 793 2313 alie
809 2248 949 2313 ueniunt
960 2257 995 2313 et
1006 2248 1120 2314 dieunt
1135 2250 1220 2336 quod

120 2352 224 2438 Agnes
239 2361 274 2418 et
288 2353 396 2419 Alicia
409 2361 487 2419 sunt
502 2352 586 2419 infra
600 2361 724 2419 etatem
738 2360 774 2419 et
789 2360 909 2439 petunt
923 2360 1047 2417 etatem
1061 2375 1161 2419 suam.

179 2456 223 2520 Et
252 2457 427 2522 Anselmus
456 2466 491 2521 et
520 2456 683 2545 Margania
711 2462 908 2543 cognoscunt
937 2456 1023 2542 quod
1055 2456 1220 2544 predictus

119 2558 253 2625 Thomas
273 2569 308 2626 et
327 2569 421 2647 pater
440 2561 543 2647 ipsius
562 2561 723 2648 Margarie
745 2560 868 2626 seilicet
882 2560 1067 2626 Willelmus
1086 2562 1220 2628 filerunt

119 2663 227 2730 fratres
241 2672 276 2730 et
291 2664 378 2750 quod
393 2665 533 2730 Thomas
547 2665 622 2730 inde
638 2665 720 2730 obiit
734 2665 871 2731 seisitua
917 2666 962 2730 Et
982 2665 1056 2731 ideo
1075 2667 1217 2733 oonside-

118 2776 220 2834 latum
235 2777 286 2834 est
301 2769 387 2856 quod
401 2769 543 2835 habeant
558 2777 680 2836 etatem
695 2780 842 2849 suamet
856 2771 930 2836 ideo
944 2771 1216 2838 aliiainedieeto.

50 2877 85 2940 83.
178 2871 306 2938 ⁸Iuetta
330 2896 395 2959 que
425 2873 488 2939 fnit
513 2897 594 2938 uxor
624 2874 778 2940 Germani
807 2875 848 2940 de
877 2875 1105 2940 Mukeliutona
1132 2877 1217 2962 petit
1268 2903 1342 2944 orons

118 2999 225 3042 nereus
244 2978 432 3046 ¹Walterum
462 2978 566 3043 filium
592 2977 729 3044 Walteri
757 2977 799 3043 de
828 2979 1054 3045 Mukelintona
1083 2980 1216 3045 terciam

118 3089 239 3164 partem
260 3082 336 3148 dim.
358 3082 435 3147 hide
457 3090 542 3148 terre
565 3105 639 3148 oum
661 3091 741 3169 pert.
757 3082 792 3147 in
812 3082 1040 3149 Mukelintona
1053 3092 1092 3149 ut
1106 3085 1216 3150 dotem

118 3207 205 3250 suam
220 3195 279 3252 etc.
295 3187 383 3252 unde
397 3186 562 3273 predictus
576 3186 740 3251 Walterus
755 3195 815 3252 eto.

181 3290 223 3354 Et
244 3291 409 3356 Walterus
432 3291 525 3356 uenit
551 3299 585 3356 et
611 3290 757 3356 defendit
783 3291 869 3376 quod
893 3313 959 3356 non
984 3291 1082 3356 debet
1105 3293 1216 3356 dotem

119 3390 232 3458 hebere
245 3394 324 3480 quia
337 3395 424 3460 idem
439 3394 604 3460 Walterus
622 3394 828 3481 inplacitauit
851 3395 1027 3460 Radulfum
1049 3395 1215 3461 Blundum

119 3499 290 3564 seeundum
318 3499 427 3564 uirum
456 3499 557 3586 ipsius
583 3499 695 3564 Iuette
719 3499 755 3563 in
781 3499 939 3564 comitatu
965 3508 999 3565 et
1024 3499 1059 3564 in
1084 3509 1215 3566 tantum

119 3601 265 3682 prooessit
280 3601 408 3688 loquela
421 3602 507 3666 inter
522 3624 576 3666 eos
590 3603 676 3687 quod
691 3601 754 3688 ipsi
772 3602 932 3668 Radulfus
946 3611 980 3667 et
995 3602 1107 3667 Iuetta
1121 3626 1215 3670 uoca-

119 3711 231 3768 uerunt
259 3703 335 3769 inde
364 3704 406 3768 ad
432 3713 611 3770 warantum
641 3703 838 3770 Nioholaum
866 3704 971 3769 lilium
1000 3713 1034 3770 et
1063 3705 1214 3771 heredem

118 3807 249 3888 predicti
275 3809 429 3874 Germani
453 3809 550 3895 primi
574 3809 638 3874 uiri
663 3809 723 3888 sui,
747 3818 781 3875 et
807 3810 895 3875 idem
919 3809 1097 3875 Nioholeus
1122 3811 1215 3877 uenit

119 3917 151 3972 et
174 3911 216 3975 eis
231 3912 453 3978 warentizauit
476 3921 510 3978 et
534 3913 698 4000 respondit
721 3914 770 3978 ite
795 3913 882 4000 quod
909 3936 968 3999 per
995 3913 1214 3980 narracionem

151 4044 290 4107 ¹A.;nn6
306 4049 340 4101 B.
351 4048 424 4098 m..4
686 4049 1214 4126 ¹Thomnsontorodaaldurgery’-oguani

150 4086 290 4163 ’Gonorall
290 4113 636 4176 yReginaldandBeatrioe
685 4115 732 4166 ian
753 4114 807 4165 aud
829 4130 858 4166 aa
876 4115 941 4166 suoh
962 4115 996 4164 ho
1012 4116 1096 4167 would
1118 4121 1165 4169 not
1181 4119 1214 4169 be

119 4175 199 4225 would
223 4183 268 4229 not
295 4179 326 4228 be
354 4178 455 4241 obliged
481 4183 509 4229 to
536 4195 637 4230 snswsr
686 4179 795 4230 seised'
786 4194 816 4229 ιιι
833 4181 881 4230 fea.
915 4181 963 4231 See
979 4181 1021 4232 Br.
1037 4181 1143 4233 142211
1158 4183 1212 4234 and

120 4240 237 4306 touohiug
254 4243 331 4294 lande
347 4244 377 4293 ol
396 4243 480 4294 whioh
496 4243 636 4295 Beatnioe’s
687 4245 766 4295 above
782 4245 862 4295 cases
877 4248 910 4296 30
926 4245 979 4296 and
994 4248 1035 4295 48.
1069 4246 1125 4296 'l'he
1143 4262 1211 4299 mar·

120 4303 200 4355 iathar
219 4308 333 4359 Thomas
354 4308 413 4358 died
437 4309 555 4360 seised'
547 4325 574 4358 ιιι
597 4311 636 4359 leo
686 4311 759 4372 ginal
781 4314 855 4359 notes
877 4325 922 4359 are
944 4313 992 4359 not
1008 4312 1075 4360 lrom
1091 4311 1137 4362 the
1153 4313 1210 4363 roll.

120 4371 186 4419 until
206 4373 239 4422 all
255 4374 299 4424 the
315 4378 462 4425 eo-tenants
479 4390 522 4425 are
539 4375 568 4425 ol
588 4375 636 4424 lull
687 4374 758 4437 They
769 4389 838 4424 seem
850 4379 877 4424 to
888 4375 1007 4437 question
1018 4375 1063 4426 the
1074 4377 1196 4428 denision.

119 4449 174 4494 age
202 4437 425 4490 Buthereitis
453 4439 550 4503 alleged
577 4439 635 4490 thet
718 4440 896 4499 ”hwmtd
913 4441 1029 4493 B...m4
