3167 5075
332 394 566 457 1111111111,
587 394 652 447 an.
676 378 770 459 1217,
791 396 856 447 aa
879 383 973 447 1-2.
1140 382 1204 452 107

113 573 170 635 tun
184 566 249 634 fuit
264 568 352 656 q'uod
367 569 533 656 predictus
553 568 670 635 Petrus
692 569 756 635 suit
776 569 951 656 proximior
972 568 1066 637 heres
1085 572 1205 658 prefati

112 672 227 738 Radulfi
242 695 341 759 quam
355 672 521 758 predictus
531 673 716 739 Willelmus
731 674 788 761 qui
800 674 865 740 fuit
875 676 1056 741 auunculus
1064 676 1203 763 predicti

111 777 236 856 hadulfi,
257 778 307 843 ita
328 777 416 863 quod
436 776 601 863 predictus
623 778 776 865 Nigellus
797 802 856 866 per
869 780 1027 847 iudicium
1041 780 1129 847 curie
1144 804 1202 847 sue

59 954 61 961 y
109 878 272 945 disseisiuit
296 878 372 945 inde
395 879 579 966 predictum
604 880 808 946 Willelmnm
833 890 868 947 et
890 882 1000 969 posuit
1019 884 1202 970 predictum

110 980 230 1047 Petrum
252 983 288 1047 in
314 983 494 1069 plenariam
517 983 669 1049 saisinam
693 984 734 1050 de
760 992 950 1051 tenemento
975 986 1039 1062 illo,
1065 996 1100 1053 et
1124 987 1202 1053 inde

109 1094 213 1152 uocant
227 1086 270 1151 ad
285 1094 467 1153 warantum
481 1086 604 1152 curiam
626 1088 765 1174 predicti
784 1089 917 1175 Nigelli
962 1091 1025 1156 Per
1044 1091 1202 1157 auxilium

108 1190 181 1255 curie
203 1187 348 1255 habeant
370 1212 443 1255 eam
466 1190 526 1255 tali
548 1190 601 1257 die
624 1199 658 1256 et
676 1191 819 1257 habeant
833 1194 933 1259 breue
948 1195 1036 1281 quod
1050 1195 1203 1283 Nigellus

107 1292 191 1358 111111
216 1292 288 1358 fieri
313 1292 480 1358 recordnm
510 1292 598 1358 illins
627 1293 755 1380 loquele
785 1294 820 1359 in
849 1297 940 1360 curia
967 1319 1027 1362 sua
1055 1306 1102 1363 11,
1119 1298 1204 1364 illud

107 1394 213 1461 habeat
243 1418 350 1461 coram
378 1395 565 1461 iusticiariis
594 1396 636 1462 ad
665 1396 732 1462 tale
762 1396 940 1463 terminum
969 1421 1029 1485 per
1061 1408 1203 1486 quatuor

106 1499 215 1564 milites
244 1498 301 1584 qui
330 1498 459 1564 recordo
488 1498 538 1565 illi
566 1498 774 1565 interfuerint
803 1507 862 1566 etc
909 1501 953 1566 Et
989 1501 1113 1567 dictum
1150 1511 1202 1568 111

106 1602 348 1690 recognitoribus
367 1602 424 1690 qui
443 1611 606 1669 uenerunt
625 1603 712 1689 quod
732 1612 809 1669 eant
829 1604 905 1670 inde
926 1604 996 1671 sine
1019 1605 1073 1671 die
1097 1628 1201 1693 usque

106 1706 192 1771 aliam
212 1706 288 1772 inde
311 1706 487 1773 habuerint
507 1707 807 1785 summonicionem,
828 1731 867 1774 eo
888 1708 975 1795 quod
995 1708 1059 1795 ipsi
1083 1732 1200 1797 cogno-

106 1820 214 1876 rerunt
228 1810 439 1881 disseisinam.

59 1920 77 1983 1.
159 1916 351 2001 Preceptum
366 1916 430 1981 luit
450 1916 634 1981 uicecomiti
653 1916 741 2004 quod
760 1918 936 2004 assumptis
954 1940 1064 1985 secum
1085 1918 1199 1985 militi·
1279 1949 1292 1978 0
1313 1967 1319 1979 .

105 2018 155 2086 bus
177 2028 211 2085 et
232 2020 333 2085 libere
354 2020 544 2087 tenentibus
566 2043 640 2086 cum
662 2020 698 2086 ui
718 2030 753 2087 et
767 2030 867 2109 gente
882 2030 1008 2087 armata
1022 2022 1056 2087 in
1071 2023 1202 2109 propria

103 2146 228 2208 persona
252 2146 313 2190 sua
337 2124 504 2191 accederet
529 2148 632 2211 usque
658 2125 816 2205 Marham,
846 2136 881 2191 et
909 2148 1039 2192 omnem
1068 2126 1200 2192 forciam

102 2249 192 2313 quam
205 2227 326 2294 ibidem
341 2229 506 2295 inueniret
527 2230 733 2295 resistentem
755 2229 914 2295 Thomam
935 2229 977 2294 de
999 2229 1201 2317 Ingelistona

102 2332 235 2397 amoueri
249 2333 380 2413 faceret,
394 2342 430 2398 11
444 2332 551 2400 eidem
565 2333 689 2398 Thome
708 2332 888 2420 plenariam
908 2333 1060 2398 eeieinam
1080 2334 1200 2399 habere

102 2432 212 2499 laceret
226 2434 267 2501 de
283 2442 370 2501 terra
384 2458 444 2501 sua
458 2434 499 2501 de
515 2435 672 2513 Marham‚
687 2444 721 2500 et
736 2434 823 2523 quod
837 2444 973 2522 poneret
986 2458 1046 2523 per
1065 2436 1200 2503 uadium

103 2548 132 2603 et
144 2541 246 2607 saluos
260 2542 386 2630 plegios
400 2563 512 2607 omues
526 2541 599 2606 illos
612 2541 671 2627 qui
685 2563 719 2606 se
734 2549 886 2606 tenerent
901 2541 937 2606 in
951 2540 1098 2627 predicta
1112 2550 1201 2608 terra

101 2641 137 2708 de
151 2645 296 2710 ldarham
311 2652 424 2711 contra
438 2652 628 2731 preceptum
643 2644 736 2708 Dom.
752 2643 854 2730 Regis
874 2642 917 2709 ad
939 2643 1198 2730 respondendum

101 2745 184 2813 Dom
199 2749 285 2836 Regi
299 2771 397 2836 super
410 2748 598 2814 huiusmodi
612 2748 796 2814 excessibus
811 2760 871 2813 etc

158 2852 199 2916 Et
220 2875 321 2939 super
344 2852 404 2918 hoc
427 2852 522 2918 uenit
546 2852 725 2917 Herinerus
747 2851 788 2917 de
815 2851 1033 2917 Beckerwella
1057 2862 1092 2917 et
1116 2852 1197 2918 dicit

100 2954 176 3037 quod
189 2956 259 3042 ipse
274 2955 340 3020 fuit
354 2956 390 3020 in
403 2955 524 3021 aeisina
537 2954 625 3021 illius
640 2963 726 3020 terre
741 2955 827 3020 sicut
841 2953 877 3019 in
891 2954 949 3020 illa
962 2977 1026 3041 que
1046 2977 1107 3021 sua
1127 2977 1197 3020 esse

98 3055 188 3124 debet
208 3081 268 3146 per
289 3059 390 3124 finem
411 3059 535 3124 lactum
557 3059 592 3124 in
614 3057 704 3124 curia
725 3058 819 3123 Dom
842 3057 942 3145 Regis
962 3056 1121 3124 Johannis
1139 3078 1198 3143 per

99 3164 325 3250 cyrographum
346 3163 529 3230 intersum
550 3172 584 3229 et
604 3163 787 3251 predictum
807 3163 965 3229 Thomam
988 3169 1024 3227 et
1047 3161 1196 3226 Sibillam

99 3267 253 3348 quondam
276 3291 411 3333 uxorem
436 3267 516 3347 eius,
542 3276 576 3334 et
605 3269 727 3354 profert
756 3267 991 3354 cyrographum
1020 3263 1108 3351 quod
1136 3265 1197 3329 hoc

99 3373 238 3436 testatur.
283 3372 328 3436 Et
351 3371 492 3436 Thomas
515 3371 596 3437 dicit
619 3371 706 3458 quod
729 3371 799 3457 ipse
823 3377 875 3435 est
898 3369 933 3434 in
961 3369 1081 3434 seisina
1108 3368 1197 3434 illius

98 3477 178 3536 tene
191 3495 249 3558 per
262 3483 452 3562 preceptum
467 3475 561 3540 Dom.
577 3475 677 3562 Regis
696 3496 755 3561 per
776 3473 876 3538 breue
898 3494 994 3537 suum
1016 3479 1051 3536 et
1072 3470 1196 3535 nullam

98 3570 193 3639 babet
230 3579 518 3645 summonicionem
557 3577 782 3667 respondendi,
824 3584 859 3641 et
899 3575 972 3642 ideo
1013 3597 1078 3640 non
1121 3575 1197 3640 uult

97 3681 290 3762 respondere.
335 3683 588 3749 Consideratum
602 3689 653 3746 111
668 3681 755 3767 quod
770 3703 836 3745 non
850 3679 1043 3766 respondeat
1056 3701 1095 3743 eo
1110 3679 1197 3764 quod

96 3780 191 3846 estin
204 3785 322 3852 1111111
336 3809 396 3873 per
409 3786 509 3853 breue
525 3787 619 3853 Dom.
634 3786 735 3873 Regis
749 3785 829 3872 qua¹
843 3807 944 3871 penes
958 3805 1016 3848 nos
1030 3783 1197 3860 habemus,

94 3881 302 4058 {zliltllppstirprtlp
317 3890 389 4080 111111
403 3889 456 3955 (111
472 3898 506 3954 11
518 3889 698 3954 Herinerus
712 3888 880 3976 perquirat
894 3886 958 3952 sibi
971 3887 1036 3952 alio
1053 3885 1148 3950 modo
1167 3886 1197 3950 si

160 4090 267 4159 Dauid
288 4097 375 4162 filius
400 4096 556 4162 Germani
578 4103 613 4160 11
637 4094 774 4161 (1111111
796 4115 878 4158 uxor
900 4093 971 4158 eius
985 4100 1113 4179 ponunt
1127 4092 1195 4158 loco
1246 4070 1325 4176 iffi

92 4212 154 4254 suo
168 4194 339 4285 Hugonem
356 4201 524 4268 Britonem
544 4223 658 4266 uersus
677 4199 880 4264 Willelmum
900 4197 995 4262 Torel
1014 4197 1056 4262 de
1075 4197 1196 4284 placito

90 4295 248 4367 audiendi
266 4303 420 4372 iudicium
441 4329 538 4372 suum
559 4305 601 4372 de
622 4304 723 4371 assisa
737 4325 822 4370 noue
836 4302 1004 4368 dissaisine
1019 4323 1083 4388 que
1098 4309 1195 4388 capta

551 4433 561 4466 ¹
578 4433 649 4484 Corr.
662 4435 736 4497 quod.

1003 4530 1109 4595 20-2
