3167 5075
396 402 460 466 388
699 408 851 471 crurum,
872 408 938 457 sn.
962 392 1056 471 1220,
1077 406 1139 461 sn
1163 397 1190 459 4.

396 594 541 672 tempore
557 582 643 671 quod
658 604 724 647 non
739 580 865 669 possint
879 580 1038 668 placitum
1054 588 1167 647 tenere
1181 602 1239 667 pro
1254 588 1395 667 tempore
1409 580 1477 667 legis,

397 696 524 778 ponunt
545 687 705 776 placitum
729 686 812 751 illud
835 686 871 750 in
893 693 1079 773 respectum
1109 706 1212 771 usque
1241 685 1283 749 sd
1312 684 1476 749 comitatum

396 801 597 881 sequentem,
612 800 647 857 et
662 790 723 856 toli
737 789 974 856 consuetudine
990 811 1119 875 semper
1129 788 1181 853 usi
1192 795 1271 853 sunt
1282 787 1317 851 in
1329 786 1476 853 comitam.

399 898 443 963 Et
457 897 543 983 quod
558 896 624 961 tale
639 895 683 961 sit
697 894 867 960 recordum
882 893 968 958 siout
982 892 1047 979 ipsi
1062 892 1272 957 recordantur
1286 900 1321 956 et
1341 914 1402 955 non
1414 892 1477 955 sicut

398 1001 486 1067 idem
500 1000 667 1065 «lohannes
686 998 774 1076 dicit,
798 997 827 1062 si
847 997 937 1061 curia
957 996 1210 1061 considerauerit
1234 995 1321 1082 quod
1341 994 1478 1060 recordun

327 1118 331 1125 '
398 1126 511 1169 eorum
538 1124 604 1167 non
632 1102 773 1167 sufficiet
802 1101 930 1165 desicut
957 1099 1105 1166 duellum
1136 1100 1213 1167 inde
1248 1100 1412 1165 uadiatum
1436 1110 1479 1173 est,

306 1222 315 1237 ⁸
400 1209 541 1272 offerunt
570 1204 705 1292 probare
734 1226 793 1289 per
821 1225 938 1291 corpus
967 1204 1136 1269 cuiusdam
1167 1204 1262 1269 liberi
1296 1204 1428 1269 hominis
1449 1204 1479 1266 dc

400 1309 513 1375 eodem
535 1308 692 1373 comitatu
716 1307 889 1372 Benedicti
912 1308 1039 1387 Clerici,
1061 1308 1119 1394 qui
1141 1308 1202 1373 hoo
1224 1308 1320 1373 offert
1343 1316 1399 1375 etc
1416 1308 1480 1372 siout

399 1413 456 1478 ille
470 1410 528 1498 qui
542 1410 692 1476 interfuit
707 1410 843 1475 cuilibet
859 1409 1037 1477 comitatui.

466 1513 510 1579 Et
530 1513 699 1579 Johannes
720 1512 882 1599 imprimis
910 1512 1084 1599 respondet
1106 1512 1241 1577 Matheo
1263 1521 1299 1579 et
1321 1512 1481 1599 dicitquod

400 1618 545 1682 duellum
575 1617 745 1682 uadistum
775 1624 811 1681 et
839 1626 1003 1683 armatum
1033 1626 1067 1682 et
1097 1640 1285 1703 percussum
1325 1619 1386 1683 fuit
1417 1618 1482 1681 inter

400 1722 584 1787 Johannem
599 1742 699 1785 enum
714 1742 811 1785 suum
827 1728 862 1785 et
882 1720 1066 1806 predictum
1086 1720 1289 1787 Willelmum
1310 1721 1353 1787 de
1373 1720 1482 1787 seruicio

400 1824 618 1912 predictarum
640 1831 800 1887 terrarum
823 1823 910 1887 sicut
931 1822 1115 1908 predictum
1137 1830 1188 1888 est
1210 1832 1245 1888 ct
1268 1846 1335 1888 non
1357 1823 1395 1888 de
1417 1834 1481 1887 tem

401 1929 551 1995 habende
574 1928 610 1993 in
636 1926 807 2005 dominico,
833 1934 868 1991 et
890 1926 951 1991 hoc
972 1927 1056 1992 bene
1078 1934 1172 2013 potet
1194 1927 1272 2013 quia
1293 1936 1483 1993 anuossors
1525 2002 1526 2007 γ

400 2032 503 2119 ipsius
531 2030 691 2097 «Iohannis
719 2052 849 2117 semper
877 2052 898 2095 s
931 2038 1110 2116 conquestu
1147 2029 1267 2117 Anglio
1305 2032 1430 2097 fuerunt
1458 2030 1482 2092 in
1525 2026 1526 2089 l

402 2135 520 2202 seisins
547 2133 588 2200 de
617 2143 706 2199 terra
728 2135 786 2199 illa
811 2134 898 2200 unde
922 2133 1011 2199 idem
1041 2134 1226 2199 Willelmus
1255 2134 1298 2199 de
1330 2134 1483 2201 Cliucdom

400 2261 484 2304 auus
507 2260 674 2324 nunquam
697 2238 761 2303 fnit
783 2237 913 2303 seisitus
935 2260 995 2303 nec
1018 2247 1091 2324 post
1114 2239 1260 2304 duellum
1283 2262 1346 2305 neo
1367 2248 1443 2315 ente,
1459 2249 1484 2301 ct

402 2343 487 2429 quod
513 2342 659 2407 duellum
689 2342 860 2407 undistum
890 2342 954 2407 fuit
984 2351 1043 2408 eto.
1068 2342 1109 2407 de
1133 2343 1270 2409 seruioio
1294 2352 1332 2409 et
1360 2366 1419 2409 non
1437 2342 1484 2407 elio

402 2444 497 2510 modo
526 2453 561 2511 et
582 2445 668 2530 quod
690 2444 876 2511 Willclmus
897 2468 979 2511 auus
1002 2468 1169 2532 nunquam
1192 2448 1257 2511 fuit
1279 2447 1358 2513 inde
1379 2448 1485 2513 seisitns

402 2550 497 2614 offert
519 2548 665 2614 domino'
685 2550 727 2615 xl
754 2550 810 2616 sol.
833 2573 891 2636 pro
913 2549 1064 2616 habende
1084 2551 1298 2638 inquisicione
1321 2553 1362 2619 de
1383 2552 1485 2618 duobus

401 2653 610 2719 comitatibus
624 2652 741 2718 uicinis
756 2655 934 2718 secundnm
950 2655 1037 2740 quod
1052 2655 1142 2721 curie
1153 2655 1410 2723 considemuerit
1447 2655 1485 2720 De

400 2757 529 2822 recordo
544 2757 719 2822 comitatus
733 2756 815 2821 dicit
830 2758 916 2843 quod
939 2758 1005 2823 tale
1026 2767 1076 2822 est
1097 2758 1181 2823 sicut
1201 2759 1271 2845 ipse
1293 2761 1376 2827 dicit
1394 2771 1424 2826 ct
1441 2760 1485 2823 hor

399 2863 494 2927 offert
504 2861 717 2927 disrecionere
727 2884 784 2947 per
793 2884 908 2947 corpus
917 2862 1055 2948 predicti
1068 2864 1223 2928 Willelmi
1238 2864 1269 2928 le
1280 2865 1486 2952 champeney>

400 2964 458 3052 qui
472 2965 531 3030 hoc
548 2966 643 3031 offert
658 2971 718 3029 etc
739 2964 876 3049 probare
897 2965 984 3050 quod
1003 2965 1070 3030 tale
1093 2975 1144 3032 est
1164 2975 1233 3044 etc,
1255 2968 1312 3032 uel
1335 2967 1484 3034 defendere
1524 3001 1525 3014 2

399 3070 486 3156 quod
500 3069 566 3134 tole
581 3090 646 3134 non
661 3077 711 3133 est
726 3077 786 3133 etc
804 3067 889 3132 sicut
904 3069 994 3134 curis
1008 3070 1269 3136 considerauerit.

466 3174 509 3239 Et
524 3172 677 3238 Matheus
692 3172 773 3237 dicit
788 3172 875 3258 quod
890 3173 918 3237 si
932 3173 1022 3238 curia
1036 3173 1291 3239 considerauerit
1312 3175 1399 3262 quod
1417 3171 1486 3238 istud

268 3348 274 3357 ,
399 3278 545 3344 duellum
560 3299 624 3341 non
640 3276 759 3342 debeat
773 3277 945 3362 procedere
960 3277 1086 3343 desicut
1106 3287 1145 3342 nt
1164 3279 1196 3343 ei
1215 3278 1353 3344 uidetur
1367 3279 1487 3344 raciona-

399 3382 510 3447 biliter
524 3380 693 3447 uudiatum
709 3388 767 3458 est,
782 3389 818 3445 et
838 3389 878 3444 ut
897 3381 938 3446 de
961 3381 1080 3446 seisine
1100 3390 1172 3467 post
1193 3381 1339 3467 primum
1362 3382 1486 3449 duehum

399 3481 612 3571 pemussum⁸,
634 3481 775 3547 libenter
796 3491 896 3569 ponet
918 3506 952 3550 se
975 3507 1072 3570 super
1093 3482 1353 3571 inquisicionem,
1373 3483 1488 3552 sicoris

398 3584 657 3662 considerauerit,
688 3585 774 3670 quod
803 3586 945 3671 primum
974 3586 1120 3652 duellum
1157 3587 1329 3654 uadistum
1369 3589 1428 3655 luit
1458 3586 1487 3651 de

399 3699 487 3757 terra
499 3692 535 3756 in
549 3689 709 3755 dominico
725 3699 759 3754 et
774 3712 839 3755 non
854 3691 895 3756 de
910 3691 1046 3757 seruioio
1061 3699 1095 3758 et
1109 3692 1196 3778 quod
1216 3692 1405 3760 Willelmus
1422 3713 1488 3758 auus

399 3818 477 3861 suus
491 3793 555 3859 fuit
570 3793 701 3859 scisitus
715 3803 789 3880 post
804 3793 950 3860 duellum
965 3795 1056 3860 illud

463 3900 581 3964 Postea
599 3898 721 3984 optulit
743 3899 897 3963 Mothous
918 3898 1049 3964 domino
1072 3899 1156 3988 Regi
1179 3923 1205 3966 c.
1228 3925 1251 3968 s
1273 3925 1332 3988 per
1352 3902 1399 3967 sic
1419 3897 1489 3986 quod

398 4003 543 4078 duellum
558 4002 799 4068 racionabiliter
813 4003 983 4069 uadistnm
997 4004 1209 4090 percucietur.

430 4161 440 4193 ¹
456 4162 599 4212 Answerto
610 4161 699 4212 fourth
709 4161 847 4225 objection.
977 4163 1022 4214 the
1037 4163 1149 4227 psrties;
1167 4161 1233 4212 such
1246 4177 1262 4213 e
1277 4177 1372 4226 vager,
1385 4160 1491 4212 unum

429 4227 441 4259 ²
457 4227 556 4290 Supply
566 4229 638 4289 Repi.
671 4228 702 4284 A,
711 4227 831 4290 illegible.
976 4227 1274 4291 urges‚ispermissible;
1286 4228 1366 4277 butif
1375 4229 1420 4278 the
1426 4229 1491 4276 court

429 4291 544 4342 ⁸Bottle
565 4291 614 4341 hos
635 4291 700 4342 been
720 4292 809 4355 wsged
827 4306 861 4342 on
879 4292 925 4343 the
975 4293 1066 4342 thinks
1078 4293 1222 4351 otherwise,
1230 4293 1327 4343 hewill
1339 4298 1390 4356 put
1400 4289 1491 4342 himsell

397 4357 524 4408 assertion
541 4357 570 4407 of
587 4372 603 4406 o
623 4356 703 4406 seisin
723 4357 879 4420 subsequent
896 4361 924 4407 to
974 4373 1009 4408 on
1026 4373 1061 4408 sn
1078 4357 1183 4420 inquest
1199 4373 1230 4408 os
1251 4362 1279 4407 to
1297 4357 1370 4408 shut
1390 4356 1491 4408 werthe

396 4423 441 4473 the
452 4421 512 4472 duel
522 4421 636 4472 between
647 4421 692 4472 the
703 4421 884 4484 grandfathers
896 4424 925 4472 ol
974 4423 1093 4485 question
1100 4423 1204 4474 deoided
1213 4423 1246 4486 by
1254 4424 1299 4474 the
1306 4425 1428 4486 previous
1435 4423 1491 4472 duel
