3167 5075
362 394 596 456 monarchae,
618 393 684 443 sn.
709 381 803 456 1225,
824 394 886 444 nn.
913 381 1028 446 9-10.
1183 383 1246 446 525

161 573 166 580 '
206 568 381 634 Ethlicia
401 568 531 655 quesita
552 568 682 655 quando
707 568 902 655 desponsata
924 569 997 648 fnit,
1020 578 1055 636 et
1078 571 1145 648 nbi,
1167 571 1251 637 dicit

137 671 228 757 qnod
242 694 282 736 eo
301 694 386 736 anno
408 693 474 757 qno
493 672 588 736 Dom.
602 671 874 758 Archiepiscopns
896 682 1099 738 consecratus
1121 674 1193 752 fuit,
1213 684 1250 740 et

138 775 228 861 quod
250 775 311 840 hoo
332 776 396 840 fuit
417 776 453 839 in
475 775 611 840 ecelesia
633 775 786 852 talieta,
808 784 843 840 et
866 775 967 840 nichil
993 776 1137 841 ostendit
1161 777 1248 863 quod

137 878 451 965 eam¹hrecuperauit
466 881 502 944 in
520 880 639 958 uirum,
654 901 714 944 nec
732 880 891 966 scriptum
913 881 1058 946 iudicum
1078 904 1138 947 nec
1158 883 1248 948 aliud

135 989 199 1046 etc
1146 1047 1150 1056 .

202 1085 285 1152 Dies
307 1085 405 1151 datus
428 1093 478 1151 est
502 1086 549 1151 eis
572 1086 613 1151 de
635 1085 798 1152 audiendo
820 1087 940 1153 indicio
962 1110 1022 1154 suo
1046 1089 1106 1154 tali
1125 1098 1185 1157 eto.
1208 1099 1248 1156 ut

134 1189 210 1276 ipsa
223 1198 304 1256 tunc
318 1190 471 1257 ostendat
484 1192 642 1277 scriptum
662 1191 718 1256 uel
735 1192 826 1257 aliud
842 1214 902 1277 per
914 1193 1001 1280 qnod
1015 1194 1089 1260 sciri
1104 1196 1205 1282 possit
1219 1196 1248 1261 si

133 1294 260 1381 ipsam*
273 1296 479 1382 recuperauit
493 1297 528 1361 in
542 1297 652 1361 uirum
667 1297 722 1362 uel
737 1319 803 1361 non
819 1304 879 1362 eto.
1370 1352 1373 1357 .

39 1393 97 1460 678.
203 1398 378 1464 'Ricardus
403 1399 444 1465 de
470 1400 575 1465 Puteo
604 1399 691 1486 petit
719 1421 832 1464 uersus
862 1399 1043 1466 Robertum
1072 1401 1113 1467 de
1143 1399 1255 1467 Putco'
1325 1487 1330 1494 Ι

133 1525 211 1568 xxx.
227 1525 317 1568 acras
330 1511 416 1568 terre
435 1527 510 1569 cum
530 1511 609 1590 pert
626 1504 662 1569 in
680 1504 922 1590 Rngeleslegha
942 1513 980 1570 ut
1000 1506 1051 1570 ius
1070 1529 1164 1572 snum
1187 1517 1246 1572 etc.

133 1607 226 1672 unde
247 1606 405 1671 Ricardus
427 1607 608 1672 auunculus
629 1629 708 1672 suus
729 1607 794 1671 fuit
814 1606 944 1672 scisitus
964 1608 999 1672 in
1014 1608 1174 1674 dominico
1189 1634 1248 1676 suo

133 1718 207 1786 etc,
222 1717 258 1774 et
272 1707 313 1772 de
328 1708 466 1772 Ricardo
480 1708 648 1773 deseendit
661 1708 714 1772 ius
728 1716 813 1773 terre
834 1708 922 1774 illiue
942 1710 1068 1796 Rogero
1083 1712 1175 1776 fratri
1189 1735 1248 1778 auo

133 1812 278 1900 eoquod
291 1812 448 1877 Ricardus
463 1812 545 1877 obiit
560 1811 630 1877 sine
650 1810 769 1876 herede
790 1811 832 1876 de
852 1835 895 1890 se,
910 1821 944 1878 et
964 1813 1004 1879 de
1025 1815 1151 1901 Rogero
1171 1815 1248 1886 huic

132 1918 277 1984 Ricardo
290 1925 330 1982 ut
343 1917 411 1981 filio
425 1939 485 1980 suo
499 1924 534 1981 et
549 1916 660 1981 heredi
675 1938 734 1981 suo
748 1926 819 1994 etc,
833 1925 868 1982 et
884 1917 971 2003 quod
984 1918 1034 1983 ita
1048 1918 1091 1984 sit
1106 1927 1166 1985 etc.
1292 1992 1295 1997 ,

201 2023 247 2087 Et
273 2022 435 2087 Robertus
464 2020 558 2086 uenit
587 2029 622 2086 et
650 2020 798 2086 defendit
827 2020 878 2086 ius
907 2043 1003 2085 suum
1032 2029 1068 2086 et
1096 2022 1247 2088 seisinem

132 2124 276 2213 predicti
297 2124 428 2189 Ricardi
448 2132 484 2189 et
506 2131 613 2188 totum
636 2131 695 2190 etc.
718 2145 777 2209 per
798 2145 913 2209 corpus
933 2146 1030 2188 suum
1052 2124 1137 2189 sicut
1158 2125 1250 2190 curia

131 2228 396 2296 considerauerit.

199 2334 247 2397 Et
262 2332 419 2398 Ricardus
434 2331 514 2398 dicit
529 2332 616 2418 qnod
629 2355 694 2397 non
716 2332 849 2397 uidetur
868 2331 900 2396 ei
919 2331 1006 2418 quod
1025 2354 1083 2417 per
1101 2332 1247 2398 duellum

131 2435 184 2501 se‘
210 2434 331 2499 debeat
356 2457 391 2498 se
416 2433 599 2512 defendere,
621 2434 699 2520 quia
719 2434 854 2520 qnidam
875 2433 1060 2498 Willelmus
1081 2433 1122 2500 de
1143 2435 1248 2500 Puteo
1332 2474 1335 2482 ·

131 2540 254 2607 habuit
279 2550 346 2604 tres
371 2540 456 2604 filios
480 2540 655 2627 Rogerum,
676 2539 853 2604 Ricardum
876 2550 910 2603 et
932 2539 1158 2626 Reginaldum.
1203 2540 1248 2603 Et

131 2646 294 2711 Ricardue
323 2644 381 2731 qui
410 2645 474 2709 fnit
502 2644 630 2709 medius
659 2643 838 2731 adquisiuit
863 2643 1043 2730 predictam
1069 2652 1189 2708 terram
1212 2652 1248 2709 et

131 2750 218 2814 obiit
232 2748 303 2813 sine
318 2747 436 2813 herede
457 2747 509 2819 de'
521 2770 564 2824 se,
579 2754 614 2812 et
633 2746 749 2813 debuit
767 2756 855 2811 terra
873 2747 996 2812 reuerti
1019 2746 1060 2811 ad
1083 2747 1247 2834 Rogarum

131 2855 390 2942 primogenitum
417 2855 551 2919 fratrem
573 2875 669 2917 snum
692 2859 727 2916 et
747 2859 875 2937 patrem
897 2850 1000 2937 ipsius
1021 2851 1160 2918 Rioerdi.
1205 2852 1249 2917 Et

132 2959 338 3048 Reginaldus
367 2965 538 3045 postnatns
566 2957 653 3021 filius
682 2958 746 3022 fuit
774 2966 870 3043 pater
899 2956 1004 3042 ipsius
1029 2956 1166 3021 Roberti
1190 2978 1250 3043 per

132 3088 232 3152 qnem
248 3064 412 3131 Robertus
426 3062 527 3128 habet
541 3062 730 3149 ingressum.
775 3062 820 3126 Et
839 3060 997 3126 Ricardns
1015 3062 1098 3126 obiit
1118 3061 1248 3127 scisitus

132 3169 173 3235 de
188 3178 279 3234 terra
293 3167 350 3232 illa
364 3174 399 3231 et
412 3166 486 3231 ideo
500 3166 632 3231 adeum
647 3166 746 3231 debet
760 3165 883 3231 reuerti
897 3172 936 3229 ut
951 3165 993 3231 ad
1009 3165 1114 3231 filium
1129 3166 1247 3251 primo-

133 3272 239 3360 geniti
262 3270 370 3335 fratris
391 3270 451 3348 sui,
473 3278 508 3336 et
529 3271 557 3337 si
578 3271 668 3335 curia
689 3270 940 3335 considerauerit
963 3270 1048 3355 quod
1070 3293 1167 3356 super
1187 3270 1248 3335 hoc

133 3378 256 3443 debeat
281 3374 427 3440 duellum
456 3374 534 3451 fieri,
561 3374 655 3439 offert
683 3374 820 3459 probare
849 3372 1001 3437 seisinam
1030 3372 1161 3437 Ricardi
1189 3397 1249 3460 per
1315 3456 1319 3467 .

133 3504 251 3568 corpus
271 3479 431 3545 Johannis
452 3479 513 3544 filii
534 3479 660 3565 Nigelli
674 3486 734 3544 etc.
755 3478 813 3564 qui
833 3478 893 3542 hoc
913 3476 1006 3541 offert
1026 3486 1086 3544 etc.
1101 3477 1185 3543 sicut
1204 3478 1248 3543 de

134 3587 208 3651 nien
223 3592 261 3650 et
274 3591 428 3670 precepto
442 3584 475 3648 N
477 3584 567 3671 igelli
582 3583 750 3669 patrissui
765 3592 824 3647 etc.
846 3581 852 3669 Ι

198 3691 247 3755 Et
261 3688 425 3754 Robertns
438 3689 532 3754 uenit
547 3695 581 3753 et
596 3688 760 3774 cognoscit
774 3686 985 3772 parentelam,
999 3693 1049 3749 set
1065 3684 1144 3751 dicit
1159 3685 1246 3771 qnod

134 3793 236 3859 nichil
251 3792 371 3857 clamat
386 3791 579 3857 hereditarie
594 3813 652 3877 per
666 3790 841 3855 Ricardum
862 3789 1060 3854 aunnculum
1076 3811 1180 3866 suurn,
1195 3798 1246 3855 set

135 3897 223 3962 idem
249 3894 407 3959 Ricardue
434 3917 548 3960 reuera
572 3902 693 3959 terram
718 3894 808 3959 illam
834 3891 925 3957 dedit
954 3891 1135 3978 Reginaldo
1160 3894 1246 3979 patri

136 3998 211 4065 sno⁸
225 4006 262 4064 et
276 3998 471 4063 attorniauit
485 3999 626 4064 eundem
640 3997 859 4085 Reginaldum
881 3996 922 4061 ad
942 3996 1125 4061 faciendum
1145 3998 1246 4063 semi-
1289 4072 1294 4082 Ι

136 4102 224 4168 cium
238 4124 337 4167 enum
356 4102 450 4167 Dom.
465 4102 558 4189 Regi,
573 4111 608 4168 et
627 4103 711 4167 bene
732 4102 879 4167 defendit
899 4100 986 4187 quod
1005 4101 1162 4169 Ricardus
1181 4126 1246 4169 non

170 4278 180 4310 ¹
198 4277 250 4337 Sic,
260 4279 299 4339 A;
316 4292 382 4327 corr.
394 4293 457 4337 eum,
470 4278 500 4330 B.
750 4279 762 4312 ⁴
778 4279 836 4330 Om.
850 4294 884 4340 re,
898 4278 927 4340 A,
943 4278 973 4327 B.

170 4344 182 4363 ·
197 4342 384 4469 {rchhppprrff
391 4344 525 4459 agnlnpffi.
751 4346 762 4375 ⁵
776 4344 875 4393 Fcther
886 4344 915 4393 of
924 4342 1020 4393 Robert
1032 4344 1077 4394 the
1088 4347 1189 4395 tenum.
