3167 5075
362 313 429 411 Ι578
661 357 800 420 amana,
820 357 885 406 an.
910 341 1003 419 1226,
1026 356 1089 406 aa
1115 345 1163 408 10.

364 533 494 619 qualem
509 529 671 597 Robertus
685 539 779 618 pater
792 552 872 595 maus
885 527 1004 595 habuit
1018 529 1073 595 die
1088 552 1153 617 quo
1167 530 1250 596 obiit
1263 529 1306 596 de
1319 529 1472 595 omnibus
1547 523 1549 536 '

363 639 459 704 terris
484 659 564 724 quas
586 635 674 703 idem
698 637 862 703 Robertus
884 636 994 701 tenuit
1015 635 1056 701 de
1078 636 1192 701 eodem
1214 637 1373 701 Hemone
1430 635 1474 699 Et

247 772 309 814 m
364 741 442 827 quia
462 741 537 806 uult
558 739 754 805 exheredare
776 739 880 825 ipsam
902 738 1080 816 Mabiliam,
1095 739 1218 804 nullam
1238 739 1359 804 habere
1372 739 1474 804 debet

362 842 553 921 custodiam,
567 850 602 907 et
617 842 749 907 Hamon
762 840 800 904 in
815 840 1033 905 misericordia
1046 851 1108 905 etc.
1153 841 1197 906 Et
1216 849 1409 927 preceptum
1424 849 1476 905 est

362 945 548 1012 uiceeomiti
562 947 648 1033 quod
663 969 721 1033 per
735 956 974 1011 sacramentum
995 954 1056 1010 etc.
1072 946 1217 1032 inquirat
1237 946 1324 1033 quod
1340 955 1476 1012 uastum

362 1059 424 1116 etc.
468 1049 527 1116 1Et
542 1049 712 1138 inquisicio
727 1049 808 1114 dicit
823 1049 910 1135 quod
924 1049 1002 1115 fecit
1017 1059 1149 1116 uastum
1170 1059 1302 1115 tantum
1321 1059 1383 1116 ete
1432 1051 1476 1114 Et

362 1153 436 1218 ideo
461 1153 576 1218 reddat
600 1161 730 1218 tantum
756 1151 800 1217 ad
823 1151 1077 1217 reedificandum
1103 1152 1176 1218 etc'
1232 1153 1278 1217 Et
1301 1152 1474 1218 sciendum

363 1257 449 1343 quod
465 1256 616 1322 Ascelina
630 1255 776 1342 predicta
795 1256 876 1321 alias
895 1256 996 1342 peciit
1015 1256 1125 1322 dotem
1145 1279 1239 1322 suam
1258 1279 1372 1323 uersus
1393 1279 1474 1322 eun·

363 1361 438 1428 dem
462 1362 655 1437 Hamouem,
679 1370 714 1424 et
740 1360 849 1425 Hamo
872 1360 992 1425 obiecit
1015 1363 1047 1425 ei
1073 1360 1159 1446 quod
1183 1383 1249 1426 uon
1271 1362 1336 1426 hait
1361 1361 1474 1426 eidem

363 1465 505 1531 Roberto
525 1464 719 1550 desponsata
741 1485 801 1550 per
821 1463 909 1550 quod
930 1465 1028 1529 missa
1049 1465 1114 1530 fuir
1135 1466 1264 1552 loquela
1282 1465 1326 1531 ad
1346 1467 1474 1530 curiam
1547 1489 1549 1496 ·

362 1569 586 1634 cristianitatis
616 1577 651 1633 et
680 1567 727 1633 ibi
756 1568 910 1655 probauit
938 1569 1101 1654 sponsalia
1128 1567 1215 1634 sicut
1243 1569 1332 1635 idem
1360 1570 1474 1634 Hamo
1547 1629 1549 1636 .

362 1670 526 1758 cognoscit
541 1677 601 1734 etc.
1547 1665 1549 1692 ³

427 1774 542 1861 'Hugo
568 1773 609 1838 de
634 1771 785 1838 Morwico
809 1771 1028 1838 summonitus
1052 1773 1117 1838 fuit
1141 1771 1184 1838 ad
1210 1773 1472 1861 respondendum
1547 1767 1549 1774 ’

361 1879 505 1944 Roberto
527 1878 567 1943 de
591 1877 754 1942 Harecurt
775 1876 864 1963 quod
885 1877 1110 1942 warantizaret
1129 1877 1162 1942 ei
1184 1877 1318 1943 terciam
1342 1889 1472 1964 partem
1547 1863 1549 1936 l

360 2006 412 2050 xx.
427 1985 535 2050 bouat.
551 1992 636 2048 terre
651 1991 711 2048 ete
726 2005 802 2048 cum
817 1982 949 2069 pertin
963 1981 1156 2058 Piclrewilla.
1172 2004 1271 2068 quam
1285 1983 1471 2049 Willelmus

361 2087 401 2153 de
429 2088 584 2173 Cartorpe
611 2095 645 2152 et
671 2086 779 2152 Alieia
802 2108 884 2152 uxor
906 2085 977 2151 eius
1000 2095 1276 2172 recuperauerunt
1298 2087 1334 2152 in
1359 2089 1470 2154 dotem
1547 2101 1549 2134 ¹

360 2192 507 2258 eiusdem
523 2191 627 2257 Alicie
642 2213 700 2276 pro
720 2190 851 2256 delectu
873 2190 975 2276 ipsius
995 2191 1154 2277 Hugonis‚
1169 2200 1204 2256 et
1225 2193 1347 2278 profert
1371 2193 1468 2280 quod·

360 2296 434 2360 dam
459 2293 696 2382 cyrographum
720 2291 807 2378 quod
830 2301 974 2358 testatur
998 2293 1086 2379 quod
1110 2293 1199 2358 idem
1221 2294 1323 2380 Hugo
1343 2294 1470 2360 dimisit

359 2396 464 2462 eidem
480 2397 624 2462 Roberto
638 2403 758 2460 terram
774 2417 838 2480 que
859 2395 923 2459 fuit
942 2395 1104 2460 Johannis
1124 2394 1165 2460 de
1185 2395 1348 2480 Spixtcna
1367 2421 1467 2484 usque

358 2502 401 2568 ad
416 2509 537 2568 etatem
554 2499 681 2567 heredis
701 2499 848 2565 eiusdem
867 2500 1037 2579 Johannis,
1051 2508 1086 2566 et
1104 2500 1178 2567 ideo
1200 2501 1365 2568 Rcbertus
1383 2505 1467 2590 petit

358 2606 445 2694 quod
458 2605 546 2671 idem
561 2605 661 2691 Hugc
676 2604 773 2669 saciat
788 2604 821 2668 ei
841 2604 1039 2669 escambium
1059 2604 1101 2668 ad
1121 2604 1305 2670 ualenciam
1324 2606 1466 2692 predicte

263 2758 276 2787 ο
358 2710 457 2775 tercie
471 2708 574 2797 partis
589 2717 648 2773 etc.
695 2707 739 2772 Et
757 2707 857 2793 Hugo
877 2707 972 2771 uenit
992 2715 1027 2773 et
1046 2708 1212 2794 cognoscit
1232 2708 1466 2796 cyrographum

357 2821 408 2878 set
430 2813 509 2879 dicit
531 2811 618 2898 quod
639 2834 705 2876 non
727 2810 852 2876 dimisit
874 2810 905 2877 ei
927 2811 991 2876 nisi
1011 2811 1072 2876 hoe
1094 2809 1180 2897 quod
1200 2812 1272 2897 ipse
1293 2814 1415 2891 habuit,
1429 2829 1465 2878 et

356 2916 426 3003 ipse
442 2939 506 2981 non
520 2914 629 3001 potuit
644 2913 720 2979 dare
734 2914 846 2979 dotem
860 2915 976 2979 matris
990 2914 1129 3001 predicti
1143 2915 1281 2982 heredis
1327 2919 1372 2983 Et
1389 2919 1466 3004 quia
1546 2979 1547 2982 ,

356 3043 422 3085 non
437 3020 546 3107 potuit
560 3020 686 3084 auferre
701 3017 813 3084 dotem
833 3020 941 3085 uxoris
960 3019 1129 3096 Johannis,
1143 3042 1204 3085 nec
1225 3022 1410 3087 continetur
1426 3022 1466 3085 in
1546 3049 1547 3100 j

357 3124 555 3213 cyrographo
584 3123 669 3210 quod
699 3122 820 3188 debeat
848 3124 1047 3189 escambium
1076 3124 1110 3189 ei
1137 3125 1242 3189 facere
1267 3148 1330 3191 nec
1357 3136 1467 3191 contra
1546 3159 1547 3184 l

356 3229 467 3294 dotem
505 3226 719 3303 warentizara
749 3236 784 3292 et
816 3236 965 3314 preterea
992 3227 1080 3294 idem
1110 3229 1275 3296 Robertus
1304 3232 1399 3296 hahet
1426 3232 1466 3295 in
1546 3215 1547 3254 ³

356 3330 492 3396 seruicio
514 3338 549 3395 et
570 3327 605 3393 in
627 3327 787 3393 dominico
810 3329 989 3416 predictam
1008 3339 1138 3409 terram,
1157 3332 1390 3398 consideratum
1407 3346 1465 3397 est
1546 3317 1547 3328 ³

270 3492 273 3500 .
356 3435 443 3521 quod
473 3433 573 3519 Hugo
602 3431 646 3497 sit
672 3431 805 3518 quietus
828 3434 869 3497 de
892 3432 1053 3498 escambio
1074 3434 1223 3500 faciendo
1246 3446 1283 3501 et
1306 3436 1466 3502 Robenus

356 3547 417 3606 etc.

294 3676 317 3737 '.
420 3641 547 3707 ‘Assisa
570 3641 662 3707 uenit
684 3640 891 3728 recognitura
912 3642 985 3728 quis
1005 3640 1185 3709 aduncatus
1206 3651 1352 3731 tempore
1371 3645 1464 3730 pacis

290 3784 311 3813 ι.
355 3746 557 3835 presentauit
570 3746 722 3812 ultimam
737 3769 908 3833 personam
922 3768 986 3833 que
997 3757 1127 3813 mortua
1137 3758 1187 3814 est
1197 3748 1242 3814 ad
1252 3748 1463 3837 prebendam⁵

355 3853 395 3918 de
421 3852 580 3927 Salhurst,
603 3874 666 3937 que
694 3859 789 3916 uacat
812 3860 882 3930 etc,
904 3852 996 3917 cuius
1017 3852 1266 3919 aduocacionem
1288 3856 1389 3920 Simon
1413 3854 1463 3917 de

354 3954 575 4040 Ethingeham
591 3954 710 4019 clamat
726 3976 838 4019 uersus
852 3954 992 4019 Aliciam
1008 3955 1216 4022 Comitissam
1232 3956 1273 4021 de
1283 3958 1372 4042 augo
1386 3964 1462 4021 etc.

355 4060 399 4125 Et
413 4058 520 4123 Alicia
539 4079 604 4122 non
625 4057 724 4135 uenit,
740 4067 774 4123 et
795 4058 913 4124 habuit
931 4058 1018 4125 diem
1038 4082 1098 4147 per
1115 4062 1338 4126 essoniatorem
1354 4080 1459 4124 suum

354 4316 361 4329 ο
386 4251 395 4286 ¹
412 4249 469 4301 nne
485 4254 536 4302 tuo
551 4252 613 4301 next
631 4255 765 4303 sentences
779 4268 824 4303 are
835 4256 883 4304 not
964 4252 976 4351 Ξ
992 4252 1020 4305 Β.
1035 4268 1071 4306 rn.
1086 4254 1119 4305 10
1129 4253 1155 4305 d.

352 4316 589 4432 m¹BlhisisFita
604 4382 680 4444 wast,
696 4382 751 4433 142.
964 4318 1070 4436 ‘Idi’flxl
1078 4320 1164 4435 llll).
