3167 5075
379 400 445 464 364
688 412 839 474 reruni,
861 410 925 460 ιι).
951 397 1044 474 1220,
1066 412 1128 461 aa
1153 400 1181 461 4.

379 587 536 653 iudicium
551 596 586 653 et
601 597 681 653 tunc
695 588 838 653 habeant
853 587 1037 653 Willelmus
1052 596 1088 653 et
1104 588 1260 655 Ricardus
1274 590 1370 658 breue
1383 616 1453 658 mum

378 692 419 758 de
436 693 622 758 extensione
637 692 791 758 facienda.
831 688 964 758 ²P0stea
977 692 1012 757 in
1028 694 1167 758 crastino
1178 702 1238 763 etc.
1249 697 1455 763 consideratum

378 804 428 861 est
442 796 529 882 quod
544 796 682 861 Edelina
695 796 814 861 habeat
829 795 980 861 seisinam
1000 820 1093 863 suam
1113 797 1155 862 de
1174 798 1320 883 predicta
1343 816 1415 866 terra
1431 810 1455 865 et

378 898 419 963 de
434 899 564 964 redditu
579 922 653 964 cum
669 907 751 985 pert,
766 906 801 963 et
821 898 907 984 quod
923 899 1081 965 Ricardus
1096 910 1131 966 et
1145 901 1328 969 Willelmus
1344 905 1455 969 habeant

377 1001 528 1066 seisinam
543 1024 637 1067 suam
651 1002 692 1066 de
707 1001 868 1067 escambio
883 1001 1061 1067 secundum
1077 1002 1162 1089 quod
1182 1004 1363 1090 predictum
1376 1017 1417 1072 est
1431 1008 1456 1071 in

379 1106 558 1183 Turnham,
572 1106 645 1171 etc'

443 1209 654 1274 ⁸Hemelinus
683 1209 771 1274 filius
800 1209 932 1274 Radulfr
961 1209 1162 1275 attachiatus
1190 1210 1255 1275 fuit
1283 1212 1325 1277 ad
1352 1234 1455 1297 respon·

296 1319 323 1349 ¹⁵
378 1313 521 1379 dendum
537 1314 671 1400 Hugoni
686 1314 727 1379 de
742 1314 941 1379 Gundeuilla
955 1336 1055 1400 quare
1074 1314 1144 1400 ipse
1158 1314 1239 1379 tulit
1253 1315 1380 1381 assisam
1393 1338 1456 1380 noue

378 1417 544 1482 disseieine
573 1439 687 1482 uersus
715 1416 899 1503 predictum
925 1418 1101 1504 Hugonem
1128 1416 1296 1481 dominum
1320 1440 1406 1483 suum
1426 1416 1456 1479 de

378 1530 566 1586 tenemento
584 1521 620 1585 in
640 1521 759 1607 Pinpre
778 1520 906 1586 desicut
921 1520 989 1607 ipse
1005 1528 1055 1586 est
1070 1520 1213 1586 uillanus
1228 1530 1263 1585 et
1278 1520 1417 1609 cognouit
1432 1542 1457 1583 se

378 1647 447 1689 esse
472 1624 630 1689 uillanum
653 1624 755 1710 patris
774 1624 913 1710 predicti
933 1624 1084 1711 Hugonis
1105 1632 1251 1711 tempore
1276 1626 1367 1691 Dom.
1380 1624 1457 1711 Regis

258 1739 299 1779 ’ω
342 1739 356 1780 ⁴·
377 1729 407 1794 J.
424 1736 483 1794 ete
499 1751 605 1793 coram
620 1728 806 1793 iusticiariis
821 1728 1052 1793 itinerantibus
1067 1728 1156 1815 apud
1170 1728 1413 1814 Shyreburnian
1429 1738 1457 1793 ut

376 1832 464 1897 idem
494 1833 594 1920 Hugo
622 1832 711 1909 dicit,
740 1831 827 1897 unde
856 1832 945 1897 idem
980 1833 1081 1919 Hugo
1110 1833 1254 1897 ostendit
1288 1834 1371 1920 quod
1397 1842 1457 1897 tunc

376 1936 509 2000 fuerunt
537 1934 708 2000 iusticiarii
742 1935 856 2000 Simon
884 1934 925 1999 de
961 1934 1188 2014 Patteshulla⁵,
1218 1936 1405 2003 Eustachius
1427 1936 1457 2001 de

377 2039 637 2126 Faucumbergo⁸
649 2047 685 2105 et
699 2039 756 2104 alii
770 2040 848 2104 socii
863 2039 914 2105 sui
930 2048 990 2107 etc.
1036 2042 1080 2106 Et
1095 2041 1182 2128 quod
1196 2045 1350 2129 cognouit
1362 2066 1394 2109 ae
1407 2064 1458 2107 ese

376 2145 535 2209 uillanum
558 2144 660 2230 patris
681 2144 819 2231 predicti
840 2143 990 2231 Hugonis
1010 2144 1095 2210 sicut
1114 2146 1297 2231 predictum
1317 2156 1374 2225 est,
1386 2146 1459 2233 ponit

376 2272 411 2314 se
426 2272 523 2335 super
536 2248 704 2313 recordum
718 2248 807 2313 curie
823 2256 857 2313 et
871 2270 969 2335 super
983 2249 1105 2313 rotulos
1120 2258 1180 2315 etc

443 2354 487 2417 Et
513 2351 707 2417 Hamelinus
730 2350 824 2415 uenit
847 2360 882 2415 et
907 2351 1054 2417 defendit
1076 2352 1162 2439 quod
1184 2375 1248 2417 non
1270 2361 1322 2418 est
1343 2352 1460 2418 uillanus

377 2479 436 2521 nec
460 2476 615 2542 umquam
635 2454 787 2541 cognouit
808 2476 841 2519 se
862 2476 930 2519 esse
946 2454 1105 2519 uillanum
1121 2455 1260 2521 incuria
1275 2455 1366 2522 Dom
1380 2454 1460 2542 Regis

376 2559 461 2624 sicut
489 2558 577 2624 idem
607 2558 707 2644 Hugo
735 2556 825 2635 dicit,
855 2565 890 2622 ct
918 2557 994 2623 inde
1025 2559 1118 2645 ponit
1146 2582 1181 2624 se
1210 2559 1359 2625 similiter
1383 2579 1461 2644 super

296 2682 303 2692 ·
376 2663 543 2728 reeordum
564 2662 660 2728 curie.
705 2662 765 2728 Set
786 2684 902 2727 uerum
925 2663 1000 2727 uult
1021 2662 1135 2729 dicere.
1181 2664 1273 2730 Dicit
1294 2664 1377 2751 quod
1398 2673 1461 2726 tunc

377 2767 531 2853 temporis
550 2766 674 2832 scilicet
692 2767 728 2830 in
746 2767 864 2832 itinere
884 2767 1134 2833 iusticiariorum
1156 2769 1265 2834 tenuit
1285 2769 1353 2855 ipse
1367 2789 1460 2854 quam-

376 2869 451 2934 dam
474 2878 593 2934 terram
614 2869 650 2934 in
671 2869 885 2957 uillenagium
907 2893 1003 2956 quarn
1025 2880 1157 2948 emerat,
1173 2881 1208 2936 et
1228 2880 1308 2938 tunc
1329 2871 1462 2960 cognouit

376 2973 463 3060 quod
491 2980 578 3039 terra
606 2974 663 3039 illa
687 2975 752 3040 fuit
776 2976 998 3062 uillenagium,
1023 2984 1057 3042 et
1082 2977 1205 3062 precise
1227 2977 1371 3044 defendit
1392 2973 1462 3064 quod

375 3099 542 3164 nunquam
557 3079 710 3164 cognouit
724 3101 759 3143 se
774 3101 844 3144 esse
863 3079 1030 3145 uillanum.
1076 3079 1204 3160 Quesiti
1224 3091 1302 3146 sunt
1323 3080 1415 3146 rotuli
1431 3079 1462 3142 de

375 3181 492 3247 itinere
514 3190 549 3246 et
570 3182 618 3247 ibi
638 3181 842 3248 recordatum
865 3191 915 3247 est
937 3182 1023 3268 quod
1045 3183 1178 3270 quidam
1198 3184 1355 3250 Osbertus
1375 3181 1463 3250 Crede

376 3285 456 3349 tulit
473 3285 606 3350 assisam
625 3285 738 3350 mortis
758 3286 968 3350 antecessoris
983 3286 1023 3351 de
1038 3297 1142 3352 morte
1157 3288 1293 3353 Henriei
1309 3288 1410 3353 fratris
1423 3285 1463 3349 sui

375 3413 474 3476 super
486 3391 592 3476 ipsum
609 3391 821 3456 Hamelinum
837 3391 959 3457 deuna
978 3401 1128 3457 carucata
1146 3402 1232 3458 terre
1255 3417 1329 3459 cum
1348 3391 1463 3482 pertin

377 3496 504 3582 Pinpre,
524 3495 573 3560 ita
591 3497 678 3581 quod
701 3496 788 3561 idem
811 3496 1005 3562 Hamelinus
1025 3497 1190 3584 respondit
1214 3507 1325 3564 contra
1347 3497 1463 3563 assisam

376 3601 471 3686 quod'
486 3622 550 3664 non
573 3598 688 3664 debuit
707 3601 878 3686 procedere
899 3623 937 3664 eo
952 3599 1038 3686 quod
1053 3623 1118 3665 non
1133 3601 1242 3687 potuit
1256 3609 1374 3666 terram
1388 3599 1464 3664 illam

376 3703 493 3768 lucrari
507 3703 561 3768 uel
576 3703 718 3789 perdere,
733 3704 812 3789 quia
825 3703 966 3769 uillanus
981 3705 1044 3769 fuit
1060 3705 1211 3791 Hugonis
1225 3705 1267 3770 de
1283 3701 1464 3770 Gundeuilla

374 3807 478 3892 patris
499 3805 637 3892 predicti
659 3807 816 3892 Hugonia
863 3808 934 3872 Hoc
954 3816 1065 3874 autem
1086 3809 1149 3872 fuit
1169 3808 1341 3873 inuentum
1357 3807 1391 3872 in
1406 3805 1465 3892 plu·

374 3911 464 3976 ribus
493 3911 615 3989 rotulis,
645 3919 679 3974 et
708 3933 783 3975 cum
817 3909 904 3976 idem
941 3912 1135 3977 Hamelinus
1164 3911 1329 3977 debuisset
1358 3911 1464 3975 habere

407 4053 418 4086 ¹
434 4053 620 4116 HereBstops.
647 4053 902 4116 Thirportecoomes
984 4057 995 4088 ⁸
1012 4055 1076 4104 'I'his
1087 4055 1249 4108 referenceis
1264 4058 1291 4105 to
1308 4055 1353 4104 the
1369 4053 1467 4113 missing

374 4119 441 4168 nom
454 4118 571 4168 thenext
582 4118 752 4168 Michaelmas
763 4124 840 4170 term.
953 4121 1050 4170 sohoot
1060 4121 1172 4170 thenote
1181 4119 1466 4180 bookwhichlattempt

408 4184 467 4232 ’In
478 4183 501 4232 A
512 4183 584 4232 there
594 4183 618 4232 is
629 4186 674 4246 yet
688 4183 797 4234 another
813 4187 902 4236 oleum
953 4189 980 4235 to
997 4189 1095 4236 restore
1114 4186 1142 4235 in
1160 4185 1205 4236 the
1223 4185 1358 4250 Appendix
1379 4189 1406 4235 to
1423 4183 1468 4233 thu

375 4249 405 4297 of
424 4248 479 4297 this
495 4252 593 4310 postea,
609 4247 704 4313 hardly
718 4249 818 4312 legible.
852 4252 901 4302 See
952 4251 1062 4300 volume.

373 4313 418 4365 Br.
433 4313 451 4362 ἰ.
463 4313 587 4373 886,395.
983 4313 1467 4380 ⁵nuisunguirhedjurtioeinsohn‘r

407 4377 418 4408 ⁸
434 4377 565 4427 A.m.14.
598 4376 662 4428 This
676 4395 733 4430 ease
749 4379 772 4430 is
787 4379 856 4432 cited
867 4380 900 4445 by
950 4379 1031 4444 reign.
1177 4391 1179 4396 ’

373 4441 488 4494 Bracton
500 4445 519 4493 t.
530 4441 619 4492 aoth·
714 4453 719 4458 “
750 4453 752 4458 ·
982 4445 1223 4509 ⁰Becamchiahop
1234 4447 1262 4496 ot
1271 4443 1379 4495 Loudon
1392 4445 1458 4494 mh·
