3167 5075
378 403 442 476 548
674 411 816 475 mmor,
838 412 903 462 nn.
927 398 1022 473 1226,
1042 411 1106 462 nr.
1129 401 1181 463 10.

376 593 462 658 sicut
483 587 525 657 de
546 611 614 670 sue,
629 598 664 657 et
686 588 772 678 petit
793 588 870 655 inde
892 588 1050 656 iudicium
1073 589 1200 657 desicut
1221 592 1306 658 idem
1322 592 1358 659 G.
1372 591 1459 657 odhnc

376 695 529 762 heredem
543 694 663 761 habere
677 694 799 782 poterit
813 694 842 760 ei
856 694 938 760 deus
951 694 1213 764 considerauerit.

396 811 397 814 ’
443 799 487 864 Ει
510 799 704 864 Godefridus
725 798 786 865 hoc
808 807 916 864 totum
938 801 1112 887 cognoscit,
1131 809 1183 867 εει
1204 799 1286 866 dicit
1305 799 1388 886 quod
1405 799 1462 884 ipse

377 911 428 970 est
442 903 614 970 bastardus
628 911 663 970 et
678 904 765 989 quod
778 925 845 968 non
859 903 969 990 potuit
980 904 1080 970 finem
1089 905 1184 971 illum
1195 906 1299 970 facere
1309 905 1376 970 sine
1385 903 1462 969 Duce

377 1007 553 1086 Louennie,
567 1007 610 1073 ad
624 1031 722 1094 quem
738 1015 826 1072 terra
839 1006 939 1072 debet
952 1008 1076 1074 reuerti
1089 1016 1163 1094 post
1177 1017 1317 1074 mortem
1329 1030 1420 1074 snam

443 1114 487 1178 Et
509 1112 588 1200 quia
609 1112 803 1178 Godefridus
825 1111 990 1199 cognoscit
1001 1111 1098 1197 ’quod
1116 1120 1169 1178 εει
1189 1113 1367 1190 bastardus,
1380 1111 1464 1178 onsi-

376 1213 527 1282 demtum
557 1223 607 1280 εει
637 1215 724 1302 quod
750 1214 977 1302 cirographum
1002 1223 1037 1280 et
1062 1215 1137 1280 finis
1162 1225 1315 1293 consetur,
1339 1224 1373 1280 et
1393 1223 1465 1278 terra

376 1327 544 1384 remaneat
565 1318 729 1384 Herberto
750 1317 837 1383 sicut
859 1317 1054 1384 Godefn'dus
1072 1319 1164 1385 illam
1184 1321 1216 1385 ei
1229 1319 1379 1398 reddidit,
1390 1319 1465 1384 saluo

376 1431 451 1510 post
464 1429 603 1488 mortem
618 1420 787 1487 Godefridi
801 1421 872 1486 iure
887 1421 1070 1487 cuiuslibet

245 1529 339 1600 1707,
442 1524 670 1592 ¹Ricardusde
685 1524 772 1590 Pirie
787 1547 894 1612 prose
915 1532 949 1590 et
972 1526 1070 1591 Sarra
1088 1548 1188 1590 uxore
1210 1526 1281 1592 eius
1302 1525 1393 1592 cuiue
1410 1524 1465 1588 loco

253 1632 329 1676 Μ
378 1639 437 1697 etc
466 1637 588 1717 petunt
616 1651 732 1695 uersus
761 1627 940 1694 Radulium
975 1629 1121 1695 Fobmm
1149 1631 1191 1696 de
1220 1629 1416 1696 monemur
1438 1636 1466 1690 et

376 1735 530 1802 Auiciam
550 1757 688 1801 -nxorem
712 1733 783 1799 eius
805 1729 840 1799 ει
862 1733 1029 1800 Julianem
1055 1734 1097 1800 de
1119 1735 1325 1800 Estonetonn
1347 1754 1467 1800 sororem

375 1838 478 1926 ipsius
500 1839 616 1905 Auicie
638 1837 852 1903 medietatem
873 1837 992 1924 ipsius²
1011 1839 1172 1926 mesuagii
1191 1847 1226 1904 ει
1244 1861 1304 1904 sex
1324 1861 1383 1904 cer.
1396 1847 1467 1902 tene

378 1951 438 2008 etc.
463 1943 499 2008 in
522 1942 726 2009 Estouetone
747 1949 786 2008 ut
807 1942 1037 2008 racionabilem
1059 1943 1243 2029 porcionem
1265 1943 1369 2030 ipsius
1388 1943 1468 2008 Sorte

376 2035 440 2134 que
454 2033 535 2112 eam
556 2035 728 2133 contingit
739 2046 780 2111 de
803 2045 986 2111 hereditate
1001 2045 1161 2112 Willelmi
1181 2047 1291 2112 fratris
1308 2045 1468 2114 eanmden

376 2141 501 2231 Anicie,
516 2152 540 2218 J
541 2151 649 2217 uliane
664 2159 699 2216 et
715 2151 821 2232 Serre,
837 2149 895 2237 qui
913 2172 1019 2237 nuper
1039 2150 1130 2228 obiit,
1145 2151 1238 2216 cuius
1258 2150 1394 2218 heredes
1410 2151 1468 2236 ipm

376 2265 455 2322 sunt
470 2265 541 2336 etc,
556 2257 645 2323 unde
665 2257 729 2343 ipsi
748 2255 908 2322 Ricarduo
928 2264 963 2320 et
984 2256 1082 2322 Serra
1102 2264 1223 2342 petunt
1244 2256 1338 2322 illnm
1356 2264 1469 2343 portem

375 2361 534 2448 mesuagii
550 2382 587 2426 eo
602 2361 688 2448 quod
702 2360 774 2446 ipso
787 2367 838 2424 est
852 2358 1070 2446 primogenito
1082 2380 1179 2426 soror.
1305 2409 1310 2416 .

442 2466 486 2530 Et
501 2465 661 2530 Radulfus
680 2463 801 2530 Anicio
820 2472 854 2528 et
873 2463 896 2528 J
898 2463 1009 2527 ulionc
1030 2463 1170 2528 ueniunt
1191 2472 1227 2528 et
1247 2463 1335 2529 bene
1355 2483 1472 2552 cognose

376 2578 455 2635 cunt
471 2570 556 2658 quod
577 2578 655 2636 sunt
675 2591 797 2635 sorores
816 2558 856 2634 ει
876 2560 967 2656 quod
985 2570 1056 2655 ipsa
1078 2569 1176 2635 Sane
1195 2577 1248 2636 εει
1268 2568 1471 2656 primogenito

375 2696 471 2753 soror,
498 2682 548 2741 εει
577 2698 636 2762 per
664 2675 873 2743 uoluntatem
897 2672 1042 2759 ipsorum
1069 2672 1202 2739 Ricardi
1231 2682 1267 2739 et
1292 2674 1388 2739 Sane
1409 2682 1471 2758 pust

375 2786 512 2843 mortem
539 2778 697 2844 Willelmi
725 2778 850 2865 partita
878 2777 943 2841 fuit
971 2776 1135 2843 heredites
1163 2777 1304 2863 predicti
1329 2775 1471 2842 Willelmi

374 2882 463 2947 inter
487 2904 550 2961 εοε,
571 2866 612 2947 ἐι
637 2882 814 2969 unicuique
840 2870 953 2947 eorum
978 2904 1039 2947 suo
1062 2874 1137 2967 porc
1162 2881 1227 2946 fuit
1251 2882 1423 2968 assignato
1443 2890 1471 2944 et

375 2986 425 3051 ita
450 2986 536 3075 qnod
565 2986 653 3051 idem
682 2986 841 3051 Ricardus
867 2993 902 3050 et
929 2985 1027 3051 Sarra
1051 2993 1230 3051 tenuerunt
1255 3008 1291 3051 εε
1315 2993 1472 3051 contentos

374 3087 523 3176 deporto
544 3111 642 3175 quam
662 3088 795 3166 hebent,
810 3096 844 3153 et
863 3087 940 3153 inde
962 3095 1090 3175 ponunt
1111 3110 1147 3153 εε
1168 3110 1268 3174 cuper
1287 3088 1425 3175 petriam
1443 3101 1473 3151 ct

378 3194 476 3280 super
490 3192 562 3258 illos
577 3191 634 3279 qui
648 3191 862 3277 particionem
877 3191 1032 3257 fecerunt

441 3298 485 3362 Et
499 3296 656 3362 Ricordue
672 3304 706 3361 et
721 3296 818 3361 Sarra
831 3295 892 3359 hoc
906 3304 1016 3360 totum
1030 3294 1219 3361 defendunt
1264 3296 1309 3361 Et
1322 3296 1398 3363 ideo
1410 3318 1472 3383 pre·

374 3410 506 3488 ceptum
533 3410 583 3467 εει
606 3399 791 3466 uicecomiti
817 3399 904 3487 quod
929 3400 1105 3487 diligenter
1130 3400 1276 3487 inquirat
1300 3402 1360 3488 qui
1384 3402 1473 3467 inter·

374 3505 506 3571 fuerunt
528 3502 700 3593 particioni
721 3502 865 3567 faciende
885 3502 974 3567 inter
992 3502 1153 3589 predicto-r
1168 3512 1228 3569 etc
1243 3504 1286 3568 de
1299 3504 1473 3569 hereditate

373 3608 512 3693 predicti
526 3607 692 3685 Willelmi,
707 3615 742 3671 et
757 3628 797 3672 ex
811 3606 876 3672 illis
891 3615 926 3672 et
945 3606 1018 3671 aliis
1041 3606 1151 3671 uenire
1174 3607 1273 3672 faciet
1293 3607 1350 3693 xij.
1366 3606 1473 3673 etcod

373 3712 667 3799 recognoscendum
696 3710 725 3775 si
754 3710 889 3796 particio
919 3710 1007 3777 fecto
1035 3710 1100 3775 fuit
1128 3718 1199 3788 etc,
1227 3710 1315 3776 unde
1345 3710 1474 3798 predicti

374 3815 531 3882 Ricorduc
546 3823 581 3881 ct
597 3816 693 3881 Sarra
706 3814 821 3879 dicunt
840 3814 928 3900 quod
947 3813 995 3879 eis
1015 3822 1122 3879 oretro
1141 3821 1194 3879 est
1215 3813 1377 3879 medietas
1397 3814 1474 3899 copi·

374 3919 450 3985 talis
464 3919 623 4007 mesuagii
643 3926 712 3995 etc,
729 3925 764 3982 et
783 3916 871 3982 unde
893 3915 1031 4003 predicti
1052 3916 1213 3981 Rodulfus
1234 3916 1348 3981 etalii
1369 3916 1473 3982 dicrmt

374 4023 460 4110 quod
482 4024 617 4111 particio
639 4024 726 4088 fecta
747 4021 811 4103 fuit
830 4044 890 4108 per
908 4043 1074 4104 ascensum
1089 4028 1124 4085 et
1138 4021 1343 4086 uoluntatem
1357 4020 1473 4107 predic

374 4112 482 4193 torum
497 4126 628 4193 Ricardi
642 4136 677 4193 et
692 4127 786 4192 Serre
802 4134 836 4191 et
852 4125 938 4212 quod
952 4122 1058 4211 idem'
1073 4132 1152 4190 tunc
1168 4133 1343 4189 tenuenmt
1358 4146 1394 4190 se
1408 4146 1472 4189 con·

373 4240 482 4298 tentos
497 4240 558 4298 eto.

406 4328 608 4423 ¹nnmn
746 4398 751 4407 ·

406 4436 417 4467 ²
433 4436 504 4485 Gerr.
518 4439 602 4495 unior,
615 4436 645 4486 B.

985 4368 997 4402 ¹
1014 4368 1114 4432 Bnpply
1123 4336 1282 4419 mammo
1292 4367 1386 4426 Sam,
1399 4366 1427 4417 R
