3167 5075
304 428 347 492 22
616 436 752 498 merus,
775 434 841 486 an.
864 421 958 497 1224,
979 434 1044 485 sa
1067 423 1096 483 8.

304 633 364 699 per
376 614 578 675 attomatum
599 629 695 673 suum
715 605 865 693 queritur
884 604 972 692 quod
991 604 1152 671 Radulfua
1171 604 1214 670 de
1234 606 1419 689 Wilintona

306 714 410 801 pascit
438 721 570 799 pratum
600 712 683 778 illud
711 732 770 798 per
798 710 955 777 defaltum
984 710 1130 776 eiusdem
1157 711 1304 791 Walteri,
1329 713 1419 778 unde

306 817 522 887 deterioretus
536 824 587 881 est
601 824 636 881 et
651 816 830 903 dampnum
845 815 946 880 habet
960 815 1003 881 ad
1018 814 1200 881 ualenciam
1215 839 1267 882 xx.
1282 814 1339 882 aol.

372 923 417 987 Et
439 921 605 986 Walterus
628 920 722 985 uenit
747 927 782 985 et
809 918 957 984 defendit
983 919 1070 1005 quod
1091 942 1151 1005 per
1171 919 1326 985 defaltum
1347 919 1422 985 eius

306 1028 433 1093 nullum
447 1024 627 1111 dampnum
642 1024 742 1089 habet
757 1045 817 1088 nec
836 1044 896 1110 per
915 1045 991 1088 eum
1010 1023 1066 1087 uel
1085 1046 1146 1110 per
1165 1023 1235 1089 eius
1255 1024 1420 1090 defectum

307 1130 411 1217 pascit
432 1130 599 1216 predictus
620 1127 782 1194 Rodulfus
801 1135 933 1213 pratum
953 1126 1035 1192 illud
1056 1127 1135 1214 quia
1153 1128 1241 1194 idem
1260 1129 1423 1195 Radull'us

308 1242 423 1321 potens
444 1240 495 1298 est
516 1241 551 1298 et
573 1232 673 1298 habet
694 1231 742 1297 ibi
763 1241 895 1317 pratum
917 1232 1001 1297 illud
1022 1254 1082 1297 nec
1104 1233 1231 1319 poteat¹
1247 1234 1421 1299 defendere

307 1338 388 1425 quin
416 1338 514 1403 faciat
542 1336 695 1401 iniuriam
725 1335 754 1401 si
782 1336 933 1413 uoluerit,
960 1344 996 1401 et
1021 1337 1107 1423 petit
1135 1337 1293 1403 iudicium
1322 1337 1351 1403 ai
1378 1338 1424 1405 de

308 1440 495 1506 huiusmodi
508 1439 628 1506 iniuria
642 1440 684 1504 ab
698 1438 770 1504 aliis
784 1439 886 1504 illatis
900 1438 1019 1505 debeat
1039 1439 1301 1506 emendacionem
1316 1442 1423 1506 facere

309 1542 436 1609 desicut
465 1565 524 1629 per
551 1565 628 1608 eum
653 1564 719 1606 non
744 1541 848 1619 stetit,
872 1550 907 1606 et
932 1542 1016 1607 bene
1041 1543 1206 1629 cognoscit
1234 1551 1359 1608 cartam
1387 1552 1424 1608 et
1566 1555 1567 1566 ¹

311 1649 432 1713 donum
447 1656 482 1713 et
497 1646 579 1711 illud
594 1646 791 1711 warentizet.

377 1750 422 1815 Et
436 1750 548 1815 Abbas
562 1748 623 1814 hoc
638 1747 802 1835 cognoscit
816 1756 852 1813 et
865 1748 939 1813 ideo
954 1747 1120 1813 Walterus
1134 1748 1211 1813 iude
1226 1748 1296 1814 sine
1314 1748 1367 1814 die
1388 1758 1424 1814 et

311 1853 424 1919 Abbas
438 1852 473 1917 in
488 1851 712 1917 misericordia

159 1960 164 1970 '
254 2021 261 2037 ,
376 1958 487 2025 Altina
506 1980 570 2044 que
587 1956 653 2022 fuit
673 1978 753 2021 uxor
774 1955 913 2021 Hemici
933 1954 975 2021 de
998 1954 1180 2041 'l'wylordia
1200 1955 1288 2041 petit
1308 1978 1425 2021 uersus

200 2074 205 2091 '
228 2082 273 2112 οη
312 2062 514 2127 willelmum
536 2061 578 2126 de
593 2062 812 2126 Brumartona
833 2059 968 2125 terciam
989 2068 1117 2146 partem
1138 2060 1278 2125 duorum
1299 2060 1424 2125 molen-

311 2167 461 2233 dinorum
490 2188 565 2231 cum
594 2173 677 2251 pert.
702 2165 738 2230 in
761 2164 944 2251 Twyfordia
971 2173 1007 2229 et
1035 2186 1149 2229 uersus
1172 2164 1356 2229 Walterum
1381 2164 1424 2229 de

310 2272 575 2337 Westmcnecota
603 2269 738 2335 terciam
775 2280 903 2355 partem
935 2270 959 2355 j.
990 2267 1128 2355 menagii
1163 2290 1239 2333 cum
1275 2275 1358 2354 pert
1387 2267 1424 2333 in

311 2374 475 2439 Euesham
491 2380 551 2438 etc
567 2380 606 2436 ut
621 2371 732 2437 dotem
747 2394 839 2436 suam
855 2378 916 2436 etc

377 2478 421 2542 Et
435 2475 621 2542 Willclmus
635 2474 716 2540 dicit
730 2474 818 2561 quod
832 2474 933 2541 habet
950 2474 1138 2541 molendina
1156 2474 1216 2540 illa
1233 2473 1276 2540 ad
1295 2473 1425 2539 firmem
1566 2473 1567 2478 ’

311 2582 352 2648 de
367 2580 512 2668 predicto
527 2579 671 2645 Henrico
685 2579 751 2645 scil.
766 2577 809 2644 cd
823 2579 1001 2644 terminum
1015 2580 1056 2644 xl
1072 2601 1232 2645 annorum
1247 2588 1282 2645 et
1302 2580 1427 2665 profert

312 2695 435 2751 cartem
449 2684 539 2748 illam
555 2705 618 2769 que
633 2683 694 2748 hoo
714 2682 802 2748 idem
821 2691 964 2749 testatur
982 2692 1018 2748 et
1037 2684 1120 2749 dicit
1139 2685 1226 2771 quod
1241 2684 1427 2750 Willelmua

313 2789 399 2854 filius
414 2787 560 2854 eiusdem
575 2786 711 2852 Henrici
725 2787 844 2854 debeat
858 2788 1037 2853 terminum
1050 2789 1144 2855 illum
1159 2790 1192 2855 ei
1206 2789 1426 2865 warentiam,
1566 2790 1567 2821 ³

312 2903 348 2960 et
369 2916 435 2958 non
455 2892 578 2958 dedicit
597 2893 684 2978 quod
703 2893 775 2978 ipse
793 2915 859 2958 nou
879 2893 944 2957 fuit
962 2893 1040 2959 inde
1054 2893 1176 2972 dotata,
1191 2903 1227 2959 et
1240 2893 1322 2960 dicit
1336 2894 1425 2979 quod
1566 2906 1567 2931 l

166 3026 201 3066 ur
221 3023 276 3064 uma
313 2995 513 3063 Willelmus⁸
527 3005 578 3062 est
592 2996 678 3062 infre
691 3005 823 3064 etatem
868 2997 913 3062 Et
926 2996 1000 3062 ideo
1015 2998 1255 3064 consideratum
1269 3006 1321 3064 est
1335 2999 1424 3084 quod

313 3103 384 3189 ipsa
408 3100 614 3187 recuperauit
636 3100 786 3166 seisinem
809 3124 902 3167 suem
924 3102 966 3168 de
987 3103 1090 3168 tercia
1109 3111 1203 3189 parte
1224 3112 1265 3168 ut
1285 3103 1327 3169 ds
1348 3103 1427 3168 dotc
1566 3170 1567 3189 χ

314 3230 382 3286 sue,
396 3215 431 3272 et
445 3205 648 3271 Willelmus⁴
662 3214 775 3270 teneat
790 3205 871 3271 duaa
890 3215 1001 3292 partes
1019 3208 1109 3272 ultra
1127 3207 1308 3272 terminum
1328 3230 1426 3297 opum

314 3333 482 3398 quousque
504 3309 624 3376 habeat
646 3310 688 3375 ad
709 3311 891 3376 unlenciam
911 3311 1057 3397 predicte
1072 3312 1174 3378 tercie
1188 3312 1292 3399 partis
1304 3312 1347 3378 de
1360 3312 1427 3378 illia
1566 3292 1567 3307 ἵ

314 3415 441 3481 duabus
455 3412 629 3500 partibus⁸.

380 3519 425 3584 Et
445 3517 611 3582 Walterus
631 3517 724 3582 uenit
743 3525 778 3582 et
798 3517 879 3582 dicit
900 3517 987 3604 quod
1005 3517 1171 3604 predictus
1190 3516 1354 3584 Henricus
1372 3517 1427 3583 die

315 3646 378 3710 quo
407 3645 480 3688 eam
510 3620 720 3708 desponsauit
748 3643 814 3686 non
843 3622 952 3687 tenuit
980 3622 1063 3688 illud
1092 3621 1275 3708 mesagium
1300 3643 1362 3686 nec
1390 3620 1426 3685 in
1478 3687 1482 3690 .

314 3727 475 3792 dominico
488 3747 549 3790 nec
563 3726 598 3790 in
613 3725 757 3804 seruicio,
772 3735 823 3791 set
837 3748 952 3791 reuera
965 3735 1137 3812 postquam
1152 3726 1349 3812 desponsata
1362 3726 1427 3790 luit
1566 3782 1567 3825 p

315 3831 379 3896 fuit
400 3829 487 3894 idem
511 3829 674 3894 Henricus
695 3829 731 3893 in
753 3829 872 3895 seisina
892 3828 934 3895 de
956 3830 1093 3895 seruicio
1114 3830 1172 3916 iiij.
1188 3831 1243 3897 acl
1258 3838 1299 3896 et
1314 3830 1355 3896 de
1370 3830 1428 3895 illo
1566 3848 1567 3851 ’

315 3933 451 4004 seruicio
476 3931 571 3998 offert
594 3932 625 3998 ei
650 3931 784 3998 terciam
808 3940 944 4020 partem,
966 3941 1002 3998 et
1024 3933 1111 4019 quod
1132 3934 1183 3999 ita
1204 3933 1249 3999 sit
1274 3933 1369 4020 ponit
1392 3957 1428 3998 ΒΘ
1566 3920 1567 3945 3

315 4060 414 4126 super
426 4037 577 4102 iuratam.

382 4142 425 4207 Et
440 4139 551 4206 Akina
565 4138 645 4205 dicit
665 4139 751 4226 quod
771 4139 934 4206 Henricus
953 4142 1063 4207 tenuit
1083 4143 1166 4208 illud
1187 4143 1369 4230 mesagium
1391 4144 1426 4209 in

415 4327 423 4360 ¹
441 4326 541 4377 Walter
551 4329 647 4386 cannot
658 4331 765 4390 prevent
775 4327 871 4394 Ralph.
995 4332 1005 4364 ⁴
1022 4330 1079 4381 The
1090 4333 1192 4382 tenum.

415 4393 480 4455 2Β]
493 4391 536 4442 the
548 4391 656 4455 copyist.
994 4397 1124 4448 ‘swan
1139 4397 1158 4448 l.
1170 4399 1228 4448 ela.

415 4455 427 4491 ³
443 4459 495 4509 Son
507 4459 535 4507 ol
545 4457 643 4522 Henry.
