3167 5075
291 448 409 497 consu
433 447 531 509 eros,
554 448 619 497 nn.
644 434 803 509 1234-5,
824 449 887 499 nn
912 437 1047 500 18-19.
1158 437 1221 506 147

123 621 203 689 Dom.
218 622 291 688 Rex
313 630 427 689 teneat
447 625 478 689 ei
499 623 667 689 libertates
688 646 763 689 sues
785 633 820 689 et
842 624 960 711 quibus
982 626 1051 712 ipse
1073 634 1108 691 et
1129 635 1221 693 ante-

121 748 248 793 oessores
263 727 315 793 sui
330 750 457 815 semper
471 728 639 816 hucusque
654 730 705 794 usi
720 736 807 808 sunt,
822 737 858 795 et
877 730 963 816 petit
982 730 1068 817 quod
1084 730 1222 818 predicti

121 840 283 916 querentes
311 833 449 899 ueniant
478 834 512 899 in
542 835 700 901 comitatu
733 834 859 901 Oestrie
888 844 923 901 ot
952 837 1022 923 ipse
1048 837 1146 903 faciet
1175 838 1221 903 eis

119 935 241 1021 plenam
257 938 430 1004 iusticiam.

176 1042 218 1107 Et
243 1042 360 1109 Comes
381 1042 423 1108 de
443 1042 583 1108 Ferariis
604 1051 638 1109 et
661 1066 772 1109 omnes
793 1044 850 1110 alii
872 1045 929 1132 qui
951 1054 1029 1110 sunt
1050 1045 1222 1112 coheredes

118 1146 162 1210 sui
184 1148 359 1235 participes
382 1146 423 1213 de
445 1147 628 1215 hereditate
651 1149 708 1214 illa
730 1156 851 1235 petunt
874 1149 1040 1218 iudicium.
1085 1151 1222 1217 Ponitur

119 1250 148 1315 iu
161 1260 344 1340 respectum
360 1252 431 1319 etc¹
853 1304 857 1307 -

27 1352 85 1413 128.
175 1354 301 1421 'Assisa
314 1355 408 1421 uenit
423 1356 628 1444 recognitum
642 1356 670 1422 si
685 1356 850 1424 Oristiana
863 1358 904 1424 de
920 1358 1121 1425 Mandeuilla
1134 1383 1222 1426 soror

119 1456 251 1524 Walteri
280 1458 340 1524 filii
365 1459 502 1524 Roberti
533 1460 596 1524 fuit
626 1460 739 1525 scisita
768 1460 810 1526 de
838 1460 999 1526 dominico
1026 1485 1084 1527 suo
1110 1471 1149 1527 ut
1180 1462 1221 1529 de

117 1562 203 1627 feodo
226 1562 269 1629 de
293 1564 417 1651 sepcies
439 1564 561 1652 uiginti
581 1571 615 1629 et
635 1573 776 1650 quatuor
795 1565 878 1631 soris
897 1574 983 1631 terre
1001 1589 1076 1631 cum
1090 1573 1171 1652 pert
1186 1567 1221 1631 in

116 1666 332 1756 Dersinghsm
361 1668 415 1734 die
445 1679 504 1735 etc
536 1678 572 1735 et
600 1669 629 1735 si
658 1678 717 1735 etc
745 1678 779 1735 et
809 1670 838 1735 si
866 1670 955 1735 idem
984 1669 1149 1735 Walterus
1178 1670 1222 1735 sit

115 1770 323 1857 propinquior
350 1771 444 1837 heres
465 1780 524 1838 etc.
549 1770 636 1837 unde
659 1772 822 1837 Henricus
851 1773 892 1838 de
921 1773 1058 1838 Builloil’
1082 1781 1116 1838 et
1139 1774 1221 1839 Lora

112 1897 190 1941 uxor
203 1875 276 1941 eius
292 1884 326 1940 et
341 1874 398 1941 alii
413 1884 473 1941 etc.
488 1884 524 1941 et
538 1873 638 1940 infre⁸
654 1883 768 1941 tenent
784 1885 844 1942 etc.

173 1977 217 2041 Et
232 1976 397 2042 Henrieus
412 1984 446 2041 et
461 1998 573 2041 omnes
587 1976 644 2041 elii
658 1977 799 2042 ueniunt
813 2000 872 2064 per
891 1986 1072 2044 attornstos
1091 2002 1165 2045 suos
1186 1989 1221 2045 et

110 2078 220 2146 dicunt
236 2081 325 2167 quod
339 2081 439 2147 assisa
459 2104 523 2146 non
543 2080 643 2147 debet
662 2080 738 2146 inde
759 2081 838 2160 fieri,
853 2084 931 2170 quis
944 2083 1027 2148 bene
1041 2084 1222 2149 concedunt

110 2184 192 2271 quod
206 2184 357 2272 predicta
371 2185 534 2251 Oristiane
548 2184 630 2250 obiit
649 2184 695 2250 sic
716 2186 828 2253 seisitu
847 2186 888 2252 de
902 2188 1048 2273 predicta
1062 2196 1156 2267 terra,
1171 2198 1222 2254 set

108 2288 192 2354 idern
223 2290 392 2356 Walterus
419 2313 485 2356 non
514 2290 578 2355 fuit
608 2291 707 2355 frater
732 2291 878 2377 predicte
905 2291 1065 2357 Oristiane
1092 2292 1221 2358 nisiex

107 2402 198 2479 purte
213 2395 327 2483 petris,
342 2404 377 2461 et
392 2403 478 2461 terra
492 2396 550 2460 ills
569 2395 737 2460 descendit
757 2395 864 2461 eidem
886 2394 1046 2461 Oristiane
1066 2418 1107 2460 ex
1128 2405 1221 2482 parte

109 2500 262 2566 Gunnore
278 2500 392 2566 matris
407 2522 473 2578 sue,
489 2508 524 2566 et
538 2499 653 2566 dicunt
668 2497 755 2585 quod
775 2522 891 2565 uxores
909 2522 968 2566 sue
989 2508 1067 2565 sunt
1087 2500 1222 2567 heredes

107 2605 252 2690 predicte
274 2603 437 2670 Gristiane
457 2604 518 2669 heo
538 2603 673 2683 racione,
688 2604 766 2690 quia
786 2611 853 2668 tres
871 2604 985 2668 fintres
1000 2605 1141 2683 fuerunt,
1155 2604 1221 2671 scil.

108 2707 231 2788 Petrus,
256 2707 431 2786 Robertus,
454 2707 626 2795 Philippus
652 2731 691 2774 ex
722 2716 815 2795 parte
845 2709 947 2794 petris
977 2718 1011 2773 et
1040 2709 1162 2787 matris,
1187 2719 1221 2775 et

107 2808 273 2893 predictus
289 2808 406 2874 Petrus
421 2809 646 2875 terramillam
661 2809 771 2874 tenuit
792 2818 827 2874 et
848 2809 930 2874 obiit
949 2809 1020 2876 sine
1040 2811 1158 2876 herede
1180 2811 1222 2877 de

107 2934 147 2990 se,
162 2923 197 2978 et
212 2913 335 2979 habuit
351 2913 514 3000 quandam
534 2936 667 2979 uxorem
689 2913 898 2980 Gundredarn
919 2914 959 2979 de
975 2915 1139 2981 Waranns
1158 2940 1221 3003 que

106 3025 225 3084 terram
241 3019 335 3084 illam
351 3019 460 3084 tenuit
476 3026 547 3084 tots
561 3019 633 3084 uita
647 3041 706 3084 sua
726 3017 857 3084 nomine
873 3019 965 3084 dotis
1011 3020 1062 3084 De
1077 3020 1222 3106 predicto

108 3119 250 3188 Roberto
266 3121 373 3188 exiuit
389 3122 522 3188 Gunors
535 3131 641 3187 mater
655 3121 800 3208 predicte
813 3121 974 3188 Oristisne
983 3145 1047 3209 que
1060 3123 1223 3189 Cristinns

106 3226 186 3292 obiit
211 3227 286 3293 sine
313 3226 431 3292 herede
454 3227 495 3292 de
519 3249 561 3292 se.
607 3226 651 3290 Et
677 3225 848 3312 Philippus
873 3224 993 3290 tercius
1019 3227 1118 3291 freter
1140 3226 1222 3292 adiit

108 3331 254 3399 scotiam
276 3341 312 3398 et
331 3332 379 3398 ibi
398 3332 514 3420 genuit
535 3330 698 3418 quendem
714 3330 917 3395 Willelmum
932 3329 972 3395 de
989 3330 1151 3417 Valoynes
1165 3331 1222 3418 qui

106 3434 168 3500 fuit
197 3437 297 3501 heres
326 3457 404 3500 suus
433 3442 468 3499 et
497 3434 537 3499 de
568 3456 632 3520 quo
668 3432 819 3498 exierunt
853 3454 970 3497 uxores
1004 3431 1222 3519 predictorum

108 3537 243 3606 Henrici
269 3547 305 3605 et
327 3539 472 3604 aliorum.
517 3538 561 3604 Et
584 3537 662 3624 quia
685 3537 832 3624 predicta
861 3536 1024 3603 Cristiana
1047 3536 1129 3601 obiit
1152 3537 1221 3603 sinc

106 3645 224 3711 herede
246 3645 289 3711 de
310 3667 440 3731 corpore
461 3667 529 3722 suo,
548 3643 663 3709 dicunt
687 3643 774 3730 quod
796 3643 859 3728 ipsi
881 3650 958 3707 sunt
980 3642 1223 3729 propinquiores

107 3744 242 3814 heredes
267 3745 371 3833 ipsius
391 3745 552 3812 Oristiene
573 3754 608 3810 et
627 3768 693 3811 non
713 3744 879 3831 predictus
893 3744 1058 3810 Walterus
1079 3745 1135 3831 qui
1156 3769 1222 3810 non

108 3859 156 3914 est
177 3850 284 3916 frater
308 3850 435 3915 nisiex
461 3859 554 3936 parte
584 3849 687 3936 putris
716 3848 757 3914 de
788 3871 853 3935 quo
881 3847 1044 3913 heredites
1072 3847 1129 3913 illa
1158 3871 1223 3914 non

106 3952 289 4034 descendit,
303 3962 338 4020 et
352 3961 472 4041 petunt
486 3952 652 4019 iudicium

140 4115 149 4148 ¹
165 4117 221 4170 For
230 4133 308 4169 more
319 4131 349 4168 ne
358 4121 386 4168 to
397 4116 443 4168 the
450 4117 554 4168 dswent
562 4118 592 4167 ot
600 4116 646 4168 the
696 4117 729 4165 25
746 4115 807 4166 Feb.
827 4115 899 4172 1882,
917 4112 1003 4163 where
1019 4129 1037 4164 s
1058 4114 1173 4177 drawing
1195 4115 1225 4164 ot

109 4183 218 4234 Chestsr
238 4183 414 4242 inhcritnncs,
432 4198 474 4234 ses
491 4183 570 4234 below
587 4183 643 4234 MS.
696 4180 741 4232 the
759 4180 878 4244 pedigree
892 4179 944 4228 will
960 4179 992 4229 be
1009 4180 1097 4231 found.
1131 4181 1144 4229 I
1161 4195 1220 4231 cen-

110 4249 127 4298 t.
142 4250 190 4301 191
202 4249 229 4301 h.
696 4251 743 4297 not
754 4245 1026 4297 findthiscsseinh.

140 4313 236 4365 ’This
261 4328 322 4364 case
345 4328 397 4364 uss
419 4313 523 4376 printed
547 4313 582 4378 hy
604 4313 646 4362 Mr
728 4311 820 4361 ⁸This
834 4310 922 4361 merke
939 4325 974 4360 an
991 4309 1115 4360 omission
1132 4308 1221 4360 ottho

111 4379 201 4430 Jsmes
222 4381 394 4430 Gresnshect
411 4380 440 4429 in
462 4394 478 4428 a
500 4378 646 4429 discussion
696 4392 786 4427 names
814 4377 843 4426 of
868 4375 944 4425 other
976 4379 1089 4433 tenente,
1117 4376 1221 4439 nemely

112 4444 440 4496 utotheextinctionof
452 4444 649 4506 thshnronyof
698 4441 829 4492 Gristiunn
855 4442 909 4492 and
935 4441 1046 4492 Isubslls
1072 4440 1125 4492 and
1152 4440 1222 4491 their

112 4509 245 4575 vuoigns.
298 4509 345 4560 See
363 4511 441 4561 Nota
460 4511 511 4560 and
535 4512 646 4572 Queria,
698 4507 839 4571 respective
851 4506 994 4557 husbsnds

1028 4608 1134 4671 10-2
