3167 5075
284 410 418 461 111111
439 410 676 473 1111116111,
699 412 763 463 nn.
791 401 883 476 1221,
906 416 969 465 aa.
994 404 1021 466 5.
1131 402 1196 471 417

163 584 300 670 loquela
314 586 378 651 ista
390 594 560 651 remaneat
581 587 746 673 usquead
766 596 890 654 etatem
913 590 1005 655 Dom.
1027 589 1135 678 Regis,
1155 598 1194 657 ut

108 694 175 751 tunc
188 686 298 753 ¹faciat
311 689 388 755 inde
404 690 610 755 uoluntatem
624 713 728 766 suam,
745 692 818 757 etc.¹
1178 700 1180 703 ’

63 798 79 859 1
161 793 314 880 ¹Loquela
334 795 422 861 inter
443 794 610 860 Simonem
628 794 669 860 de
688 796 721 861 S.
742 795 832 861 Licio
853 804 1021 883 petentem
1044 804 1079 863 et
1100 799 1193 865 Waa-
1246 814 1317 856 Roto-

105 896 193 981 allum
205 897 245 963 de
258 898 431 963 Aunfeill’⁸
445 906 614 964 tenentem
629 898 670 964 de
684 900 828 965 manerio
848 900 889 965 de
910 901 1105 968 Stratfordia
1119 926 1192 970 cum

105 1010 174 1084 pert.
186 1012 330 1067 remanet
345 1002 480 1068 sinodis
495 1025 534 1067 eo
548 1003 635 1089 quod
650 1003 828 1069 Wassallus
842 1013 892 1069 est
907 1004 942 1069 in
956 1004 1085 1091 prisona
1098 1006 1192 1073 Dom.

104 1104 190 1191 Regia
203 1114 263 1171 etc.

63 1210 76 1273 1
156 1208 289 1297 ‘llngna
307 1210 408 1276 assisa
428 1212 517 1276 inter
536 1211 671 1276 Petrum
694 1209 735 1275 de
756 1211 949 1277 Nerefordia
965 1222 1135 1299 petentem
1158 1220 1192 1280 61
1251 1242 1307 1283 sur.

103 1312 282 1379 ldatillidem
297 1314 339 1380 de
355 1315 498 1382 Cadamo
513 1323 682 1380 tenentem
697 1316 739 1380 de
758 1339 809 1381 rr.
830 1316 912 1381 acris
935 1325 1020 1382 terre
1040 1318 1081 1383 de
1103 1319 1193 1385 war'⁵

102 1436 164 1478 cum
186 1424 266 1501 pert.
294 1417 330 1481 in
354 1416 563 1483 Michefeldia
587 1417 721 1503 ponitur
748 1418 785 1481 in
814 1426 997 1505 respectum
1026 1422 1192 1507 usquead

102 1517 186 1582 talem
200 1518 288 1584 diem
309 1528 369 1585 etc
389 1543 448 1606 pro
470 1520 602 1586 defectu
623 1520 870 1612 recognitorum,
885 1522 963 1609 quia
984 1530 1115 1588 tantum
1134 1547 1191 1590 sex

102 1630 246 1687 uenemnt
278 1630 348 1701 etc,
377 1632 412 1689 61
440 1624 621 1690 uicecomes
646 1623 767 1689 habeat
796 1648 930 1712 corpora
957 1629 1101 1695 aliorum.
1145 1631 1191 1696 Et

100 1723 249 1790 sciendum
266 1725 354 1813 quod
368 1727 535 1793 Johannes
551 1727 591 1793 de
607 1728 772 1793 Traxtona
787 1730 880 1794 uenit
895 1738 929 1796 61
943 1731 1024 1798 (11611
1039 1733 1126 1819 quod
1140 1744 1191 1800 est

100 1827 143 1891 uir
157 1852 238 1910 suus,
262 1840 313 1896 set
335 1830 413 1917 quia
434 1830 538 1916 primo
560 1830 686 1897 dictum
708 1832 773 1897 fuit
796 1833 882 1920 quod
904 1834 968 1899 fuit
989 1845 1136 1901 mortuus
1156 1846 1192 1903 et

98 1930 157 2015 ipsa
181 1934 240 1999 hoc
269 1934 442 2021 cognoscit,
472 1934 570 1999 datus
599 1944 650 2000 est
679 1934 712 2000 ei
740 1935 828 2001 idem
858 1936 927 2002 dies
956 1946 1026 2018 etc,
1056 1948 1090 2004 et
1125 1963 1191 2007 non

97 2046 246 2101 remaneat
261 2037 392 2124 loquela
404 2037 462 2102 illa
476 2060 516 2102 ea
529 2038 702 2115 occasione,
718 2045 780 2104 etc.

64 2184 70 2199 .
149 2138 277 2207 ‘Petrus
304 2141 346 2206 de
371 2142 550 2206 Meautona
572 2150 708 2227 questus
731 2142 796 2207 fuit
819 2142 906 2228 quod
935 2144 1095 2210 Muriellis
1125 2168 1187 2232 que
1269 2178 1306 2207 ο.

97 2240 240 2308 1111111111
253 2243 413 2309 Willelmi
427 2243 468 2309 de
484 2244 661 2309 Meauto'na
675 2267 739 2331 que
753 2267 789 2310 se
810 2245 888 2310 fecit
905 2246 1132 2334 inpregnatum
1147 2248 1188 2315 de

96 2344 155 2430 ipso
177 2347 344 2413 Willelmo
365 2347 435 2413 uiro
457 2370 524 2425 suo,
546 2348 698 2412 nonfuit
722 2370 884 2435 pregnans
907 2348 948 2414 de
971 2371 1009 2414 eo
1030 2349 1132 2415 immo
1153 2374 1188 2417 se

97 2448 161 2513 fecit
174 2450 401 2539 inpregnatam
416 2450 458 2519 ad
473 2449 760 2515 exheredacionem
775 2451 879 2538 ipsius
890 2452 986 2517 Petri
1031 2452 1131 2519 Unde
1146 2455 1189 2523 ad

95 2553 275 2636 peticionem
302 2555 405 2641 ipsius
428 2556 575 2621 Murielis
597 2564 788 2643 preceptum
810 2557 875 2621 fuit
896 2558 1080 2624 uioecomiti
1102 2562 1188 2647 quod

95 2678 143 2740 per
155 2657 274 2745 legales
294 2660 434 2724 feminas
454 2660 630 2747 diligenter
647 2661 768 2726 faceret
786 2660 1033 2748 inquisicionem
1054 2664 1083 2730 si
1103 2672 1188 2732 esset

95 2782 242 2848 pregnans
263 2786 327 2828 uec
356 2787 405 2829 ne.
451 2764 495 2828 Et
524 2765 610 2829 facta
639 2765 704 2828 fuit
733 2765 907 2852 inquisicio.
925 2775 960 2830 et
981 2767 1079 2833 missa
1100 2767 1187 2854 apud

94 2863 416 2946 westmonasterium,
438 2877 489 2932 aet
511 2868 645 2932 interim
667 2869 761 2934 uenit
782 2869 854 2955 ipsa
876 2892 982 2938 coram
1003 2871 1188 2940 iusticiariis

93 2965 230 3034 inbanco
244 2978 282 3035 et
302 2970 425 3055 optulit
445 2993 480 3035 se
500 2979 535 3036 et
554 2972 749 3036 monstrauit
769 2971 816 3036 eia
836 2971 923 3058 quod
942 2995 1104 3061 pregnans
1124 2976 1188 3040 fuit

93 3080 122 3134 et
133 3073 188 3138 hoc
201 3075 327 3160 optulit
341 3083 519 3141 monstrare
535 3085 570 3141 et
584 3076 684 3163 peciit
699 3084 737 3141 ut
751 3076 929 3154 uideretur,
942 3077 992 3142 ita
1011 3077 1097 3163 quod
1117 3079 1188 3144 uisa

93 3175 147 3240 fuit
178 3201 238 3264 per
273 3188 465 3266 preceptum
501 3181 752 3246 iusticias-iorum
787 3203 810 3246 a
845 3180 923 3266 xiiij.
958 3180 1116 3267 legalibus
1152 3191 1187 3247 et

92 3279 226 3347 (1166161111
248 3282 444 3348 dominabus
464 3284 630 3349 Londonie
653 3284 765 3349 electis
787 3307 847 3370 per
868 3285 1022 3350 maiorem
1044 3293 1079 3350 et
1103 3286 1186 3351 uice·
1227 3369 1229 3374 Ι

92 3385 212 3451 comites
232 3386 410 3464 Londonie,
426 3395 460 3452 et
481 3387 657 3454 uidebatur
677 3388 725 3453 cis
746 3389 833 3474 quod
855 3411 1016 3476 pregnans
1038 3390 1109 3466 fuit,
1138 3390 1188 3456 ita

92 3489 166 3570 quod
179 3490 307 3556 dictum
323 3491 433 3555 fuitei
447 3493 534 3577 quod
548 3492 612 3558 iret
626 3492 703 3558 inde
723 3493 792 3557 sine
813 3493 867 3558 die
885 3515 1052 3579 quousque
1068 3493 1186 3579 aliquis

90 3588 156 3656 inde
169 3593 337 3679 querelam
351 3594 480 3660 faceret.
524 3595 642 3660 Postea
655 3605 767 3661 autem
786 3596 882 3660 uenit
898 3595 1006 3661 dictus
1020 3596 1137 3661 Petrus
1151 3606 1186 3662 et

92 3696 201 3778 optulit
214 3719 251 3764 se
266 3704 303 3762 et
317 3697 438 3763 iterum
452 3707 587 3784 questus
606 3700 670 3764 fuit
685 3700 771 3786 quod
791 3721 857 3764 non
878 3699 942 3764 fuit
964 3721 1126 3786 pregnans
1144 3700 1186 3766 (16

91 3797 178 3864 fratre
196 3825 267 3880 suo,
281 3803 331 3868 ita
349 3803 435 3889 quod
454 3827 513 3890 per
534 3805 698 3890 querelam
720 3828 813 3870 suam
835 3805 899 3869 fuit
921 3803 1041 3869 iterum
1063 3827 1186 3870 resum-

91 3905 210 3972 monita
263 3907 309 3971 Et
339 3906 468 3992 quesita
495 3907 625 3993 quando
653 3908 706 3972 uir
733 3929 812 3972 suus
841 3907 924 3971 obiit
952 3914 987 3971 et
1016 3906 1058 3972 ad
1087 3927 1185 3993 quem
1305 3939 1307 3944 ·

90 4010 257 4076 terminum
273 4011 406 4076 recessit
420 4011 461 4075 de
476 4033 523 4090 ea,
537 4012 622 4077 dixit
637 4012 723 4098 quod
737 4032 852 4076 reuera
871 4011 1004 4076 recessit
1023 4010 1064 4076 de
1080 4033 1119 4076 ea
1133 4010 1184 4076 (116

117 4213 523 4281 ¹·¹fiotiadcuoluntoenrc‚B.
689 4216 1023 4278 ⁴A.m.‘ld;B.m.1d.

116 4279 401 4342 ’nm.7;B.m.1.
690 4282 875 4342 “deuoraR

117 4343 169 4396 ³de
183 4349 341 4412 densatum,
359 4348 396 4406 A;
422 4351 562 4400 Vaarallsm
584 4352 606 4399 lc
687 4347 700 4379 ⁸
714 4348 747 4399 A.
757 4363 793 4397 m.
806 4351 837 4408 83
854 4348 885 4398 B.
897 4363 933 4399 m.
947 4349 997 4400 ld.
1029 4348 1150 4408 Braolom
1162 4350 1180 4400 l.

89 4410 187 4471 luillae,
198 4413 231 4461 B.
657 4413 697 4476 69,
710 4413 775 4464 citas
786 4414 840 4464 this
851 4429 917 4467 case.
979 4477 981 4482 Ι

165 4521 198 4567 11.
214 4521 268 4570 111
1055 4507 1096 4573 27
