3167 5075
435 393 574 456 unsrun,
595 394 662 444 an.
688 379 781 458 1226,
803 395 867 444 nn
892 381 942 444 lo.
1183 377 1247 442 587

152 565 322 630 Willelmus
346 549 427 630 dicit
453 564 540 651 quod
565 585 625 651 per
651 563 810 630 iudicium
839 565 1014 630 eomitatus
1042 565 1247 651 recuperauit

151 669 288 734 soisinam
308 691 410 747 suam,
425 677 460 735 et
479 668 566 754 quod
586 669 658 755 ipsa
676 669 763 755 oepit
781 668 859 735 inde
879 669 1069 756 homagium
1092 690 1189 734 suum
1211 669 1247 734 in

150 772 301 838 ruduitate
314 796 381 850 sua,
396 773 635 838 consideratum
651 782 701 837 est
716 772 803 859 quod
817 772 918 838 assisa
931 773 1008 838 inde
1022 773 1081 838 fiat
1096 773 1167 838 ete¹

56 882 115 950 l757.
205 876 380 958 'Robertus
395 876 436 940 de
451 876 623 941 Brokeleia
638 876 816 940 essoniator
829 875 988 940 Willelmi
1002 876 1043 940 de
1059 875 1249 941 Cherleoota
1365 917 1372 928 ·

148 987 178 1043 et
191 980 358 1044 Matillidis
372 979 481 1044 uxoris
496 979 567 1044 eius
582 979 703 1065 optulit
718 1001 752 1044 se
767 979 847 1065 iiij‘0.
864 979 918 1044 die
936 1001 1049 1044 uersus
1062 979 1085 1044 J
1087 980 1247 1043 ohannem

148 1083 183 1148 de
196 1085 330 1149 Abetoft
345 1093 379 1149 et
395 1083 591 1170 Murgen'am
607 1107 740 1150 uxorem
756 1084 827 1150 eius
842 1083 882 1149 de
902 1081 1023 1170 placito
1038 1082 1125 1169 quod
1140 1091 1248 1148 essent

146 1187 320 1273 responsuri
346 1210 421 1253 oum
446 1188 493 1252 eis
513 1188 610 1252 simul
630 1189 793 1254 roscelino
814 1188 998 1253 Hioheham
1018 1187 1060 1252 de
1074 1187 1150 1252 dim.
1166 1186 1247 1272 uirg.

146 1297 222 1354 terre
244 1313 319 1355 eum
344 1300 426 1377 pert.
453 1291 490 1355 in
517 1291 728 1369 Melecumba,
752 1314 850 1378 quam
881 1293 996 1356 eadem
1024 1291 1189 1356 «lescelina
1213 1290 1249 1354 in
1307 1329 1311 1336 ·

146 1393 249 1458 eadem
274 1394 364 1460 ouria
382 1395 502 1460 elamat
522 1405 561 1459 ut
582 1396 634 1460 ius
655 1419 752 1461 suum
774 1418 887 1462 uersus
901 1397 1031 1462 eosdem
1046 1396 1248 1460 Willelmum

143 1505 174 1561 et
198 1497 389 1574 lrlatilidem‚
415 1506 450 1563 et
475 1499 563 1563 unde
588 1500 675 1564 idem
701 1499 885 1566 Willelmus
909 1509 944 1566 et
970 1501 1107 1565 Matillis
1131 1500 1249 1564 nolunt

143 1602 327 1686 respondere
352 1602 458 1668 eidem
481 1589 643 1668 Josoeline
663 1602 733 1668 sine
753 1603 832 1690 ipsis
850 1603 1002 1669 «Iohanne
1022 1611 1058 1669 et
1078 1603 1248 1690 Margeria,

142 1701 262 1768 desiout
278 1703 392 1768 eadem
408 1704 570 1792 Margeria
584 1713 635 1769 est
649 1727 737 1769 soror
746 1705 909 1792 particeps
920 1706 1064 1770 eiusdem
1077 1705 1248 1771 Matillidis

141 1805 179 1871 de
190 1807 370 1874 hereditate
383 1810 513 1874 Ricardi
525 1809 586 1874 filii
596 1809 753 1874 Willelmi
766 1810 874 1874 fratris
886 1833 997 1875 earum
1009 1811 1102 1875 euius
1113 1810 1247 1876 heredes

139 1908 204 1994 ipse
223 1919 303 1975 sunt
322 1920 382 1977 eto.
429 1913 472 1977 Et
492 1913 662 1978 lohannes
681 1921 717 1978 et
737 1912 900 1999 Margeria
919 1935 985 1977 non
999 1921 1161 1978 uenerunt
1176 1921 1247 1991 eto,

141 2021 172 2075 et
186 2013 398 2079 summonieio
412 2023 484 2093 eto,
498 2022 533 2080 ot
547 2015 621 2080 ideo
636 2016 861 2081 attaehientur
874 2016 961 2102 quod
976 2015 1042 2080 sint
1056 2026 1116 2081 etc.
1151 2015 1246 2081 Idem

140 2115 205 2181 dies
219 2117 320 2182 datus
334 2126 385 2183 est
400 2127 460 2184 ete.

51 2229 115 2298 1758,
201 2219 329 2286 'Assisa
352 2221 445 2286 uenit
468 2221 673 2308 recognitura
692 2222 765 2308 quis
788 2221 967 2287 aduocatus
990 2231 1135 2308 tempore
1157 2223 1247 2309 pacis

139 2325 340 2408 presentauit
364 2325 515 2390 ultimam
538 2347 707 2412 personam
731 2333 790 2390 eto.
815 2325 858 2391 ad
883 2325 1049 2390 eeclesiam
1073 2325 1114 2390 de
1141 2327 1246 2412 Seyle,

139 2449 198 2513 quo
213 2437 319 2506 uacat,
337 2430 429 2494 ouius
443 2429 691 2499 aduooaoionem
708 2429 875 2495 Walterus
889 2430 930 2495 de
945 2429 1112 2495 Ridewara
1126 2429 1247 2494 elamat

138 2556 248 2601 uersus
275 2534 419 2601 Priorem
445 2534 486 2601 de
512 2533 729 2623 Dudelegha⁴.
774 2535 841 2617 Qui
867 2535 961 2601 uenit
986 2546 1021 2601 et
1048 2534 1131 2601 dioit
1159 2534 1247 2621 quod

137 2638 234 2703 assisa
247 2662 315 2705 non
329 2639 428 2704 debet
442 2639 518 2703 inda
533 2640 603 2705 fieri
619 2640 697 2725 quia
711 2639 872 2704 Radulfus
886 2638 928 2704 de
949 2639 1060 2724 Seyles
1079 2639 1247 2704 aduooooi-

137 2763 229 2807 onem
253 2743 343 2807 illius
367 2744 499 2809 eoelesie
521 2744 612 2808 dedit
632 2744 744 2808 domui
764 2767 822 2809 sue
842 2766 901 2830 per
923 2753 1046 2809 oartam
1066 2766 1247 2831 suamque

137 2852 278 2911 testatur
292 2846 378 2932 quod
396 2846 483 2913 idem
504 2847 665 2912 Radullus
685 2848 895 2913 donacionem
916 2848 1048 2913 ecelesia
1071 2850 1113 2914 de
1135 2850 1248 2934 Seyles

137 2970 232 3033 quem
248 2951 448 3015 antefeoerat
463 2950 558 3037 longo
574 2950 707 3015 ecclesie
722 2952 764 3015 de
781 2951 941 3028 Wanelao,
957 2973 1057 3037 equa
1070 2952 1246 3019 donacione

137 3053 257 3117 resilire
272 3054 431 3129 noluerat,
446 3052 552 3117 eidem
568 3054 699 3118 ecelesia
719 3054 861 3118 reddidit
881 3064 916 3119 et
935 3056 1116 3142 resignauit
1130 3065 1199 3134 eto,
1211 3066 1247 3122 et

136 3167 285 3240 preterea
314 3158 517 3222 willelmum
547 3158 697 3222 clericum
728 3179 827 3243 quem
856 3158 1039 3223 inconsulto
1069 3160 1178 3225 Priore
1203 3160 1246 3226 de

137 3261 271 3327 Wenlao
302 3262 344 3327 ad
374 3262 510 3327 eundem
541 3263 707 3328 ecelesiam
738 3272 984 3349 presentauerat
1018 3266 1140 3330 ibidem
1170 3288 1245 3330 oum

137 3364 271 3430 eeclesia
301 3374 336 3431 et
370 3366 520 3431 omnibus
554 3366 763 3452 pertinenciis
801 3367 868 3431 suis
903 3367 1024 3453 absque
1061 3369 1245 3434 retencione

135 3469 277 3535 reddidit
302 3479 336 3535 et
360 3470 506 3548 tradidit,
521 3480 558 3536 et
570 3471 736 3558 predictus
756 3471 848 3536 Prior
866 3480 975 3536 motus
993 3472 1118 3557 pietate
1137 3473 1253 3558 ipsum.

135 3571 288 3638 clericum
314 3574 349 3638 in
375 3574 489 3639 eadem
515 3574 650 3639 eeclesia
674 3596 840 3639 remanere
867 3575 1023 3661 permisit,
1049 3576 1136 3640 unde
1166 3576 1245 3642 dicit

135 3677 219 3761 quod
245 3701 362 3743 reuera
386 3678 473 3743 idem
500 3679 659 3744 Radullus
682 3679 885 3765 presentauit
910 3679 1017 3765 ipsum
1044 3679 1246 3745 Willelmum

134 3780 190 3865 qui
205 3782 325 3848 ultimo
341 3783 422 3847 obiit
443 3806 586 3869 persona,
601 3792 636 3848 et
654 3792 728 3870 post
748 3783 1023 3870 presentaeionem
1043 3808 1135 3849 suam
1155 3785 1246 3850 dedit

135 3884 384 3953 aduoeaoionem
410 3888 501 3953 illum
526 3888 637 3953 domui
662 3888 703 3953 de
729 3886 874 3965 wentae,
900 3897 934 3952 et
959 3887 1033 3953 ideo
1061 3888 1148 3974 petit
1175 3888 1246 3974 ipse

135 3990 384 4056 aduoeaeionem
400 3990 489 4055 illam
506 4000 565 4056 ete.

200 4094 246 4158 Et
262 4093 432 4158 Walterus
442 4094 524 4159 dicit
538 4095 624 4180 quod
639 4102 729 4159 carta
743 4093 874 4159 Radulfi
888 4117 954 4159 non
968 4093 1067 4159 debet
1078 4094 1109 4159 ei
1123 4118 1246 4172 nocere,

167 4262 240 4315 ¹Br.
254 4264 273 4313 l.
286 4266 332 4313 ³21
345 4262 371 4314 b.
751 4264 948 4327 ⁴Burdele9ha‚
970 4264 1001 4314 B.
1034 4264 1136 4329 Dudley
1157 4266 1248 4329 Priory

167 4328 177 4358 ¹
192 4330 224 4381 B.
239 4344 277 4378 m.
292 4330 358 4379 1511.
720 4346 773 4380 was
790 4346 806 4381 a
822 4330 870 4379 oell
887 4332 917 4378 ol
931 4329 975 4380 the
991 4330 1101 4380 Cluniae
1115 4330 1206 4395 Priory
1220 4332 1250 4381 ol

166 4394 331 4445 ⁸B.1n.lt.
721 4395 854 4445 ll'euloelr.
888 4396 1000 4445 Monast.
1015 4396 1065 4445 vol.
1077 4398 1101 4454 5.
1114 4411 1138 4461 p.
1153 4398 1194 4446 82.
