3167 5075
359 373 422 437 648
588 374 816 440 rauranuun's
837 391 930 441 urna
951 391 991 441 nr
1013 391 1227 454 romarus,

355 563 480 629 Dicunt
493 563 596 630 eciam
610 563 697 649 quod
711 564 781 650 ipsc
796 573 875 630 snut
893 566 1138 652 propinquiores
1156 565 1294 633 herodas
1312 575 1372 633 ota
1412 567 1450 633 Et

354 667 427 758 ideo
450 668 689 734 consideratum
715 677 765 734 est
791 669 879 755 quod
904 671 1073 736 hescelina
1096 679 1133 736 ct
1153 671 1273 737 Anicia
1294 694 1450 759 recupara-

353 780 473 835 uerunt
487 770 638 835 saisinam
653 793 754 849 suam,
769 780 805 837 et
819 772 911 837 Prior
923 773 960 838 in
974 772 1199 839 misericordia

267 879 281 894 '
305 926 312 943 .
418 874 529 939 Assisa
543 874 636 940 uenit
654 876 860 962 recognitum
879 877 908 941 si
927 877 1091 943 Jordanus
1111 877 1200 942 filius
1221 877 1351 965 Nigclli
1369 885 1453 964 pater

353 977 489 1044 Robsrti
503 978 566 1043 fuit
580 978 711 1043 saisitus
725 980 760 1043 in
774 979 936 1045 dominico
950 1003 1010 1045 suo
1025 989 1084 1046 etc
1100 981 1142 1046 de
1156 1003 1223 1046 una
1236 982 1363 1047 bouata
1375 991 1450 1046 tenc

352 1105 427 1148 cum
455 1093 535 1169 pert.
566 1083 601 1148 in
631 1083 748 1148 Femlc
777 1084 832 1149 dic
862 1091 931 1162 etc,
962 1106 1061 1170 quam
1090 1091 1211 1149 terram
1247 1084 1360 1150 Alicio
1390 1084 1451 1150 filia

352 1189 487 1254 Roberti
502 1189 542 1254 de
558 1187 722 1274 Bramhop
738 1196 839 1255 tenet.
882 1189 955 1269 Qua
977 1187 1072 1254 uenit
1094 1197 1129 1252 et
1149 1187 1232 1253 dicit
1253 1189 1344 1275 quod
1364 1189 1453 1254 assim

351 1315 416 1358 non
431 1293 529 1359 debet
543 1291 619 1356 indo
639 1292 717 1368 ficri,
736 1291 815 1378 quia
831 1291 998 1356 Robartus
1017 1291 1059 1356 de
1081 1291 1152 1377 Lay
1168 1290 1262 1356 dedit
1286 1291 1318 1357 ci
1343 1301 1452 1358 terram

350 1397 441 1460 illam
456 1419 514 1482 pro
529 1396 678 1482 homagio
693 1403 728 1462 at
743 1395 880 1460 seruieio
894 1418 953 1461 suo
963 1419 992 1460 v.
1004 1394 1098 1460 anuis
1108 1404 1283 1482 postquam
1294 1397 1451 1483 predictm

351 1500 513 1566 Jordanus
536 1500 744 1587 desponsauit
766 1501 871 1585 ipsam
892 1500 1041 1578 Niciam,
1062 1508 1099 1565 ct
1120 1499 1208 1586 quod
1230 1499 1282 1564 ita
1297 1500 1344 1564 sit
1367 1508 1453 1566 uocat

351 1604 533 1691 predictum
548 1604 728 1671 Robertum
743 1605 784 1670 ad
800 1611 989 1683 warantum,
1005 1611 1040 1670 et
1054 1603 1083 1669 εἰ
1097 1625 1179 1690 opus
1193 1612 1244 1670 ast
1263 1603 1345 1670 inda
1363 1613 1452 1692 ponet

188 1731 385 1937 'i‘ssffimse
401 1709 668 1878 Shherliouhhtrhii}
658 1811 785 1878 ¹nenit
815 1820 851 1877 ct
875 1811 957 1877 dicit
986 1811 1072 1898 quod
1101 1811 1269 1899 prodictus
1296 1812 1460 1902 Nigcllns²

288 1918 433 1986 comit
448 1925 567 1983 terram
581 1917 761 2003 predictam
776 1917 817 1981 de
832 1916 974 2003 quadam
989 1916 1145 1994 Idonea'
1135 1925 1186 1982 rtn
1202 1917 1291 2004 quod
1304 1917 1454 1984 indotuit

188 2041 333 2126 {pir
308 2022 481 2088 uscisitus
495 2029 554 2087 aut
556 2044 672 2108 equam
692 2020 932 2106 desponsauit‘
922 2042 1027 2106 rpsam
1047 2021 1195 2099 Aliciam‚
1210 2030 1247 2086 et
1266 2023 1357 2108 quod
1370 2031 1455 2108 pater

187 2098 298 2228 ffiffie
246 2134 330 2173 mffld
351 2149 429 2191 suus
434 2125 541 2191 ’obiit
556 2125 632 2190 inde
648 2125 779 2190 saisitus
793 2133 834 2189 ut
848 2124 888 2189 de
903 2124 997 2190 feodo
1012 2125 1107 2211 ponit
1120 2147 1155 2190 aa
1169 2147 1269 2212 super
1282 2127 1424 2192 mnsam.

187 2181 314 2314 (23.3ἕῇ
415 2229 584 2294 Juratores
608 2229 722 2295 dicunt
745 2228 833 2314 quod
858 2228 1024 2314 prodictus
1047 2229 1210 2294 Jordanus
1231 2230 1315 2295 emit
1342 2241 1454 2296 terram

186 2321 253 2406 ἰ1ξ1ὲῗ
255 2325 300 2406 51.
350 2333 440 2398 illam
470 2345 643 2419 postquam
672 2331 928 2418 desponsauit
918 2353 1023 2418 1psam
1059 2332 1199 2397 Aliciam
1235 2331 1278 2400 de
1314 2334 1456 2420 prodicta

186 2414 481 2516 11111111110,Ι(10000
507 2445 542 2502 et
563 2435 651 2523 quod
673 2436 839 2522 predictus
860 2435 1024 2500 Jordanus
1045 2435 1128 2500 amit
1152 2444 1274 2501 terram
1303 2437 1398 2503 illam
1416 2435 1454 2502 ad
1550 2478 1551 2491 ι

185 2461 333 2642 113331031111113
349 2564 430 2628 opus
445 2542 547 2629 ipsius
561 2542 666 2607 Alicic
682 2550 716 2606 et
732 2539 913 2607 heredum
903 2539 1006 2626 ipsius
1019 2540 1126 2606 Alicio
1145 2540 1217 2607 de'
1207 2563 1280 2629 ipso
1297 2541 1453 2608 Roberto⁸

186 2648 241 2688 222·
248 2648 298 2689 Ψ2·
349 2653 384 2710 ct
413 2668 453 2710 ax
483 2668 523 2711 ca
551 2646 753 2711 excuncium.
814 2645 881 2710 Et.
895 2643 969 2709 ideo
1005 2643 1244 2710 consideratum
1281 2654 1336 2711 est
1372 2644 1454 2732 quod

348 2749 471 2814 Robert
458 2756 510 2814 tus
525 2749 625 2815 nichil
640 2749 728 2836 capit
748 2772 808 2835 per
823 2748 957 2813 assisam
977 2748 1083 2825 istam,
1099 2755 1135 2812 ct
1152 2748 1227 2813 idco
1249 2749 1364 2815 Alicia
1382 2748 1453 2814 indo
1549 2761 1550 2766 ’

348 2854 416 2918 siue
432 2854 494 2931 die,
509 2863 543 2919 et
557 2855 645 2919 idem
660 2855 823 2920 Robertus
838 2854 873 2919 in
887 2853 1106 3020 miscrilpppidia
1119 2861 1180 2919 stc.
1549 2859 1550 2912 ἲ

210 2960 305 3025 1852.
412 2956 524 3022 Assisa
559 2956 653 3022 uouit
689 2956 895 3044 recognitura
930 2956 960 3021 ai
1062 2956 1150 3021 ulfus
1179 2956 1211 3021 le
1239 2956 1335 3044 King
1363 2965 1453 3043 pater

347 3060 487 3126 Waltori
507 3061 538 3126 le
553 3061 646 3147 King
667 3061 731 3126 suit
751 3061 883 3126 saisitus
902 3068 964 3126 cto.
978 3060 1020 3125 dc
1039 3058 1116 3125 dim.
1136 3060 1260 3125 bouata
1277 3068 1367 3126 terre
1381 3082 1451 3125 cum

345 3171 426 3248 pert.
454 3162 489 3227 in
516 3163 712 3249 Haldenaby
734 3162 788 3228 dic
811 3170 881 3240 etc,
902 3162 991 3227 undo
1020 3161 1157 3227 Mobilis
1177 3162 1209 3228 lo
1231 3163 1452 3229 Burwimmau
1548 3167 1549 3174 '

345 3271 437 3327 tenet
452 3273 511 3329 etc.
528 3271 562 3329 ct
577 3264 749 3350 Philippus
763 3264 804 3329 dc
820 3264 988 3330 Blakctoft
1007 3272 1138 3330 tantum
1159 3272 1221 3330 etc
1236 3273 1273 3330 at
1286 3264 1452 3331 Johanuos
1548 3289 1549 3306 ³

344 3368 374 3431 le
392 3367 495 3432 Grant
510 3376 570 3434 etc.

409 3472 453 3535 Et
467 3472 634 3537 ‚Iohannes
649 3490 707 3555 pro
721 3492 756 3534 se
772 3470 894 3536 etaliis
908 3470 1002 3536 uenit
1016 3479 1052 3536 ct
1065 3469 1147 3536 dicit
1161 3470 1249 3557 quod
1267 3472 1372 3538 assisa
1389 3496 1452 3538 nou

343 3574 441 3640 debet
455 3574 531 3659 indo
546 3574 625 3653 fieri,
640 3574 718 3660 quia
731 3574 794 3639 istc
809 3575 974 3641 Waltcrus
990 3574 1107 3641 habuit
1121 3575 1297 3662 quemdam
1319 3577 1452 3642 fiatram

343 3680 605 3767 primogenitum,
631 3680 687 3765 qui
713 3680 812 3745 finem
834 3680 913 3745 fecit
935 3679 976 3744 do
997 3679 1144 3765 prodicta
1165 3688 1254 3746 terra
1274 3703 1386 3747 coram
1411 3682 1448 3747 R

343 3784 580 3849 Dunholmonsi
597 3783 754 3870 Episcopo
769 3793 804 3849 et
818 3784 912 3849 sociis
926 3784 993 3849 suis
1006 3805 1092 3849 anuo
1106 3784 1248 3851 secundo
1258 3796 1333 3873 post
1346 3809 1452 3874 gwer-

342 3910 412 3953 ram
427 3896 461 3953 ct
475 3910 533 3973 per
547 3887 780 3975 cyrographum
797 3887 884 3974 quod
899 3888 1029 3974 profert,
1044 3896 1080 3953 et
1094 3886 1180 3975 quod
1195 3896 1340 3955 testatur
1352 3898 1418 3956 etc

375 4044 384 4077 ¹
402 4042 458 4093 The
469 4042 584 4107 plaintiff
594 4042 690 4093 Robert
702 4058 750 4092 son
765 4042 795 4092 of
810 4043 866 4093 Jor-
918 4044 946 4093 to
957 4041 1002 4092 tha
1013 4056 1060 4092 usa
1071 4042 1101 4092 of
1115 4041 1159 4093 his
1168 4042 1228 4093 wife
1244 4040 1297 4092 ancl
1313 4042 1360 4092 tha
1376 4042 1448 4093 hein

342 4110 396 4159 dan
418 4112 465 4159 not
487 4109 531 4159 the
552 4108 664 4159 vouchca
680 4108 776 4158 Robart
793 4108 825 4159 da
840 4108 867 4159 la
917 4108 947 4158 oi
962 4108 1032 4158 their
1046 4106 1145 4170 bodies,
1159 4108 1213 4159 ond
1225 4107 1281 4158 this
1294 4106 1450 4159 satssemout

342 4176 406 4237 Lay.
916 4188 970 4223 was
997 4171 1094 4235 uphcld
1121 4173 1151 4223 in
1178 4172 1226 4223 tha
1250 4172 1330 4223 vita’n
1351 4173 1449 4223 [arcun

374 4240 473 4288 20οπ.
485 4240 613 4289 Jordamoe
627 4238 666 4305 (?).
917 4238 1021 4301 against
1031 4238 1077 4288 tho
1087 4237 1144 4287 heir
1154 4237 1270 4301 general.

374 4303 434 4353 230
435 4304 509 4353 ι.(1ιιιι
949 4304 960 4335 2
976 4304 1048 4353 corr.
1059 4304 1173 4354 Jordano
1185 4302 1225 4369 (2).
1260 4302 1394 4366 Probably
1404 4302 1449 4352 tha

372 4368 496 4418 ‘Thisi
486 4384 510 4417 ιε
532 4384 548 4418 a
569 4368 674 4418 curicus
690 4383 756 4427 caso
773 4366 814 4419 ior
829 4383 867 4419 wc
916 4368 1439 4433 plantininthedefendmt'nupsuu

340 4450 389 4485 can
401 4434 447 4485 but
458 4448 505 4495 say
514 4434 572 4485 that
583 4434 682 4487 Jordan
694 4434 792 4498 bought
803 4434 866 4485 laud
