3167 5075
478 415 615 477 marna,
637 414 701 464 11).
727 402 820 477 1225,
843 416 908 465 aa
931 403 958 466 9.
1204 399 1267 468 117

156 599 216 657 etc
233 598 268 656 et
283 590 371 677 quod
386 590 474 656 idem
490 590 596 655 Adam
612 590 745 656 deberet
765 590 842 655 dare
863 600 897 655 et
917 590 1089 656 concedere
1103 589 1267 655 Willelmo

156 696 198 761 de
213 695 369 761 Valeines
384 703 418 761 et
433 694 606 761 heredibus
626 695 693 761 suis
714 695 754 761 de
775 694 922 782 predicta
940 695 1048 760 Alieia
1068 718 1173 761 sorore
1195 695 1267 762 aua¹

156 800 316 867 tenendas
339 800 441 866 deco
466 809 501 866 et
524 800 698 866 heredibus
722 801 789 866 suis
814 823 872 887 pro
897 801 1047 889 homagio
1069 824 1128 867 suo
1151 811 1186 867 ct
1210 824 1269 888 per

155 905 331 970 seruicium
354 906 377 991 j.
404 904 519 970 militis
543 905 629 991 quod
655 904 742 971 idem
766 905 966 971 Willelmus¹
989 914 1024 971 et
1053 906 1187 972 heredes
1216 906 1267 971 sui

156 1012 261 1075 facere
288 1010 418 1087 debent,
443 1018 478 1075 et
504 1010 581 1097 quia
610 1011 772 1077 Robertus
802 1020 880 1076 ante
909 1011 992 1077 hanc
1017 1013 1267 1079 oonuencionem

155 1115 334 1201 perfectam
354 1114 436 1180 obiit
457 1114 594 1179 eandem
617 1116 867 1181 conuencionem
890 1115 974 1180 sicut
996 1115 1086 1201 prius
1107 1116 1268 1182 affirmata

155 1219 221 1284 fuit
243 1219 332 1283 inter
352 1218 533 1283 Robertum
557 1218 597 1283 de
621 1218 809 1285 Ookeseldis
833 1228 867 1285 et
889 1220 1029 1285 eundem
1053 1220 1170 1296 Adam,
1193 1245 1266 1287 con-

155 1323 255 1389 cessit
268 1323 357 1388 idem
372 1323 479 1388 Adam
495 1324 582 1410 quod
597 1324 668 1410 ipsa
683 1324 726 1390 sit
740 1325 834 1390 firma
845 1333 879 1389 et
891 1324 1017 1390 stabilis
1026 1325 1114 1390 inter
1127 1326 1267 1392 eundem

155 1428 265 1493 Adam
283 1428 388 1492 filium
408 1428 544 1493 Roberti
565 1428 624 1493 filii
645 1429 789 1494 Umiridi
809 1438 844 1494 et
865 1429 999 1495 heredes
1018 1453 1092 1495 suos
1111 1438 1146 1495 et
1159 1431 1267 1496 Adam

155 1532 197 1598 de
222 1532 412 1599 Cokefeldia
433 1532 538 1597 filium
563 1540 597 1597 et
621 1533 772 1598 heredem
797 1532 933 1598 Roberti
957 1532 997 1597 de
1023 1532 1210 1600 Cohefeldia
1233 1544 1268 1600 et

155 1636 292 1705 heredes
320 1658 402 1714 suos,
421 1636 508 1701 unde
534 1636 621 1702 idem
645 1637 753 1703 Adam
777 1638 864 1703 filius
886 1637 1022 1703 Roberti
1045 1639 1102 1702 filii
1125 1639 1267 1705 Umfn'di

154 1742 234 1808 fecit
250 1741 437 1827 homagium
449 1741 555 1806 eidem
566 1742 639 1807 Ade
649 1743 689 1807 de
702 1743 891 1810 Ookefeldia
901 1752 937 1808 et
947 1744 1070 1829 recepit
1080 1744 1266 1831 homagium

155 1847 315 1913 Willelmi
343 1846 384 1911 de
415 1846 573 1912 Valaines.
629 1847 744 1913 Hunc³
773 1856 885 1913 autem
915 1848 1014 1912 finem
1042 1848 1130 1913 idem
1159 1848 1266 1913 Adam

155 1952 244 2017 filius
259 1952 396 2017 Roberti
410 1951 470 2016 filii
485 1950 629 2017 Umfridi
644 1960 679 2016 et
694 1951 828 2017 heredes
848 1952 900 2017 sui
920 1951 1041 2016 debent
1062 1952 1266 2018 warentizare

148 2038 302 2143 'predicto
318 2053 496 2120 Willelmo⁴
511 2062 545 2119 et
561 2054 734 2121 heredibus
752 2055 819 2120 suis
837 2078 918 2141 quos
937 2054 1090 2120 habuerit
1104 2054 1144 2120 de
1160 2055 1268 2120 Alicia

153 2158 279 2226 sorore⁵
308 2182 368 2224 sua
396 2168 466 2236 etc,
491 2158 578 2223 unde
603 2159 690 2224 idem
717 2160 814 2226 Wido
839 2169 873 2225 et
897 2159 1019 2225 Alicia⁸
1041 2160 1156 2225 dicunt
1179 2161 1266 2246 quod

152 2266 283 2331 desicut
308 2264 395 2329 idem
423 2263 608 2329 Willelmus
632 2272 666 2328 et
692 2263 814 2329 Alicia⁷
840 2264 982 2329 clamant
1006 2287 1064 2351 per
1086 2264 1265 2350 predictam

153 2369 310 2435 Sabinam
327 2376 361 2433 et
379 2367 486 2432 Adam
506 2367 610 2432 filium
631 2389 727 2431 suum
747 2375 782 2431 et
804 2366 911 2431 Adam
933 2376 1056 2433 cartam
1077 2367 1167 2432 illam
1190 2367 1266 2432 fecit

152 2482 190 2540 et
218 2473 297 2539 fecit
326 2472 513 2560 homagium
543 2494 639 2537 auum
669 2471 741 2537 Ade
776 2470 817 2537 de
848 2470 1036 2537 Ookefeldia
1072 2480 1107 2535 et
1143 2471 1266 2558 recepit

152 2578 344 2666 homagium
369 2576 525 2642 willelmi
552 2577 592 2642 de
615 2576 776 2653 Valeines,
799 2584 919 2662 petunt
941 2577 1098 2642 iudicium
1121 2577 1148 2641 si
1170 2599 1268 2663 super

151 2693 278 2750 cartam
292 2682 383 2747 illam
398 2681 540 2746 debeant
554 2680 753 2766 respondere.

221 2788 265 2852 Et
279 2787 463 2852 Willelmus
477 2808 535 2871 pro
549 2808 584 2850 se
599 2792 633 2850 et
654 2785 760 2850 Alicia
779 2784 926 2850 defendit
948 2784 1032 2871 quod
1052 2783 1159 2849 Adam
1180 2785 1266 2850 filius

151 2893 290 2958 Roberti
319 2891 379 2956 filii
408 2891 551 2957 Umfridi
582 2913 750 2976 nunquam
785 2891 863 2955 fecit
897 2890 1084 2976 homagium
1118 2890 1190 2954 Ade
1225 2890 1265 2955 de

151 2995 351 3074 Ookefeldia‚
380 3018 440 3060 nec
469 2996 577 3061 Adam
606 2995 693 3060 filius
728 2994 870 3060 Sabine⁸
907 3017 1075 3080 nunquam
1112 2995 1264 3060 saisinam

151 3103 271 3168 habuit
286 3101 326 3166 de
343 3101 501 3167 termille
516 3109 551 3166 et
564 3100 638 3166 ideo
653 3107 743 3166 carta
757 3099 814 3165 illa
828 3122 894 3164 non
908 3099 1007 3164 debet
1022 3098 1070 3163 eis
1084 3121 1205 3164 nocere.
1225 3098 1230 3186 Ι

220 3207 265 3271 Et
281 3206 387 3292 Wydo
407 3213 441 3270 et
461 3204 568 3270 Alicia
587 3205 700 3271 dicunt
720 3203 807 3291 quod
827 3204 934 3269 Adam
949 3204 1036 3268 filius
1050 3204 1185 3268 Roberti
1204 3204 1265 3268 filii

153 3310 326 3378 Humiridi
360 3310 437 3375 fecit
472 3309 660 3397 homagium
695 3309 841 3396 predicto
876 3308 949 3374 Ade
983 3308 1023 3373 de
1060 3307 1265 3375 Gockefeldia

150 3414 332 3480 secundum
367 3421 489 3479 cartam
518 3412 618 3491 illam,
648 3420 682 3478 et
711 3413 739 3479 si
768 3420 860 3477 carte
886 3411 945 3476 illa
973 3412 1020 3476 eis
1049 3435 1115 3476 non
1144 3411 1263 3476 sufficit

151 3525 281 3604 ponunt
306 3539 340 3582 se
369 3517 404 3580 in
431 3539 583 3603 magnam
609 3515 741 3580 assisam
764 3515 858 3581 Dom.
883 3515 984 3602 Regis
1011 3526 1045 3580 et
1070 3522 1189 3601 petunt
1213 3538 1263 3580 re-

150 3620 373 3709 cognicionem
389 3619 460 3684 fieri
474 3628 586 3684 utrum
601 3618 664 3705 ipsi
683 3618 788 3684 maius
812 3618 863 3683 iua
884 3618 1026 3683 habeant
1045 3618 1080 3682 in
1101 3627 1188 3683 terra
1207 3618 1264 3683 illa

150 3725 332 3791 secundum
348 3724 526 3810 predictam
542 3723 793 3788 conuencionem
809 3745 907 3810 quam
927 3722 990 3808 ipsi
1010 3730 1207 3809 cognoscunt
1221 3746 1264 3787 an

150 3831 241 3896 idem
265 3828 449 3894 Willelmus
472 3837 507 3894 et
531 3828 638 3894 Aiicia
658 3827 792 3893 tenendi
812 3827 848 3892 in
862 3827 1033 3903 dominico,
1048 3835 1083 3890 et
1097 3827 1125 3891 si
1145 3850 1265 3914 magna

150 3934 332 4000 assisanon
347 3931 452 3997 iaceat
467 3931 577 3997 dicent
593 3931 689 3997 aliud
1210 3942 1213 3946 ’

183 4147 192 4179 ¹
210 4143 330 4195 Robert’s
340 4143 424 4193 sister.
765 4142 775 4175 ⁰
793 4141 849 4191 The
860 4143 973 4191 tenanta.

182 4208 510 4261 ¹wu1iamosvn0ines.
765 4207 776 4240 ⁷
793 4207 848 4256 'l'he
865 4205 1045 4262 demandante,
1064 4203 1181 4253 William
1203 4204 1261 4254 Tal-
1330 4227 1334 4231 ’

182 4277 195 4310 ⁸
211 4275 267 4325 The
274 4275 335 4340 ples
341 4275 370 4324 os
374 4273 420 4324 the
427 4277 533 4324 tenants
538 4272 681 4324 continuos.
732 4273 808 4324 mash
819 4272 872 4322 and
882 4271 925 4319 his
935 4269 1002 4318 wife.

182 4343 194 4375 ⁴
210 4341 328 4390 william
340 4338 368 4389 oi
379 4339 508 4391 Valoinea.
765 4337 775 4370 ⁸
793 4336 939 4399 Seemingly
950 4335 1035 4384 Adam
1047 4349 1095 4384 aon
1111 4334 1140 4383 oi
1155 4334 1259 4394 Sabina,

181 4407 193 4440 ¹
211 4407 283 4457 corr.
292 4404 412 4470 woradi.
430 4403 682 4469 Perhapsacareiere
733 4402 784 4452 and
793 4403 875 4452 Adam
884 4416 931 4450 son
943 4399 972 4449 of
981 4401 1076 4449 Robert
1082 4415 1130 4449 son
1140 4400 1169 4448 oi
1177 4400 1260 4452 Hum-

149 4470 391 4528 ambasciaco
428 4470 478 4522 old.
733 4466 1000 4538 manethesame,
