3167 5075
353 363 417 428 620
461 361 691 427 rnrssnunn's
713 377 808 428 aran
829 378 869 428 ru
891 378 1063 441 11111111,
1085 379 1152 431 au.
1177 363 1359 454 111111.
1381 369 1429 432 12

350 552 386 618 in
408 552 632 619 misericordia
678 553 784 620 Breue
805 552 958 640 Episcopi
971 554 1007 619 in
1020 553 1184 620 thesauro
1228 554 1273 620 Et
1295 553 1457 620 sciendum

350 654 437 741 quod
458 663 532 742 post
554 656 745 722 citacionem
767 679 833 722 non
855 658 965 743 potuit
986 658 1075 723 exire
1096 659 1138 724 de
1160 681 1263 747 regno
1283 669 1456 747 antequam

349 759 515 844 probasset
531 782 565 824 ss
581 759 783 847 legittimum
800 769 860 827 etc
879 760 885 848 Ι

415 863 513 930 Oliua
549 865 617 930 filia
652 865 751 930 Alani
786 865 987 931 summonita
1021 865 1086 930 fuit
1113 865 1156 931 ad
1186 866 1455 933 warentiaandum

347 967 493 1034 Johanni
514 969 581 1035 filio
603 969 706 1035 Iwani
727 993 801 1035 m
816 992 880 1036 acr.
894 977 981 1036 terre
1000 993 1076 1036 cum
1091 979 1174 1058 pert.
1188 970 1225 1034 in
1247 971 1455 1050 Sharentoua,

348 1093 429 1159 quas
450 1081 543 1139 tenet
562 1084 597 1140 et
616 1075 657 1140 de
673 1097 712 1140 ea
726 1082 839 1140 tenere
853 1073 981 1152 clamat,
995 1084 1031 1141 et
1047 1076 1134 1141 unde
1147 1085 1271 1142 cartam
1286 1076 1388 1142 Alani
1401 1078 1453 1142 filii

346 1177 483 1243 Jordani
504 1179 606 1265 patris
627 1177 730 1264 ipsius
752 1178 851 1244 Oliue
873 1179 965 1244 cuius
986 1181 1080 1246 heres
1101 1180 1173 1267 ipsa
1194 1190 1246 1246 est
1266 1181 1369 1247 habet
1390 1191 1452 1259 otc,

346 1282 434 1348 unde
454 1282 620 1368 predictus
641 1281 808 1348 Johannes
829 1292 964 1369 questus
985 1283 1050 1348 fuit
1075 1283 1162 1370 quod
1187 1282 1338 1370 predicta
1362 1285 1452 1350 Olina

346 1407 411 1450 uon
422 1385 594 1471 permittat
606 1409 682 1451 eum
693 1386 813 1451 habere
824 1387 946 1452 faldam
956 1409 1050 1452 suam
1063 1409 1163 1473 super
1175 1387 1315 1454 eandem
1331 1397 1448 1465 terram,

346 1496 382 1554 et
403 1490 525 1575 profert
546 1498 669 1554 curtam
690 1489 830 1576 predicti
851 1490 951 1556 Alani
972 1513 1037 1577 que
1057 1498 1200 1556 testatur
1220 1492 1310 1578 quod
1330 1491 1398 1578 ipse
1417 1502 1447 1556 et

348 1591 454 1656 Maria
472 1599 579 1658 mater
600 1600 714 1658 suaet
735 1592 792 1658 alii
809 1601 1035 1658 concesseruut
1054 1592 1200 1679 predicto
1221 1595 1332 1660 Irrano
1353 1603 1446 1660 totam

345 1703 464 1762 terram
494 1696 597 1782 patris
625 1696 677 1762 sui
702 1703 771 1762 tam
797 1695 888 1761 illam
911 1696 953 1763 de
977 1697 1145 1762 Ouertona
1169 1719 1270 1783 quam
1295 1697 1445 1764 1111111111

344 1801 475 1866 feodum
490 1807 525 1866 et
539 1800 757 1866 hereditatem
772 1807 975 1886 perpetuam.

410 1905 454 1971 Et
476 1905 574 1972 Oliua
596 1905 689 1970 uenit
713 1913 748 1970 et
771 1903 957 1990 dicitquod
978 1925 1045 1968 non
1065 1903 1164 1970 debet
1183 1904 1216 1970 ei
1235 1904 1442 1982 warentirare

344 2008 422 2095 quia
435 2008 522 2074 idem
537 2009 560 2075 J
561 2008 703 2074 ohannes
717 2030 783 2073 nou
798 2016 849 2073 est
863 2007 957 2073 heres
975 2007 1116 2094 predicti
1136 2008 1249 2086 Iwani,
1263 2009 1344 2096 quia
1363 2010 1440 2075 iden

341 2113 366 2178 J
367 2112 508 2178 ohannes
524 2112 587 2178 fuit
598 2111 686 2177 filius
699 2110 868 2177 cuiusdam
880 2111 1008 2177 diaconi
1023 2119 1058 2176 et
1072 2111 1254 2191 bastardus,
1269 2113 1441 2180 1111111111-

342 2223 398 2280 tus
427 2215 514 2282 filios
537 2215 694 2284 Willelmi
722 2237 823 2302 nepos
847 2215 951 2301 ipsius
971 2214 1133 2280 Johannis
1154 2224 1205 2281 est
1234 2217 1330 2283 heres
1348 2217 1439 2304 ipsius

342 2319 454 2398 Iwaui,
470 2328 505 2386 et
519 2319 593 2386 ideo
606 2342 672 2384 non
686 2319 761 2385 uult
776 2318 983 2384 warentizare
998 2319 1063 2385 nisi
1077 2319 1168 2386 curia
1181 2321 1429 2387 considerauerit
1539 2390 1540 2397 χ

407 2425 452 2489 Et
473 2425 640 2491 Johannes
662 2425 743 2490 dicit
765 2424 852 2512 quod
873 2432 925 2490 est
947 2424 1040 2490 111111
1060 2424 1164 2511 ipsius
1185 2425 1298 2504 Iwani,
1313 2434 1347 2491 et
1365 2425 1438 2490 bene
1539 2420 1540 2503 ᾗ

340 2538 434 2617 patet
458 2531 535 2618 quia
560 2530 595 2596 in
621 2529 712 2596 curia
733 2528 829 2595 Dom.
853 2529 954 2617 Regis
977 2529 1109 2595 Rioardi
1133 2529 1351 2617 implacitauit
1376 2529 1437 2615 ipsa

340 2634 521 2700 Robertum
543 2634 669 2699 Dinant
690 2656 748 2719 per
769 2634 867 2699 finem
889 2634 1013 2699 factum
1032 2632 1067 2697 in
1087 2632 1178 2698 curia
1190 2633 1336 2699 eiusdem
1349 2632 1437 2719 Regis

339 2738 381 2804 de
403 2739 516 2803 eadem
538 2747 626 2805 terra
646 2758 705 2824 per
726 2736 952 2824 cirographum
975 2736 1063 2823 quod
1083 2737 1206 2823 profert
1227 2746 1263 2803 et
1283 2738 1366 2824 quod
1382 2736 1435 2801 hoc

339 2848 489 2907 testetur.
1538 2853 1539 2864 ¹

405 2947 448 3011 Et
464 2944 563 3011 Oliua
576 2944 657 3011 dicit
672 2944 759 3031 quod
773 2944 835 3010 hoc
849 2966 915 3009 non
931 2943 1032 3009 debet
1045 2943 1078 3009 ei
1091 2965 1215 3021 nocere,
1230 2943 1310 3030 quia
1321 2944 1434 3009 Alanus

338 3048 430 3114 dedit
451 3056 572 3114 terram
593 3048 685 3113 illam
707 3048 818 3113 Iwano
839 3054 980 3121 tantum,
997 3055 1032 3112 et
1051 3045 1142 3111 nulla
1155 3047 1284 3112 mencio
1298 3047 1432 3112 [1111111

337 3152 374 3217 in
402 3160 492 3217 carta
520 3150 562 3217 de
591 3150 765 3216 heredibus
793 3150 896 3235 ipsius
924 3148 1037 3226 Iuani,
1060 3158 1095 3214 et
1119 3148 1207 3235 petit
1235 3146 1432 3215 iudiciumsi

337 3256 456 3322 debeat
471 3255 678 3321 warantizare
693 3254 820 3320 desiout
834 3254 926 3319 nulla
939 3254 1027 3318 facta
1040 3261 1091 3318 est
1110 3253 1237 3318 mencio
1259 3253 1300 3319 de
1321 3251 1432 3319 heredi·

336 3368 407 3425 tate
428 3360 464 3423 in
485 3366 582 3423 carta
626 3357 681 3424 Ad
695 3364 820 3425 cartam
835 3380 933 3444 quam
947 3357 1070 3443 profert
1083 3356 1145 3422 sub
1164 3356 1298 3423 nomine
1311 3354 1431 3422 Roberti

336 3462 398 3528 filii
420 3461 579 3528 Johannis
601 3460 666 3525 uiri
688 3460 790 3547 ipsius
815 3460 912 3526 Oliue
934 3469 971 3526 et
993 3460 1055 3525 sub
1078 3458 1210 3525 nomine
1240 3459 1336 3525 Oliue
1361 3456 1430 3523 dicit

336 3564 423 3651 quod
446 3587 511 3630 uon
535 3570 668 3629 tenetur
690 3562 898 3629 warentizare
927 3564 1007 3650 quia
1034 3563 1087 3627 uir
1114 3584 1195 3627 suus
1222 3562 1260 3628 in
1287 3562 1357 3627 uita
1380 3580 1431 3624 sua
1536 3607 1537 3644 ÷

336 3667 541 3733 uoluntatem
564 3688 657 3731 suam
679 3667 782 3732 facore
805 3674 915 3752 posset
936 3666 978 3731 de
1001 3665 1152 3731 omnibus
1172 3665 1269 3731 terris
1287 3662 1430 3751 suisquia

336 3770 397 3837 eis¹
413 3771 630 3837 contradicere
644 3793 710 3837 non
724 3771 842 3857 potuit

402 3876 446 3941 Et
462 3876 539 3962 quia
553 3897 617 3940 nou
633 3875 819 3941 continetur
832 3874 867 3940 in
881 3883 972 3941 carta
986 3874 1072 3961 quod
1086 3874 1209 3941 donum
1224 3874 1342 3939 factum
1354 3877 1426 3936 esset

336 3978 401 4045 nisi
414 3987 545 4044 tantum
562 3978 704 4044 Eudoni¹
718 3987 752 4044 et
766 4001 833 4044 non
847 3977 1022 4043 heredibus
1042 3977 1120 4055 suis,
1133 4000 1194 4043 uec
1207 3976 1329 4043 mencio
1345 3976 1380 4040 fit
1390 3974 1426 4037 dc
1535 3971 1536 4006 ³

337 4083 518 4160 heredibus,
532 4082 771 4149 consideratum
786 4090 836 4149 est
851 4083 938 4169 quod
952 4106 1017 4149 uon
1032 4091 1166 4148 tenetur
1179 4082 1381 4155 warentizare.
1393 4084 1424 4142 et
1535 4117 1536 4136 1

337 4188 411 4253 11111
426 4187 524 4253 Olina
544 4186 674 4253 recedat
695 4187 810 4274 quieta
830 4187 872 4253 de
891 4186 1165 4267 warantizacione,
1179 4196 1215 4253 et
1228 4181 1422 4254 Johanuesin

338 4290 554 4357 misericordia
568 4301 630 4358 etc.

552 4419 562 4451 ¹
579 4420 650 4473 Gorr.
663 4424 697 4473 et.
1014 4420 1026 4453 ¹
1041 4420 1221 4472 (1111111111.
