3167 5075
306 390 368 454 622
413 389 643 455 rerunum's
665 405 757 454 nunc
779 405 818 454 m
842 399 1015 468 nnumin,
1037 407 1101 457 nn
1127 392 1221 469 1227,
1243 407 1306 456 nn.
1329 395 1382 456 12

302 577 549 643 Bartholomeus
577 578 618 643 de
648 577 797 643 Benhsm
825 577 945 644 hebuit
973 579 1223 645 eduocecionem
1251 579 1353 656 illam,
1381 587 1418 644 et
1456 621 1465 638 ·
1529 577 1535 584 ’

302 689 421 747 terrem
451 681 493 748 ed
522 704 620 768 quem
649 683 823 748 eduooacio
852 683 910 749 illa
938 683 1090 770 pertinet,
1119 693 1156 750 et
1185 683 1280 750 dedit
1308 683 1417 768 [illam

301 785 548 850 aduooacionem
554 785 577 870 ¹]
592 786 705 850 domui
719 786 761 852 de
776 786 934 874 Ikelinge‚
949 795 984 852 et
998 796 1113 873 postea
1127 787 1280 852 uendidit
1295 795 1418 852 terram

302 889 423 956 Comiti
433 891 560 977 Rogero
575 889 605 954 le
620 890 734 976 Bigod,
744 891 785 956 de
797 891 890 956 cuins
904 892 989 956 dono
1003 892 1169 978 predictus
1185 892 1301 957 Simon
1313 891 1419 956 habet

301 1000 421 1058 terram
447 992 547 1074 illem,
572 1002 606 1058 et
630 996 753 1080 profert
779 1004 902 1060 cartam
929 996 1075 1062 eiusdem
1101 996 1324 1062 Bartholomei
1351 1019 1419 1082 que
1548 985 1549 1006 ¹

301 1097 423 1163 donum
438 1096 520 1162 illud
535 1105 676 1162 testetur
693 1097 746 1184 [de
761 1099 1001 1184 eduocecione}

368 1200 412 1263 Et
427 1198 540 1264 Simon
555 1198 738 1287 dicitquod
753 1200 855 1266 hebet
869 1210 990 1266 terram
1004 1200 1095 1267 illem
1110 1225 1151 1266 ex
1170 1203 1256 1267 dono
1274 1203 1420 1288 predicti
1548 1271 1549 1294 χ

303 1301 449 1378 Comitis,
475 1311 509 1368 et
535 1302 635 1368 hebet
661 1313 783 1369 certem
813 1327 912 1391 quem
940 1306 1029 1371 idem
1058 1305 1307 1371 Bartholomeus
1339 1306 1420 1372 fecit
1548 1365 1549 1398 ,

301 1407 446 1492 predicto
462 1406 584 1473 Comiti
598 1408 639 1473 de
659 1409 808 1495 predicte
825 1418 914 1475 tenu
934 1433 1010 1474 cum
1031 1410 1247 1475 aduooncione
1270 1410 1420 1497 predicte

302 1511 441 1589 ecclesie,
466 1519 500 1576 et
529 1511 615 1598 petit
644 1513 731 1578 diem
762 1513 905 1580 habendi
933 1523 1064 1580 curtem
1110 1515 1154 1579 Et
1180 1515 1291 1581 hebet.
1333 1515 1420 1581 Dies

302 1615 399 1681 datus
421 1624 470 1681 est
493 1616 540 1682 eie
562 1624 621 1682 etc
665 1618 711 1683 Et
734 1619 982 1684 Bartholomeus
1003 1628 1249 1685 summoneatur
1269 1619 1359 1705 quod
1371 1620 1419 1684 sit
1548 1609 1549 1648 i

302 1721 344 1785 ad
358 1720 540 1806 predictum
556 1720 642 1786 diem
658 1722 699 1787 ed
714 1722 973 1810 cognoscendum
984 1745 1084 1808 quem
1094 1731 1218 1788 curtum
1232 1723 1323 1809 prius
1337 1724 1420 1789 iecit

303 1833 337 1890 et
353 1849 450 1912 quem
465 1833 588 1891 certem
603 1827 812 1892 werentimre
827 1826 969 1892 noluerit
986 1835 1046 1892 etc
1066 1824 1073 1914 Ι

368 1929 422 1996 Ad
447 1930 535 1996 diem
559 1930 654 1995 illum
683 1933 778 1996 uenit
804 1931 1054 1997 Bartholomeus
1082 1939 1117 1997 et
1145 1933 1298 2018 cognouit
1328 1931 1421 2018 quod

303 2043 393 2100 certe
408 2034 527 2099 Prioris
549 2033 590 2099 de
613 2035 763 2122 Ikelinge
784 2035 877 2122 prius
898 2036 985 2101 facts
1005 2035 1070 2100 suit
1091 2058 1190 2122 quum
1210 2044 1300 2101 corte
1313 2035 1423 2122 ipsius

176 2125 178 2130 ¹
303 2139 446 2206 Simonis
475 2148 510 2205 et
538 2139 630 2204 illem
658 2140 856 2207 warentizot
908 2141 953 2206 Et
983 2140 1096 2207 Simon
1124 2163 1258 2227 presens
1285 2141 1352 2205 fuit
1382 2149 1420 2206 et

303 2243 428 2309 remisit
443 2251 477 2309 et
492 2243 641 2329 quietum
656 2244 812 2309 clamauit
827 2253 935 2310 totum
950 2245 1003 2309 ius
1016 2267 1112 2310 suum
1134 2245 1280 2331 predicto
1301 2245 1421 2324 Priori,

304 2356 339 2414 st
364 2347 444 2412 dicit
470 2347 556 2433 quod
581 2367 748 2434 nunquam
775 2347 840 2413 fuit
865 2349 900 2413 in
925 2349 1045 2415 seisine
1072 2358 1106 2415 et
1132 2349 1218 2436 quod
1248 2373 1421 2436 nunquam

303 2451 507 2539 presenteuit
530 2451 572 2517 sd
597 2452 776 2539 predictam
804 2453 993 2520 eeclesiam·
1024 2454 1070 2518 Et
1094 2454 1173 2542 quis
1197 2462 1288 2519 carte
1311 2453 1423 2541 ipsius

305 2558 423 2622 Prioris
444 2556 534 2644 prius
556 2556 642 2622 facte
663 2556 727 2622 fuit
750 2580 848 2644 quem
871 2566 962 2623 curto
982 2559 1085 2644 ipsius
1107 2558 1260 2637 Simonis,
1273 2568 1310 2625 et
1328 2560 1421 2625 idem

307 2662 419 2727 Simon
434 2660 559 2725 remisit
574 2669 643 2738 etc,
653 2660 892 2727 consideratum
907 2670 957 2727 est
972 2663 1057 2749 quod
1068 2662 1160 2727 Prior
1173 2664 1273 2728 estin
1290 2664 1423 2741 seisinn

306 2774 340 2831 et
357 2764 539 2831 Willelmus
554 2764 594 2831 de
609 2766 721 2852 Auges
735 2766 902 2853 perquimt
916 2788 951 2832 se
965 2788 1078 2831 uersus
1092 2788 1169 2832 eum
1183 2766 1424 2846 siuoluerit,et

303 2868 351 2935 sit
365 2869 400 2934 in
414 2868 631 2935 misericordie
644 2892 703 2955 pro
717 2870 798 2935 falso
812 2872 951 2936 clamore
966 2879 1026 2936 etc

174 2983 268 3049 1814.
372 2974 483 3039 Assise
508 2974 601 3039 uenit
626 2974 832 3061 recognitum
856 2974 886 3038 si
909 2974 1093 3039 Willelmus
1118 2975 1161 3039 de
1191 2975 1356 3042 Snffordia
1386 2986 1425 3042 et

158 3086 280 3138 ΨΜ·
306 3076 507 3166 RegIneldus
522 3079 562 3144 de
579 3078 741 3144 Suffordia
755 3078 876 3143 iniuste
888 3087 947 3145 etc
960 3078 1206 3145 disseisiuemnt
1215 3080 1424 3146 Willelmum

306 3184 481 3250 Scissorem
504 3184 544 3247 de
567 3182 668 3247 libero
688 3190 878 3248 tenemento
900 3205 959 3248 suo
977 3182 1013 3247 in
1034 3184 1181 3248 Lodenes
1195 3193 1270 3270 post
1283 3185 1344 3250 ult’
1356 3194 1424 3252 etr.

309 3288 352 3353 Et
366 3286 550 3353 Willelmus
572 3286 665 3352 uenit
688 3294 722 3352 et
744 3287 892 3352 concedit
913 3286 1055 3365 emisam,
1074 3296 1110 3353 et
1130 3288 1334 3375 Reginnldus
1354 3312 1426 3355 non

308 3392 402 3457 uenit
423 3400 457 3457 et
471 3390 614 3456 nescitur
628 3391 701 3477 quis
716 3391 785 3477 ipse
800 3399 851 3456 est
866 3400 926 3457 etc.
1065 3389 1068 3393 ⁴
1116 3389 1118 3392 ’

374 3496 542 3562 Juretores
564 3494 677 3560 dicunt
699 3492 785 3582 quod
807 3504 902 3581 peter
925 3495 1064 3581 predicti
1086 3495 1244 3561 Willelmi
1268 3495 1427 3563 seimonis

310 3601 374 3665 fuit
390 3600 530 3665 uillenus
545 3600 664 3686 Rogeri
678 3600 780 3686 putris
800 3600 938 3686 predicti
952 3596 1111 3665 Willelmi
1132 3601 1174 3664 de
1196 3599 1373 3677 Suffordin,
1389 3610 1426 3666 et

311 3703 418 3767 tenuit
434 3702 474 3767 de
490 3725 527 3767 eo
542 3702 576 3766 in
592 3702 767 3790 uilleusgio
781 3711 853 3768 tote
866 3702 939 3768 uita
952 3724 1020 3779 suo,
1035 3711 1069 3768 et
1085 3711 1159 3789 post
1172 3710 1311 3767 mortem
1326 3725 1426 3769 sum

310 3808 405 3873 uenit
426 3806 513 3871 idem
535 3807 681 3894 Rogems
701 3816 735 3872 et
750 3807 842 3872 dedit
856 3806 921 3891 [W.
936 3806 1101 3892 Scissori²]
1118 3806 1145 3893 j.
1159 3807 1366 3893 mesuagium
1390 3817 1428 3873 et

306 3914 332 4001 j.
354 3936 460 3979 eorem
484 3921 518 3977 et
535 3912 559 3998 j.
582 3914 694 3977 rodem
716 3921 801 3978 terre
823 3911 999 3978 tenendam
1021 3911 1122 3977 libere
1143 3932 1202 3997 pro
1222 3932 1291 3976 nne
1311 3932 1429 3978 mm

311 4042 409 4107 quem
435 4018 618 4083 Willelmus
641 4018 762 4084 Scissor
791 4018 822 4083 ei
851 4017 950 4095 dedit,
976 4016 1026 4081 its
1053 4015 1140 4102 quod
1166 4015 1282 4081 debuit
1307 4024 1429 4087 tenere

310 4132 431 4189 terrem
460 4123 549 4189 illem
578 4145 636 4210 pro
664 4122 730 4208 viij.
760 4123 831 4187 den
861 4144 920 4208 per
948 4142 1070 4185 annum
1100 4127 1136 4186 et
1169 4142 1228 4206 pro
1263 4119 1428 4185 forinseco

310 4226 455 4304 seruici0,
470 4226 566 4293 etita
580 4226 689 4293 tenuit
704 4227 791 4291 idem
806 4225 990 4318 Willelmus
1005 4223 1128 4289 Scissor
1142 4230 1261 4289 terram
1276 4222 1372 4289 illum
1389 4239 1427 4291 et

343 4386 465 4503 ¹Vgotrds
485 4386 514 4439 in
535 4386 652 4439 bmokets
669 4386 785 4439 inserted
805 4386 841 4450 by
922 4384 1150 4448 ¹Bynnnotstor.

312 4466 383 4503 enno
424 4466 463 4503 or.
