3167 5075
361 363 425 430 554
658 373 801 438 mter,
823 372 889 426 tn.
914 361 1008 436 1226,
1029 374 1094 424 n.
1118 362 1168 427 lu

358 550 417 637 qui
438 571 499 616 uso
519 547 665 616 Priorem
686 555 747 614 eto
762 548 875 634 ulique
894 547 1056 613 affinitate
1077 556 1150 626 ete,
1163 556 1199 614 et
1213 547 1329 614 ueniat
1341 547 1451 614 telidis

358 653 402 717 ud
426 652 719 739 recognoscendum
746 651 773 716 si
800 651 887 716 idem
917 651 1079 716 Radulfus
1108 659 1144 716 et
1171 659 1388 718 autemnon
1411 651 1453 716 sui

358 756 506 822 lecerunt
526 755 672 842 predicto
695 754 799 820 Priori
819 753 983 840 predictos
1004 753 1256 820 eonsuetudines
1275 754 1363 820 siout
1380 754 1453 819 idem

358 859 449 926 Prior
471 859 584 948 exigit,
598 860 653 926 uel
675 858 703 924 si
725 858 809 924 illud
830 867 1011 924 tenuerunt
1026 880 1088 945 per
1099 881 1152 924 xx.
1166 859 1222 925 sol
1238 866 1371 924 tuntum
1382 859 1454 924 siout

357 964 446 1030 idem
461 963 640 1030 Robertus²
655 963 736 1029 dicit
751 971 811 1028 ete
830 961 837 1048 Ι

423 1067 478 1134 ²0.
497 1066 646 1154 Elyensis
664 1064 862 1152 Episcopus'
881 1062 1030 1150 queritur
1049 1063 1137 1151 quod
1157 1087 1234 1130 oum
1255 1065 1390 1131 eeclesia
1406 1087 1455 1130 sua

262 1197 275 1226 ο
294 1214 301 1227 ·
357 1169 506 1257 Elyeusis
535 1170 656 1236 multos
685 1167 807 1234 habeat
835 1167 1005 1233 libertates
1034 1190 1075 1232 ex
1110 1167 1196 1233 douo
1231 1177 1456 1234 suteofflomu

357 1274 451 1342 Dom.
482 1273 584 1360 Regis
611 1295 671 1359 per
699 1281 805 1338 curtes
836 1293 920 1350 suos,
947 1271 1061 1338 Abbas
1090 1273 1131 1338 ds
1159 1273 1332 1339 Romeseis
1361 1281 1458 1339 ooulrs

357 1379 526 1443 libertates
540 1377 613 1441 illes
633 1384 668 1441 et
688 1383 801 1440 contra
819 1397 969 1440 eoronam
988 1383 1025 1440 et
1043 1375 1241 1461 dignitatem
1262 1376 1357 1442 Dom
1371 1376 1459 1462 Regis

214 1541 216 1544 .
357 1503 472 1568 capere
486 1479 565 1546 fecit
579 1479 754 1566 quemdam
768 1479 935 1544 bominem
949 1478 1053 1574 ipsius
1067 1479 1221 1566 Episoopi
1231 1481 1411 1546 walterum
1422 1479 1458 1544 de

357 1585 468 1669 Burgo
482 1583 613 1648 nomine
625 1581 682 1668 qui
697 1581 884 1667 appellatus
899 1580 964 1645 fuit
978 1580 1019 1646 de
1027 1589 1132 1646 morte
1143 1582 1313 1648 cuiusdam
1322 1582 1458 1656 hominis

358 1695 392 1752 et
406 1687 514 1772 ipsum
530 1694 662 1772 ceptum
678 1685 743 1750 ium
758 1707 786 1750 v.
803 1685 899 1750 aunis
918 1685 1036 1771 elapsis
1054 1685 1215 1751 abdueere
1235 1685 1314 1752 feeit
1333 1709 1357 1751 e
1374 1686 1459 1752 eomi-

358 1797 431 1855 tatu
448 1787 616 1854 Norfolkie
637 1809 740 1873 usque
760 1787 975 1864 Remeseiam,
989 1796 1024 1852 et
1042 1787 1091 1853 ibi
1109 1787 1220 1874 ipsum
1237 1788 1459 1854 iuosroeretum

358 1893 467 1958 tenuit
495 1915 554 1979 per
581 1893 636 1978 xij.
665 1892 871 1978 septimanas,
900 1901 936 1957 et
964 1900 1077 1979 postea
1104 1893 1176 1959 sine
1204 1902 1351 1958 umato
1377 1894 1460 1959 Doni

358 1996 458 2083 Regis
483 1996 623 2062 eundem
645 1996 828 2062 Wolterum
849 1997 975 2062 dimisit
995 1998 1085 2064 abire
1107 1998 1156 2064 ite
1176 1999 1264 2084 quod
1284 2000 1387 2065 libere
1405 1999 1461 2064 iuit

358 2122 422 2187 quo
445 2098 559 2175 uoluit,
583 2121 749 2186 quousque
771 2099 901 2166 audiuit
926 2100 967 2166 de
992 2101 1139 2166 aduentu
1161 2101 1462 2168 iusticiariorumin

358 2212 468 2290 portes
496 2203 539 2270 ud
567 2204 683 2270 assises
713 2227 799 2270 noue
827 2204 996 2272 disseisine
1025 2205 1200 2290 sopiendas
1228 2216 1263 2272 et
1290 2207 1335 2273 ed
1362 2207 1462 2294 guolss

359 2306 593 2386 deliberandas,
622 2315 674 2372 set
702 2315 783 2372 tuno
812 2315 976 2372 uenerunt
1002 2307 1120 2372 bolliui
1146 2308 1230 2375 dicti
1257 2306 1408 2389 Abbotis,
1433 2319 1464 2375 et
1539 2322 1540 2403 l

358 2410 492 2486 iterum'
509 2417 666 2497 oeperunt
695 2410 804 2496 ipsum
833 2410 1016 2476 Walterum
1045 2419 1081 2477 et
1109 2411 1409 2498 imprisousuenmt
1433 2421 1463 2478 et
1539 2466 1540 2493 3

359 2513 394 2579 in
423 2513 553 2599 prisone
581 2512 796 2579 detinuerunt
825 2535 885 2601 per
917 2513 960 2601 xj.
990 2513 1199 2601 septimanus,
1226 2515 1356 2583 desiout
1383 2517 1463 2583 idem
1539 2532 1540 2600 ζ

359 2616 472 2683 Abbes
493 2617 535 2682 de
557 2617 628 2683 iure
651 2617 775 2683 nullom
799 2617 928 2704 geolsm
953 2617 1073 2685 hebere
1098 2620 1205 2699 debet,
1230 2644 1291 2687 neo
1313 2622 1418 2689 eciem
1440 2621 1465 2686 si
1539 2617 1540 2622 ’

360 2721 480 2787 habere
506 2720 648 2800 deberet,
673 2744 739 2787 non
765 2730 875 2808 posset
899 2722 1046 2809 aliquem
1076 2732 1169 2789 extre
1197 2726 1407 2792 comitetum‘
1425 2726 1464 2791 ad
1539 2735 1540 2788 J

359 2823 646 2909 imprisonaudum,
667 2824 837 2910 presertim
861 2824 1043 2891 cumidem
1064 2825 1243 2913 Episoopus
1266 2828 1307 2894 de
1332 2828 1464 2895 homiui·

360 2926 421 2992 bus
436 2927 502 2992 suis
517 2928 639 2993 curiam
654 2950 746 2994 suam
762 2928 881 2993 habere
896 2930 1014 2995 debeat
1029 2939 1064 2995 et
1084 2931 1302 2997 omnimodam
1315 2932 1464 2999 emendo·

360 3031 486 3097 cionem
506 3032 548 3099 de
571 3034 721 3099 omnibus
742 3034 872 3099 delictis
892 3058 951 3122 per
972 3035 1142 3103 libertates
1163 3037 1295 3103 eeclesie
1315 3060 1377 3104 sue
1397 3060 1466 3103 oon·
1539 3029 1540 3034 ἵ

360 3160 472 3216 cessus,
487 3137 573 3204 unde
588 3136 669 3202 dicit
689 3137 775 3223 quod
796 3138 888 3204 Doni
905 3139 978 3203 Rex
997 3139 1099 3205 nollet
1118 3140 1151 3205 ei
1170 3148 1297 3205 tantm
1316 3140 1464 3207 iniurium

360 3242 487 3309 inferri*
500 3264 559 3329 pro
580 3249 713 3308 eentum
733 3242 832 3321 libris,
847 3251 883 3309 et
903 3252 1053 3329 preterea
1072 3246 1187 3311 bulliui
1208 3246 1309 3333 ipsius
1329 3247 1466 3314 Abbetis

361 3356 517 3433 oeperunt
547 3346 720 3433 quemdem
750 3346 915 3411 homiuem
944 3345 1066 3433 ipsius⁸
1098 3348 1252 3436 Episoopi
1285 3350 1466 3417 Johauuem

362 3450 492 3515 nomine
506 3450 708 3536 appellatum
723 3449 764 3515 de
784 3450 885 3515 foreis
902 3451 1017 3517 mortis
1035 3451 1204 3519 cuiusdam
1224 3454 1374 3531 hominis,
1387 3463 1424 3520 et
1435 3455 1467 3519 iu

361 3555 492 3642 prisone
512 3555 735 3633 detinuerunt,
755 3554 806 3620 itu
830 3555 918 3641 quod
939 3555 1082 3623 bulliuus
1102 3557 1206 3643 ipsius
1227 3558 1380 3645 Episcopi
1399 3580 1467 3645 pro
1539 3593 1540 3630 r

361 3659 457 3725 duxit
472 3659 520 3724 eis
532 3660 637 3745 primo
651 3659 731 3725 duos
750 3660 877 3747 plegios
895 3668 932 3725 et
950 3670 1066 3747 postes
1083 3671 1225 3749 quatuor
1242 3673 1277 3730 et
1295 3665 1343 3729 its
1366 3686 1467 3751 usquo

361 3763 403 3828 ad
417 3762 481 3849 xij„
496 3771 530 3827 et
544 3786 611 3828 nou
624 3772 802 3849 potueruut
817 3764 911 3829 illum
927 3764 1045 3831 habere
1059 3787 1118 3852 per
1136 3766 1281 3854 plegium
1300 3789 1465 3853 quousque
1539 3791 1540 3796 ¹

361 3865 460 3930 finem
475 3866 617 3929 facerent
631 3887 690 3951 per
712 3886 811 3929 unam
831 3888 973 3932 meroem
992 3868 1034 3932 ed
1054 3891 1137 3955 opus
1155 3869 1257 3955 ipsius
1275 3868 1417 3934 Abbst'n
1435 3878 1468 3933 et
1539 3871 1540 3952 j

360 3991 419 4056 per
432 3969 513 4035 duos
527 3968 643 4035 solidos
663 3968 705 4037 ed
725 3992 806 4057 opus
825 3971 994 4037 cuiusdam
1014 3973 1187 4039 seruientis
1206 3974 1343 4041 Abbatis
1358 3981 1397 4039 et
1410 3995 1467 4061 per
1539 4011 1540 4016 κ

362 4074 418 4161 iiij.
449 4074 521 4139 den.
551 4072 594 4138 od
622 4094 704 4161 opus
732 4074 869 4141 ulterius
902 4075 1084 4154 seruientis,
1112 4077 1239 4146 desiout
1266 4076 1383 4143 debuit
1411 4100 1467 4164 per
1539 4161 1540 4176 χ

394 4255 405 4351 ξ
421 4252 492 4367 gon.
507 4252 642 4317 liudulfus.
653 4252 684 4304 Β.
972 4256 983 4288 ⁴
1000 4256 1207 4337 Supplprluogn,
1219 4258 1249 4309 B.
1335 4325 1342 4335 υ

446 4334 499 4369 .m.
514 4318 577 4369 ltu
972 4323 983 4355 ⁸
999 4324 1077 4373 nollet
1086 4338 1211 4373 aaronem
1220 4340 1243 4373 er
1255 4325 1350 4387 susm,
1366 4322 1402 4373 B.

394 4382 688 4446 ³GeoflreydeBurgh.
972 4385 1080 4451 ’ἐμίν
1090 4388 1221 4450 repeated.
