3167 5075
322 424 559 487 concussos,
581 426 644 475 nn.
671 410 829 488 1236-7‚
851 428 915 478 aa
938 414 987 476 21.
1146 414 1207 477 211
1298 410 1306 421 '

122 604 151 659 61
167 594 230 681 ipse
248 604 472 661 tenementum
492 594 575 661 illud
595 597 802 684 recuperauit
822 620 936 664 uersus
954 602 1031 663 edm
1051 619 1111 683 per
1123 598 1209 665 iudi·⁸

120 698 194 763 cium
209 700 379 765 comitatus
392 722 451 787 per
464 682 620 766 defaltam
635 700 736 768 suam.

175 800 216 867 Et
243 802 406 869 Walterus
434 804 528 870 uenit
557 814 592 870 et
621 806 701 872 dicit
730 808 818 893 quod
845 808 915 893 ipse
944 829 1111 893 nunquam
1144 807 1208 872 fuit

117 904 323 991 implacitatus
336 907 377 973 de
392 916 582 975 tenemento
599 910 655 975 illo
675 910 710 975 in
731 910 899 988 comitatu,
913 934 974 976 nec
992 911 1209 976 summonitus

119 1007 180 1086 fuit,
197 1020 245 1075 161
262 1034 378 1078 reuera
396 1012 576 1078 tradiderat
594 1021 715 1079 terram
735 1014 826 1080 illam
846 1014 940 1079 fratri
958 1036 1017 1080 suo
1037 1014 1079 1081 ad
1096 1015 1211 1080 termi»

118 1134 185 1179 num
203 1116 296 1181 unius
316 1117 395 1181 anni
414 1126 449 1182 61
468 1118 552 1183 bene
572 1124 681 1205 potest
701 1140 769 1184 essa
785 1119 872 1204 quod
886 1119 956 1205 ipse
970 1118 1048 1184 inde
1062 1119 1206 1205 implaci-

118 1224 194 1283 tatus
211 1220 273 1285 fnit
293 1231 329 1286 et
348 1222 459 1287 amisit
478 1244 538 1308 per
558 1222 724 1288 iudicium.
770 1223 815 1288 Et
836 1222 914 1308 quia
935 1222 1100 1309 cognoscit
1120 1222 1209 1309 quod

115 1319 157 1385 ita
182 1323 357 1389 tradiderat
382 1324 472 1390 illam
502 1326 546 1390 ad
574 1326 700 1393 firmam
730 1326 823 1391 fratri
852 1348 912 1391 suo
940 1335 976 1391 et
1004 1348 1069 1391 non
1097 1334 1208 1412 potest

115 1422 245 1491 dedicere
261 1426 341 1513 quin
355 1426 456 1493 frater
469 1450 548 1494 suus
562 1428 653 1494 illam
668 1429 837 1494 amitteret
852 1450 911 1515 per
925 1429 1080 1495 defaltam
1095 1436 1130 1494 ct
1147 1447 1208 1516 per

114 1524 254 1593 iudicium
265 1529 450 1608 comitatus,
461 1552 527 1595 non
542 1530 628 1596 iacet
641 1531 742 1596 assisa
756 1530 828 1609 ista,
841 1531 920 1616 quia
928 1531 998 1596 sine
1009 1530 1129 1597 iudicio
1139 1553 1205 1596 non

115 1628 169 1694 11111
185 1630 373 1711 disseisitus,
387 1642 422 1699 et
440 1634 515 1699 ideo
536 1634 724 1722 Stephanus
742 1636 820 1701 inde
839 1637 910 1701 sine
923 1636 976 1702 die
991 1644 1027 1702 61
1039 1637 1205 1701 Waltcrus

114 1731 143 1794 in
167 1734 382 1800 misericordia
409 1744 444 1800 et
473 1736 641 1823 perquirat
669 1737 732 1802 sibi
761 1758 821 1823 per
848 1737 949 1802 breue
978 1738 1020 1803 dc
1051 1746 1140 1802 recto
1176 1736 1205 1801 ai

114 1834 261 1902 uoluerit².

49 1940 85 2005 16.
167 1940 287 2006 Amisa¹
306 1941 401 2006 uenit
421 1942 627 2029 recognitum
645 1942 674 2007 si
693 1942 857 2008 Robertus
876 1942 917 2008 de
937 1942 1068 2007 Fislahc
1082 1942 1203 2007 iniuste

112 2049 164 2109 eta
176 2044 299 2111 leuauit
313 2046 476 2133 quoddam
492 2047 649 2111 fossatum
668 2046 705 2111 in
718 2045 891 2111 Wudehus
909 2045 952 2111 ad
971 2054 1203 2111 nocumentum

112 2144 193 2213 liberi
206 2150 388 2215 tenementi
402 2150 475 2217 Ada
490 2150 531 2215 dc
546 2150 753 2215 Bladaurthe
767 2150 803 2214 in
817 2149 932 2216 eadem
946 2150 1027 2215 uilla
1045 2157 1119 2235 post
1134 2157 1205 2224 etc,

112 2258 141 2315 et
157 2252 237 2319 unda
258 2254 426 2341 predictus
447 2254 554 2320 Adam
577 2254 725 2341 queritur
747 2253 835 2341 qnod
854 2252 1021 2339 pradictus
1042 2251 1204 2317 Robertus

111 2352 218 2422 includi
232 2358 311 2424 iecit
326 2358 490 2446 quoddam
505 2367 637 2445 pratum
651 2356 739 2445 quod
752 2358 839 2423 iacet
852 2378 953 2443 prope
971 2366 1092 2421 terram
1110 2376 1210 2421 suam·

110 2466 138 2521 et
149 2459 181 2525 in
194 2483 255 2548 quc
270 2484 479 2528 communam
493 2461 641 2550 herbagii
655 2460 775 2526 habere
790 2460 890 2525 debet
904 2467 979 2548 post
999 2459 1075 2524 sena
1093 2458 1206 2525 leuata

110 2571 139 2625 61
154 2565 233 2650 quod
252 2565 359 2632 iacere
380 2566 479 2631 debet
498 2566 541 2631 ad
560 2572 729 2652 pasturam
748 2563 896 2650 quolibet
914 2563 1014 2628 tercio
1028 2585 1114 2628 anno
1128 2584 1202 2627 cum

109 2677 230 2734 waratto
258 2680 296 2736 et
321 2670 410 2736 unde
439 2669 520 2736 dicit
549 2669 637 2756 quod
664 2667 748 2734 illud
774 2669 932 2734 fossatum
958 2666 1077 2734 estad
1105 2689 1203 2732 nocu-

108 2781 239 2838 mentum
253 2797 354 2840 suum
370 2783 405 2840 ct
423 2773 501 2840 inde
515 2774 608 2859 ponit
623 2795 658 2838 se
672 2795 771 2858 super
785 2773 935 2839 iuratam
980 2772 1025 2837 Et
1040 2771 1203 2837 Robertus

108 2870 249 2942 similiter.

161 2979 182 3044 J
183 2989 325 3048 uratorcs
339 2980 456 3047 dicunt
466 2979 553 3067 quod
564 2979 730 3067 predictus
739 2979 847 3044 Adam
858 3000 987 3064 semper
996 2998 1202 3043 communam

108 3077 211 3149 babere
231 3086 316 3151 solet
337 3085 374 3150 in
396 3093 489 3171 prato
510 3085 569 3150 illo
589 3092 623 3149 at
644 3084 680 3148 in
701 3092 789 3148 terra
814 3082 916 3168 ipsius
940 3081 1078 3146 Roberti
1102 3102 1201 3166 prope

108 3192 222 3266 pratum
236 3187 320 3254 illud
334 3194 409 3274 post
423 3187 522 3252 blada
535 3195 570 3252 et
584 3187 660 3252 fena
673 3193 840 3272 asportata
852 3192 888 3250 at
902 3184 1031 3271 quando
1045 3191 1133 3249 terra
1145 3184 1209 3249 illa·

109 3283 212 3353 iaceret
224 3299 402 3356 warcctnm
424 3297 503 3354 tunc
522 3289 558 3354 in
578 3287 740 3374 utroque³,
757 3297 791 3352 et
810 3287 881 3374 ipsa
899 3287 1062 3352 Robertus
1078 3286 1202 3352 includi

109 3389 174 3456 fecit
192 3403 324 3480 pratum
343 3393 349 3481 Ι
369 3394 452 3460 illud
472 3394 522 3460 ita
542 3393 630 3480 quod
650 3393 720 3480 ipse
742 3393 849 3458 Adam
871 3393 1000 3457 nullum
1020 3391 1201 3480 ingressum
1250 3465 1253 3472 ¹

109 3490 212 3562 habero
226 3507 337 3586 potcst
352 3499 395 3564 ad
408 3507 576 3585 pasturam
590 3497 688 3563 illam
734 3497 779 3562 Et
799 3497 873 3562 idco
892 3495 1130 3562 consideratum
1150 3504 1202 3562 est

109 3599 181 3680 quod
200 3601 358 3668 fossatum
380 3609 611 3688 prosternatur,
633 3609 668 3666 et
690 3601 748 3666 fiat
769 3599 856 3666 616111
877 3622 947 3665 csse
968 3599 1075 3676 debet,
1097 3607 1132 3664 et
1153 3599 1203 3664 ita

110 3701 183 3783 quod
194 3706 361 3791 predictus
375 3705 484 3772 Adam
498 3705 637 3771 liberum
652 3705 772 3771 habeat
786 3706 968 3792 ingressum
983 3711 1018 3769 et
1037 3726 1201 3790 egressum

108 3812 138 3867 et
150 3805 306 3876 Robertus
321 3811 357 3876 in
371 3809 590 3876 misericordia
603 3817 665 3876 cto.

54 3909 80 3982 t.
161 3911 267 3980 Assisa
285 3915 382 3981 uenit
402 3914 609 4001 recognitum
629 3913 658 3978 si
679 3912 843 3978 Robertus
864 3911 906 3976 de
927 3909 1061 3976 Deuilla
1080 3909 1202 3976 iniuste

108 4018 137 4074 et
148 4013 211 4080 aine
223 4017 347 4084 iudicio
360 4017 538 4084 dissaisiuit
553 4017 758 4104 Stephanum
773 4015 814 4080 de
829 4014 954 4080 Mednil
971 4013 1013 4079 de
1031 4035 1203 4080 communa

133 4180 269 4244 ¹Bracton‚
298 4187 318 4236 1.
346 4188 403 4245 172,
425 4186 538 4238 ronches
565 4186 619 4236 thia
672 4185 736 4236 with
747 4183 802 4236 and
813 4185 927 4236 Owstcn.
946 4183 1203 4236 Woodhousestharc

108 4256 156 4318 pasc
174 4252 201 4298 to
221 4249 350 4302 illustrata
371 4251 415 4303 the
440 4253 498 4315 plca
524 4252 554 4303 61
578 4267 619 4302 ras
673 4265 816 4314 aromany.

108 4309 214 4365 ludicata.
705 4315 716 4347 ⁸
733 4315 802 4366 Both
813 4315 842 4364 in
857 4313 902 4365 tha
916 4313 1030 4365 maadow
1046 4313 1100 4364 and
1113 4312 1143 4362 in
1157 4313 1203 4362 tha

134 4375 194 4428 ’An
214 4381 299 4432 assisa
321 4382 351 4432 oi
371 4381 504 4433 1161661166.
537 4382 582 4432 Β1.
603 4382 622 4431 s.
674 4379 1031 4446 arablc(terrc)whcnlyinss
1042 4379 1137 4430 1611611.

109 4438 156 4489 233·
186 4443 305 4498 Pisblakc
327 4447 351 4497 is
371 4462 433 4498 naar
451 4448 514 4497 Rirlr
533 4447 623 4498 Bram-

1008 4544 1114 4606 14-2
