3167 5075
423 403 564 466 rrum,
585 403 651 454 mu.
675 391 768 466 1223,
790 403 854 453 es.
877 387 905 456 7.
1149 383 1211 454 471

127 596 191 638 cum
210 573 243 638 ui
262 597 329 652 suc,
344 584 386 640 et*
400 576 575 641 assultsuit
596 577 705 662 ipsum
727 576 907 644 Henricum
929 575 1037 641 uirum
1059 597 1164 652 suum,
1179 583 1214 639 et

128 677 261 762 nequiter
272 687 307 743 et
321 679 357 744 in
368 679 487 744 felonis
497 687 532 744 et
543 679 578 744 in
589 681 714 744 assultu
726 679 942 767 premeditato
953 701 1027 744 eum
1039 677 1214 764 prostrauit

126 782 162 846 ad
182 791 303 860 terram,
326 793 362 848 et
386 785 545 870 percussit
571 807 646 852 eum
672 785 812 871 quodem
838 785 912 870 palo
937 785 972 849 in
996 784 1102 871 eapite
1129 783 1215 849 unde

126 887 204 965 obiit,
217 896 249 952 et
263 888 349 974 quod
364 889 425 952 hoc
438 889 516 954 fecit
530 889 681 974 nequiter
695 897 729 954 et
744 888 779 952 in
802 888 921 953 felonia
941 897 974 953 et
996 888 1032 952 iu
1053 910 1132 974 pace
1155 896 1214 952 etc.

126 982 207 1054 offert
219 993 352 1077 probare
367 993 451 1058 sicut
466 993 557 1057 curie
573 991 834 1070 considerauerit,
847 993 933 1056 sicut
953 992 1011 1056 illo
1032 1013 1095 1078 quc
1117 991 1216 1056 inter·

125 1095 180 1159 fuit
193 1105 225 1161 et
238 1096 298 1161 hoc
312 1098 398 1162 uidit
413 1097 462 1162 ita
475 1097 562 1183 quod
577 1120 653 1162 eum
668 1096 778 1161 tenuit
792 1097 880 1160 iuter
893 1095 1026 1161 brechia
1039 1118 1099 1160 sua
1113 1102 1173 1160 etc.

180 1198 221 1262 Et
243 1198 377 1264 Colinus
399 1199 493 1264 uenit
515 1208 550 1264 et
571 1199 719 1264 defendit
740 1221 853 1284 pacem
876 1199 969 1264 Dom
986 1199 1087 1285 Regis
1107 1207 1166 1262 etc.
1183 1205 1217 1262 et

124 1307 219 1366 totum
233 1303 274 1368 de
289 1303 390 1368 uerbo
404 1313 475 1380 etc,
490 1313 525 1369 et
538 1303 631 1390 ponit
646 1327 681 1368 se
695 1326 794 1389 super
814 1303 954 1390 petriam
970 1326 1062 1368 suem
1078 1302 1218 1368 debono

123 1417 152 1469 et
173 1406 210 1471 de
232 1408 318 1472 mulo
341 1407 428 1496 quod
447 1430 522 1472 eum
541 1431 607 1472 non
627 1407 754 1484 occidit,
768 1431 829 1472 nec
848 1407 998 1473 interfuit
1020 1407 1077 1471 ubi
1097 1406 1218 1470 occisus

121 1509 185 1587 fuit,
198 1533 257 1576 nec
271 1511 308 1576 in
321 1511 454 1576 consilio
468 1512 523 1577 uel
536 1511 668 1591 auxilio,
684 1521 719 1576 et
739 1512 826 1597 quod
847 1535 911 1576 uon
933 1512 996 1576 fuit
1019 1511 1140 1576 occisus
1161 1533 1220 1596 per

122 1637 196 1679 eum

178 1718 219 1782 Et
233 1720 348 1784 eadem
363 1720 509 1806 appellat
524 1718 621 1784 tclcs¹
637 1728 696 1784 etc
712 1718 754 1784 de
768 1718 812 1796 ui,
824 1718 910 1804 quod
925 1719 1057 1784 fuerunt
1072 1718 1106 1782 in
1122 1716 1221 1783 forciu

121 1820 171 1885 ubi
184 1821 235 1886 uir
248 1845 328 1887 suus
343 1823 465 1888 occisus
478 1822 551 1900 fuit,
566 1829 601 1888 et
615 1823 677 1887 hoc
692 1830 752 1888 etc

176 1925 219 1990 Et
240 1948 353 1991 omnes
374 1926 531 2012 appellati
553 1926 693 1991 ueniunt
716 1933 750 1990 et
776 1924 957 1990 defendunt
983 1947 1096 2010 pucem
1125 1924 1218 1988 Dom

119 2028 210 2114 Regis
232 2039 266 2095 et
287 2039 396 2095 totum
420 2040 481 2095 etc
502 2038 537 2095 et
558 2039 686 2116 ponunt
708 2051 743 2095 se
767 2051 865 2115 super
882 2029 1022 2116 petrium
1046 2028 1132 2114 quod
1155 2050 1221 2092 non

118 2143 188 2198 suut
215 2134 295 2199 inde
323 2134 508 2220 culpabiles
562 2135 606 2199 Et
634 2135 708 2199 ideo
737 2135 929 2199 mundatum
959 2143 1021 2199 est·
1037 2133 1222 2198 uicecomiti

119 2236 302 2303 Hertfordie
316 2239 394 2324 quic
408 2238 530 2304 occisus
544 2239 608 2302 fuit
623 2239 658 2302 in
675 2239 835 2303 comitatu
850 2238 906 2302 illo
921 2238 1015 2302 iuxta
1029 2237 1222 2302 comitatum

119 2341 341 2428 Buckingham
363 2343 450 2429 quod
470 2342 582 2407 uenire
602 2343 703 2408 faciat
722 2342 777 2429 xij.
794 2351 853 2407 etc.
870 2342 911 2407 de
932 2342 1077 2428 proximo
1092 2340 1222 2405 uisneto

121 2446 192 2511 etc¹
214 2447 272 2533 qui
295 2470 355 2512 nec
378 2447 528 2514 Colinum
550 2470 610 2512 nec
632 2447 767 2512 Luciam
789 2447 899 2532 eliqua
920 2447 1080 2511 affinitate
1105 2454 1164 2510 etc
1187 2451 1223 2509 et

118 2560 263 2634 preterea
277 2553 320 2617 de
335 2561 475 2639 quatuor
488 2553 643 2639 proximis
657 2554 782 2619 uilletis
803 2554 843 2618 de
864 2552 1010 2638 quelibet
1030 2552 1147 2616 uillete
1167 2572 1223 2616 sex

118 2654 233 2742 legales
257 2665 319 2722 etc
340 2665 376 2722 et
398 2657 599 2743 prepositum
622 2658 664 2722 ed
687 2657 931 2723 certificandum
955 2654 1148 2721 iudiciarios
1171 2655 1225 2719 die

119 2760 173 2824 tali
186 2770 248 2826 etc
264 2760 307 2826 de
322 2770 426 2825 morte
440 2761 579 2846 predicti
594 2761 730 2826 Henrici
748 2762 836 2826 unde
856 2760 959 2826 Lucis
978 2782 1054 2825 eum
1074 2758 1224 2845 appellet

118 2862 159 2928 Et
173 2876 324 2950 preterea
337 2875 528 2952 preceptum
539 2865 600 2929 tuli
610 2865 768 2930 seruienti
778 2865 819 2929 de
831 2862 1004 2929 comitatu⁸
1016 2863 1102 2950 quod
1113 2863 1226 2928 eodem

119 2969 209 3033 modo
224 2968 326 3034 faciet
341 2969 453 3034 uenire
467 2970 509 3034 ed
524 2970 612 3034 diem
633 2969 723 3033 illam
744 2969 798 3055 xij.
815 2968 933 3035 liberos
955 2977 1013 3033 etc.
1030 2978 1065 3033 et
1087 2974 1228 3053 quatuor

118 3070 256 3138 uillam.
289 3073 333 3137 Et
343 3096 454 3138 omnes
468 3073 624 3159 appellati
639 3073 679 3138 de
695 3073 730 3137 ui
741 3074 992 3138 committuntur
1002 3073 1037 3137 in
1048 3072 1228 3137 custodiam
1304 3055 1308 3063 ⁴

120 3176 233 3242 talium
257 3186 319 3243 etc
342 3178 484 3243 habendi
503 3200 558 3243 eos
578 3177 621 3242 ed
642 3177 929 3243 summonicionem
952 3178 1044 3241 Dom.
1066 3174 1174 3262 Regis,
1195 3182 1228 3239 et

119 3282 179 3368 ipsi
202 3294 364 3371 ceperunt
387 3285 422 3349 iu
445 3307 579 3349 manum
599 3284 745 3371 respond'
765 3285 806 3349 de
827 3286 976 3351 omnibus
1000 3286 1125 3350 catellis
1149 3284 1229 3349 dicti

120 3388 232 3468 Golini,
247 3398 285 3455 et
300 3390 436 3455 Colinus
451 3389 677 3454 committatur
689 3388 798 3477 gaole⁴
813 3398 873 3454 etc.

79 3540 84 3554 ·
177 3494 402 3581 ‘Engelcrdus
420 3496 462 3559 de
482 3494 633 3559 Prutellis
656 3503 690 3559 et
715 3494 831 3560 Sibilla
854 3491 950 3558 uxor⁸
971 3500 1091 3579 petunt
1117 3514 1230 3557 uersus
1298 3514 1359 3546 euos

117 3598 337 3686 Regiualdum
358 3600 399 3665 de
415 3597 571 3664 Vautort'
586 3606 621 3663 et
640 3599 663 3664 J
665 3598 826 3663 ohannem
848 3620 979 3661 uxorem
1000 3596 1070 3661 eius
1093 3594 1229 3660 terciam

117 3713 244 3787 partem
266 3704 366 3769 unius
385 3727 488 3770 ccruc.
503 3713 588 3769 terre
612 3726 687 3768 cum
708 3710 787 3789 pert.
804 3702 839 3767 in
862 3700 1039 3767 Oulintonc
1061 3709 1100 3764 ut
1120 3699 1231 3764 dotem

117 3805 265 3873 eiusdem
291 3806 415 3885 Sibille,
436 3816 470 3872 et
493 3829 607 3871 uersus
629 3805 727 3871 teles⁸
742 3814 801 3872 etc.
827 3812 959 3870 tautum
979 3812 1039 3869 etc.
1062 3811 1100 3867 ut
1120 3802 1231 3870 dotem

119 3919 176 3975 etc

147 4032 224 4083 ¹Six
249 4046 353 4094 names,
377 4032 409 4081 B.
443 4030 518 4097 They
538 4046 583 4082 cre
609 4046 652 4095 cp
703 4030 879 4093 cndhsuged.

118 4098 428 4161 paleduaceoesories.
736 4097 793 4146 υΒ.
806 4112 841 4145 m.
855 4095 919 4147 lod.

148 4163 456 4222 'uimtcdctuStoke‚
469 4162 501 4212 B.
736 4160 864 4223 ‘supply
875 4163 937 4219 eius,
949 4160 980 4210 B.

148 4228 308 4279 'willelmo
340 4230 432 4278 Rmcel
465 4229 589 4278 sevienti
623 4228 654 4277 dc
737 4225 796 4275 ⁷dc
810 4227 881 4277 Valle
895 4228 978 4284 Torta,
990 4225 1021 4275 B.

121 4296 187 4342 Com.
200 4294 332 4355 Buckr'nc.
362 4293 394 4342 B.
601 4310 605 4315 ·
737 4290 836 4339 ⁸Alioe
870 4291 959 4349 Melet,
995 4290 1095 4341 Gilbert
1130 4290 1234 4347 Bsseet,

151 4359 211 4409 *ἀι
233 4360 315 4416 Flete,
337 4358 368 4407 B.
402 4357 429 4408 It
450 4372 560 4421 appears
586 4357 654 4407 from
706 4354 823 4406 Thomas
834 4355 945 4419 Msroey.
976 4356 1007 4408 B.

119 4424 149 4472 B.
161 4438 198 4473 m.
211 4425 256 4482 19,
267 4422 328 4474 that
336 4422 474 4474 (lolium
482 4422 565 4473 found
572 4420 656 4485 guilty
