3167 5075
427 409 565 472 marna,
587 409 651 458 nn.
676 395 770 472 1226,
792 409 855 458 aa.
879 397 928 459 10.
1172 393 1236 462 573

813 511 831 548 ⁶1

135 581 267 669 Rogeri¹
289 581 406 646 habuit
421 582 490 668 ipse
505 581 716 647 medietatem
730 555 829 658 bladf,
844 588 878 645 et
893 578 969 645 inde
984 578 1077 664 ponit
1092 600 1126 644 se
1142 599 1240 664 super

134 686 277 772 patriam.
324 686 368 751 Et
391 686 553 752 Radulfus
578 686 736 762 similiter,
761 694 795 751 et
821 685 907 772 petit
929 684 1086 750 iudicium
1113 682 1239 749 desicut

134 789 294 874 cognoscit
309 789 395 875 quod
409 789 525 855 debuit
540 788 659 854 habere
674 789 894 866 medietatem,
909 796 944 854 et
957 810 1024 853 non
1044 788 1177 852 fuerunt
1192 786 1240 851 ibi

134 891 193 956 nisi
208 892 298 979 xviij.
313 913 385 957 acre
401 915 460 978 per
474 899 591 970 totum,
605 899 641 956 et
655 891 736 956 dicit
751 892 837 978 qnod
851 891 1010 956 medietas
1024 889 1115 956 bladi
1130 889 1238 955 naluit

132 1019 180 1061 nv.
195 1018 292 1062 marc

195 1098 314 1162 Postea
335 1097 488 1186 cognouit
510 1097 672 1162 Robertus
694 1096 781 1183 quod
803 1119 971 1184 nunquam
997 1097 1085 1183 cepit
1114 1097 1237 1162 medie·

133 1209 235 1266 tatem
265 1201 362 1277 bladi,
391 1223 450 1266 nec
480 1201 605 1286 aliquid
634 1201 777 1266 ostendit
806 1201 892 1287 quod
921 1201 1012 1264 illam
1049 1201 1109 1264 tali
1142 1200 1237 1265 modo

132 1303 307 1368 dimisisset
335 1304 377 1368 ad
406 1303 541 1380 firmam,
571 1313 605 1368 et
635 1303 800 1390 cognoscit
836 1303 923 1389 quod
959 1303 1046 1368 idem
1077 1305 1237 1369 Radulfns

131 1407 238 1471 arauit
253 1417 372 1472 terram
387 1407 477 1473 illam
492 1428 551 1493 per
564 1407 746 1493 predictum
762 1406 927 1494 Rogemm
948 1415 983 1472 et
1002 1406 1099 1471 blada
1119 1409 1237 1473 semin·

130 1511 210 1586 auit,
227 1518 262 1576 et
277 1511 440 1598 cognoscit
455 1511 541 1598 quod
555 1511 689 1577 bladum
705 1533 873 1597 nunquam
893 1511 1052 1596 partitum
1074 1512 1137 1577 fuit
1151 1513 1239 1576 inter
1279 1544 1283 1551 ·

131 1637 192 1692 eos,
208 1623 243 1681 et
261 1613 342 1679 dicit
360 1613 446 1700 quod
466 1625 517 1678 est
534 1615 570 1678 in
591 1615 710 1680 saisina
732 1615 772 1679 de
794 1623 883 1678 terra
904 1614 967 1680 illa
1013 1614 1057 1679 Et
1071 1615 1144 1679 ideo
1163 1637 1239 1679 con-

130 1719 309 1784 sideratum
336 1727 385 1784 est
409 1718 496 1804 qnod
521 1719 608 1784 idem
638 1719 801 1784 Robertus
830 1742 904 1784 cum
934 1720 1061 1784 nullum
1087 1719 1237 1784 ostendat

129 1823 289 1910 scriptum
311 1845 371 1887 nec
393 1822 482 1887 aliud
505 1823 591 1908 quod
611 1823 758 1910 predicto
781 1824 876 1888 modo
898 1831 1018 1888 terram
1035 1822 1160 1887 dimisit
1179 1845 1237 1908 pro

129 1927 309 1992 medietate
324 1925 421 2002 bladi,
436 1925 537 1990 nichil
547 1926 690 1992 clamare
710 1935 820 2012 potest
840 1925 880 1990 de
900 1925 996 1991 blado
1019 1926 1083 2002 illo,
1098 1933 1133 1990 et
1151 1926 1237 2012 quod

129 2031 293 2096 Radulfus
308 2021 361 2094 eat
377 2028 452 2094 inde
473 2029 542 2094 sine
561 2030 627 2106 die,
645 2038 680 2095 et
703 2031 866 2096 Robertrn
885 2030 921 2094 in
943 2029 1161 2097 misericordia
1179 2052 1238 2116 pro

127 2129 255 2195 iniusta
268 2130 438 2194 exaccione
454 2138 514 2196 etc.

43 2237 92 2305 f36.
193 2233 348 2298 ’Matillis
364 2256 426 2319 qne
442 2233 506 2298 fuit
519 2257 602 2298 uror
617 2233 765 2299 Gaufridi
779 2234 821 2298 de
840 2233 1001 2322 Nenburg
1019 2235 1105 2320 petit
1123 2257 1238 2300 uersus
1287 2255 1364 2296 noae

125 2336 333 2402 Willelmum
355 2335 396 2400 de
419 2335 650 2400 Gosebirdkirk
671 2335 754 2422 iiiju.
778 2359 868 2402 acras
889 2344 975 2402 terre
996 2360 1070 2402 cum
1092 2346 1182 2424 pert,
1203 2345 1238 2402 et

126 2441 191 2506 dno
214 2439 384 2527 mesuagio
406 2449 464 2506 etc.
488 2463 562 2505 cum
585 2448 665 2526 pert.
692 2440 728 2505 in
751 2441 912 2507 Nuntona
939 2450 980 2507 ut
1006 2441 1115 2507 dotem
1144 2464 1237 2507 suam

124 2548 213 2614 unde
230 2546 424 2611 nominatim
439 2545 553 2611 dotata
566 2546 629 2610 fuit
645 2554 705 2613 etc.
1250 2560 1346 2603 aaron

192 2652 240 2716 Et
255 2650 441 2715 Willelmus
455 2650 549 2714 uenit
569 2658 604 2714 et
624 2650 771 2715 defendit
793 2650 880 2736 qnod
901 2674 966 2716 non
988 2651 1088 2716 debet
1109 2651 1141 2716 ei
1162 2650 1239 2717 inde

124 2755 240 2820 dotem
263 2754 373 2829 fecere,
389 2752 466 2838 quia
487 2752 663 2818 Gaufridus
683 2753 734 2819 uir
753 2776 832 2819 suus
851 2754 988 2819 eandem
1008 2763 1128 2819 terram
1147 2753 1238 2820 dedit
1356 2776 1360 2783 ·

124 2859 272 2924 Radulfo
306 2858 373 2921 filio
408 2879 467 2922 suo
494 2880 554 2943 «pro
584 2858 734 2944 homagio
763 2866 798 2923 et
826 2859 962 2924 seruicio
990 2881 1057 2937 suo,
1087 2866 1122 2924 et
1150 2859 1238 2923 idem

123 2961 291 3028 Radnffns
312 2960 448 3027 eandem
471 2970 590 3026 terram
612 2961 704 3026 dedit
727 2961 833 3027 eidem
849 2962 1014 3027 Willelmo
1035 2984 1094 3049 per
1115 2970 1238 3027 cartam

121 3088 219 3131 suam
245 3088 343 3152 quam
365 3067 486 3151 profert
508 3074 542 3131 ot
565 3089 627 3153 qua
652 3065 774 3130 donum
800 3065 882 3131 illnd
909 3074 1057 3133 testatur.
1112 3067 1238 3131 Profert

122 3172 231 3236 eciam
250 3178 373 3235 cartam
393 3170 538 3236 eiusdem
558 3170 706 3236 Gaufridi
727 3193 790 3256 que
813 3179 954 3235 testatur
975 3171 1061 3257 quod
1083 3170 1238 3235 concessit

122 3275 235 3340 eidem
262 3273 428 3340 Willelmo
454 3284 558 3341 totam
583 3284 703 3340 terram
728 3274 818 3340 illam
844 3298 942 3361 quam
968 3273 1128 3340 Radulfus
1151 3274 1238 3338 filius
1282 3312 1288 3319 ·

122 3403 204 3445 suus
233 3378 265 3443 ei
290 3378 440 3444 uendidit
465 3379 500 3443 in
526 3380 692 3457 Numana,
714 3378 897 3444 habendam
923 3386 958 3443 et
979 3377 1154 3442 tenendam
1176 3385 1236 3443 etc

120 3482 277 3550 faciendo
292 3491 361 3560 eta,
377 3492 411 3547 et
425 3480 512 3548 idem
528 3483 703 3549 Gaufridns
717 3491 751 3547 et
767 3480 901 3548 heredes
916 3481 967 3547 sni
981 3480 1237 3565 warentizabunt

121 3588 234 3655 eidem
266 3586 430 3651 Willelmo
467 3596 501 3651 et
537 3586 710 3652 heredibus
747 3588 814 3652 suis
848 3596 952 3651 totam
987 3595 1106 3651 terram
1137 3586 1236 3650 illam.

121 3693 225 3758 Unde
243 3690 426 3777 dicitquod
444 3690 637 3757 Godefn'dus
656 3692 743 3757 filius
763 3700 801 3757 et
819 3692 911 3756 heres
931 3691 1069 3777 predicti
1090 3689 1238 3756 Ganfn'di

120 3798 225 3865 debet
243 3797 276 3862 ei
290 3788 407 3862 terram
425 3804 496 3875 etc„
510 3805 544 3861 et
559 3797 635 3861 inde
650 3805 746 3862 uocat
761 3819 837 3861 eum
852 3796 893 3860 ad
908 3804 1096 3861 warantum.

190 3902 240 3966 Et
266 3890 459 3966 Godefridus
484 3892 578 3966 uenit
604 3910 639 3966 et
664 3901 828 3989 cognoscit
853 3909 975 3965 cartam
1001 3908 1060 3965 etc
1085 3907 1136 3965 set
1158 3899 1239 3965 dicit

121 4004 213 4092 quod
254 4026 319 4068 non
355 4002 456 4067 habet
491 4004 633 4090 aliquam
670 4012 798 4091 partem
827 4004 1018 4070 hereditatis
1046 4004 1149 4091 patris
1177 4003 1237 4077 sui,

123 4108 204 4193 quia
234 4106 411 4171 Gaufridus
441 4115 535 4194 pater
559 4130 637 4173 suus
662 4116 833 4195 postquam
857 4116 979 4173 cartam
1002 4106 1092 4171 illam
1119 4107 1238 4172 fecerat

121 4208 316 4275 innadiauit
338 4210 504 4276 residuum
528 4210 632 4276 tocius
658 4198 753 4276 terre
768 4234 826 4277 sne
852 4210 992 4298 Rogero
1002 4209 1044 4275 de
1066 4209 1237 4295 Thorpelle

121 4314 219 4379 cuins
244 4313 345 4379 frater
365 4312 429 4380 scii
453 4314 611 4381 Ricardus
632 4314 673 4380 de
696 4314 856 4382 Goleuilla
875 4315 966 4380 illam
987 4321 1090 4393 tenet,
1109 4321 1144 4378 et
1165 4312 1238 4378 ideo

327 4418 336 4450 ¹
354 4418 404 4480 sic,
420 4418 449 4468 B.
839 4418 851 4449 ¹
866 4416 897 4469 B.
910 4432 947 4467 m.
960 4416 1012 4469 dd.
