3167 5075
311 378 357 442 80
625 386 769 449 muner,
791 386 855 437 an.
881 374 974 450 1225,
995 388 1058 437 nu
1081 376 1111 440 9.

310 560 454 628 ‚Peoham
475 569 511 627 et
533 560 613 627 Μετ’
635 559 728 627 uxori
749 560 821 627 eius
842 560 961 647 quibus
983 560 1120 627 eandem
1135 570 1255 627 terram
1269 560 1418 628 warenti-

311 670 578 833 zaiuliAulliiiander
591 765 632 832 de
647 765 809 831 Poiutona
821 766 1021 833 attachintus
1031 766 1097 833 fuit
1107 767 1150 833 ad
1159 765 1416 853 respondendum

313 870 436 937 Thome
458 870 524 936 filio
547 869 688 936 Simonis
709 869 900 935 senescallo'
920 870 1081 936 lobannis
1103 870 1284 935 Marescalli
1297 870 1355 958 qui
1368 878 1418 935 est

313 976 349 1041 in
363 974 498 1040 seruicio
513 974 605 1039 Dom.
622 974 722 1060 Regis
737 974 771 1039 in
786 973 947 1039 Hibernia
961 996 1061 1061 quare
1080 974 1168 1061 cepit
1187 974 1300 1040 aueria
1317 973 1418 1061 ipsius

311 1076 472 1143 «Iohannis
487 1084 522 1143 et
536 1098 576 1141 ea
589 1074 710 1143 iniuste
725 1084 761 1141 et
774 1084 888 1141 contra
901 1075 1036 1141 uadium
1050 1084 1085 1142 et
1099 1076 1246 1164 plegium
1266 1076 1419 1153 detinuit,

313 1181 400 1248 unde
422 1181 511 1247 idem
532 1180 671 1247 Thomas
694 1180 842 1268 queritur
863 1179 951 1266 quod
969 1179 1058 1246 idem
1071 1180 1257 1246 Alexander
1269 1181 1364 1246 uenit
1376 1179 1419 1246 ad

312 1292 433 1351 terram
448 1285 571 1351 domini
585 1285 637 1351 sui
650 1284 692 1351 de
707 1285 866 1371 Grenwey
880 1291 915 1349 et
928 1284 1017 1372 cepit
1030 1284 1112 1349 duos
1125 1306 1226 1371 equos
1241 1284 1284 1351 de
1303 1284 1419 1351 herciis

310 1390 436 1457 domini
457 1389 509 1455 sui
531 1391 565 1455 in
588 1390 680 1455 feodo
702 1389 788 1476 quod
811 1388 920 1454 tenuit
941 1389 983 1454 de
1005 1389 1098 1455 Dom
1121 1390 1213 1476 Rege
1232 1398 1267 1454 et
1281 1388 1420 1455 abduxit

313 1515 416 1579 usque
445 1492 656 1579 Poyntonam,
686 1500 721 1556 et
749 1514 825 1557 cum
854 1490 940 1556 idem
970 1490 1110 1557 Thomas
1138 1492 1199 1557 hoc
1227 1492 1356 1558 audiret
1384 1492 1420 1557 in

312 1596 453 1662 erastino
474 1594 649 1681 assumptis
671 1616 780 1659 secum
799 1595 948 1681 pluribus
967 1594 1152 1661 hominibus
1171 1594 1239 1661 suis
1257 1595 1322 1660 iter
1340 1594 1419 1659 arri·

314 1700 389 1787 puit
408 1722 521 1765 uersus
535 1699 737 1786 Poyntonam
757 1707 797 1764 ut
816 1699 913 1764 sciret
933 1722 999 1786 qua
1018 1698 1147 1765 racione
1167 1699 1279 1766 aneria
1295 1699 1420 1765 domini

314 1803 367 1869 sui
395 1810 533 1889 ceperat,
555 1808 590 1867 et
619 1801 704 1867 sicut
732 1800 797 1867 iuit
826 1823 939 1867 uersus
962 1802 1166 1887 Poyntonam
1187 1802 1337 1867 obuiauit
1357 1802 1422 1888 ipsi

313 1905 499 1975 Alexandro
521 1928 595 1971 oum
617 1905 830 1972 multitudine
852 1914 1050 1972 armatorum
1072 1914 1107 1971 et
1136 1905 1206 1992 ipse
1234 1905 1422 1971 Alexander

314 2012 408 2079 uenit
422 2034 496 2077 cum
511 2010 558 2077 eis
572 2019 607 2075 et
622 2010 709 2097 cepit
726 2010 761 2076 in
781 2010 894 2076 eedem
914 2011 996 2076 uilla
1013 2010 1138 2075 domini
1157 2010 1208 2075 sui
1228 2018 1301 2075 octo
1320 2010 1421 2075 boues

314 2122 351 2181 et
372 2115 443 2180 illos
464 2114 573 2180 tenuit
594 2120 707 2180 contra
728 2114 863 2179 uadium
885 2122 920 2178 et
941 2113 1088 2200 plegium
1109 2121 1145 2179 et
1164 2112 1303 2179 abduxit
1317 2136 1420 2200 usque

313 2218 517 2306 Poyntonam
546 2224 581 2283 et
610 2217 682 2282 illos
711 2217 758 2282 ibi
787 2216 897 2283 tenuit
926 2238 1094 2304 quousque
1115 2238 1174 2303 per
1195 2216 1421 2283 uioecomitem

315 2322 487 2389 deliberati
506 2323 647 2401 fixerunt,
667 2330 703 2387 et
723 2322 824 2389 tercio
841 2344 906 2388 non
927 2321 1036 2387 tenuit
1056 2344 1091 2386 se
1106 2328 1306 2399 contentum,
1320 2320 1422 2387 immo

315 2425 437 2493 iterum
465 2426 559 2490 uenit
588 2424 666 2490 illuc
695 2432 729 2489 et
758 2424 847 2510 cepit
876 2434 1016 2511 quatuor
1041 2447 1141 2511 equos
1162 2433 1198 2490 et
1218 2426 1364 2503 abduxit,
1387 2433 1424 2491 et

315 2634 353 2700 in
374 2655 469 2721 parco
491 2655 549 2699 suo
571 2641 606 2698 et
627 2632 786 2718 septimus
806 2633 865 2698 bos
886 2655 961 2698 cum
983 2656 1042 2719 per
1062 2633 1288 2700 uicecomitem
1309 2642 1345 2699 et
1363 2657 1425 2720 per

316 2744 507 2826 preceptum
532 2736 626 2801 Dom.
653 2735 753 2823 Regis
778 2736 810 2800 ei
835 2736 1009 2801 deberent⁸
1030 2736 1202 2803 deliberari
1221 2737 1258 2802 in
1279 2737 1423 2824 fugando

316 2841 434 2908 cecidit
448 2847 595 2906 mortuus
609 2837 646 2903 in
659 2839 749 2904 curia
762 2838 864 2925 ipsius
878 2839 1057 2906 Alexandri
1071 2846 1106 2904 et
1123 2847 1277 2905 octauum
1296 2840 1423 2918 habuit,

317 2953 353 3012 et
367 2945 453 3033 quod
467 2944 527 3009 hoo
542 2943 619 3008 fecit
633 2943 753 3008 iniuste
768 2952 804 3007 et
818 2966 915 3030 super
929 2951 1049 3009 terram
1065 2943 1328 3030 quemdominus
1342 2967 1422 3010 suus

316 3059 409 3117 tenet
428 3050 469 3116 de
486 3049 580 3114 Dom.
595 3049 686 3134 Rege
702 3048 796 3113 offert
811 3049 945 3135 probare
960 3048 1045 3114 sicut
1059 3049 1150 3117 curia
1162 3049 1422 3116 considerauerit

382 3154 427 3220 Et
441 3150 625 3219 Alexander
638 3151 732 3216 uenit
747 3159 781 3216 et
796 3151 942 3218 defendit
957 3152 1026 3217 uim
1038 3161 1072 3217 et
1081 3152 1235 3218 iniuriam
1245 3163 1281 3220 et
1291 3177 1421 3220 omnem

316 3259 473 3326 iniustam
492 3256 676 3344 capcionem
696 3264 731 3323 et
752 3256 987 3336 detensionem
1004 3266 1056 3322 set
1076 3280 1191 3324 nerum
1211 3259 1286 3323 uult
1305 3258 1422 3327 dicero.

317 3365 411 3431 Idem
432 3363 598 3430 Johennes
621 3370 712 3427 tenet
734 3362 897 3448 quandam
919 3371 1039 3428 terram
1061 3363 1102 3428 de
1124 3385 1162 3429 eo
1188 3363 1222 3428 in
1252 3363 1365 3451 Useby
1386 3374 1423 3431 et

317 3466 461 3534 detinuit
475 3465 507 3531 ei
521 3465 694 3531 seruicium
706 3465 898 3532 forinsecum
908 3466 949 3532 de
961 3466 1105 3532 exercitu
1116 3465 1266 3552 deMunt
1278 3468 1423 3556 Gumcry

317 3582 353 3639 et
367 3573 408 3638 de
423 3573 527 3659 Byam
542 3579 577 3636 et
590 3569 684 3636 alibi⁴
699 3579 733 3635 ct
748 3593 823 3634 cum
838 3579 964 3656 peteret
984 3571 1156 3637 seruicium
1176 3595 1272 3637 suum
1291 3573 1422 3658 quando

317 3679 387 3764 ipse
409 3699 466 3763 per
486 3684 676 3763 preceptum
697 3675 791 3742 Dom.
815 3676 915 3762 Regis
936 3675 1102 3742 districtus
1116 3676 1180 3741 fuit
1194 3697 1251 3763 pro
1265 3678 1422 3744 forinseco

318 3804 383 3848 non
397 3779 506 3866 potuit
521 3778 694 3844 seruicium
709 3778 837 3855 habere,
852 3778 901 3843 ita
915 3777 1002 3865 quod
1015 3778 1086 3864 ipse
1104 3777 1271 3844 distrinxit
1290 3779 1422 3846 feodum

318 3906 415 3952 snum
429 3883 470 3949 de
485 3883 598 3969 Useby
612 3906 670 3970 per
683 3883 764 3948 duos
779 3905 878 3969 equos
893 3883 997 3968 primo
1011 3892 1047 3948 et
1061 3883 1139 3970 quia
1148 3906 1244 3950 nemo
1254 3885 1354 3971 peciit
1364 3886 1424 3950 illa

318 3986 430 4053 auerie
443 4008 501 4073 per
515 3985 679 4071 pleninam
694 4008 754 4051 nec
768 3984 941 4050 seruicium
956 4008 1052 4051 suum
1067 3984 1186 4052 habere
1206 3987 1316 4073 potuit
1334 3988 1424 4074 oepit

319 4090 389 4177 ipse
409 4087 475 4174 viij.
495 4087 595 4154 bones
615 4097 650 4154 et
663 4088 736 4154 illos
750 4086 860 4154 tenuit
874 4109 931 4174 pro
946 4088 1082 4154 seruicio
1096 4111 1155 4156 suo
1169 4112 1336 4177 quousque
1350 4091 1426 4157 illos

353 4234 364 4269 ¹
379 4235 411 4285 B.
423 4247 459 4284 m.
471 4231 519 4284 dd
927 4231 939 4265 ⁸
955 4232 1027 4282 Oorr.
1038 4234 1144 4292 deteret
1154 4231 1187 4282 B.

336 4299 446 4351 -¹Note
467 4298 522 4350 this
538 4296 627 4348 aetion
642 4296 755 4360 brought
776 4296 811 4360 by
829 4313 846 4348 ι
928 4297 1011 4348 ‘Tne
1038 4298 1134 4348 service
1160 4297 1279 4361 required
1309 4299 1351 4349 lor
1377 4299 1427 4351 tha

321 4363 430 4417 seward
441 4365 481 4416 lor
492 4363 536 4415 tha
544 4363 634 4426 taking
643 4363 672 4413 ol
677 4361 720 4426 his
728 4364 846 4414 master's
895 4361 986 4412 walah
1003 4377 1064 4421 war,
1082 4363 1123 4414 lor
1138 4361 1184 4413 the
1200 4363 1268 4425 siege
1283 4364 1313 4415 ol
1327 4363 1428 4416 Bilmm

321 4432 415 4484 beante.
895 4427 950 4478 and
961 4429 1002 4478 lor
1011 4427 1087 4479 other
1097 4427 1269 4493 expeditione.
