3167 5075
317 406 435 457 conum
457 406 555 466 nncn,
578 405 642 454 ιι).
668 392 913 465 1238-9‚s.n
937 392 986 455 23.
1143 394 1204 459 271

108 582 180 667 ligia
193 581 357 647 uiduitate
373 603 432 645 sun
452 588 487 644 et
506 579 711 644 confirmauit
734 579 856 644 donum
876 578 1015 665 predicti
1036 580 1126 645 Petri
1146 581 1210 645 uiri

107 685 154 748 sui
177 693 211 749 et
235 684 319 749 illud
345 682 510 747 residuum
540 680 627 767 quod
656 678 772 745 habuit
802 681 838 745 in
867 704 966 745 manu
996 704 1056 746 sus
1084 682 1210 748 dimisit

107 788 205 853 eidem
229 786 375 852 Johanni
399 786 440 850 ad
464 786 640 850 terminum
667 808 725 871 pro
751 784 818 869 xiij.
846 785 971 849 cumbis
996 786 1153 851 frumenti
1178 788 1210 851 ei

107 912 310 975 perannum
340 888 521 954 reddendis.
567 889 610 954 Et
640 896 754 974 postea
781 888 866 952 infru
903 888 1079 952 terminum
1116 890 1210 955 illum

107 992 192 1057 uenit
214 992 304 1058 idem
325 991 493 1057 Johannes
523 1000 557 1056 et
587 992 682 1057 duxit
711 991 892 1078 predictam
922 992 1138 1078 Ingeleysiem
1168 995 1211 1059 ad

107 1096 232 1161 domum
259 1118 353 1161 suam
375 1095 418 1161 ad
441 1095 603 1182 quoddam
633 1096 754 1160 Natale
784 1096 873 1182 apud
902 1096 1069 1182 Walepole
1099 1107 1134 1161 et
1162 1098 1212 1164 ita

106 1201 254 1265 conuenit
277 1199 364 1264 inter
385 1222 439 1265 eos
461 1199 509 1263 ibi
530 1199 617 1285 quod
638 1199 785 1285 predicta
806 1198 993 1286 Ingcleysie
1007 1202 1165 1267 concessit
1179 1203 1212 1268 ei

106 1314 218 1369 terram
241 1304 334 1369 illam
357 1304 392 1369 in
414 1303 507 1368 feodo
528 1326 587 1389 per
608 1312 731 1368 cartam
754 1326 855 1381 suam,
877 1303 926 1368 its
946 1304 1034 1390 quod
1056 1305 1097 1369 ad
1118 1306 1211 1370 Puri·

105 1410 287 1474 ficncionem
314 1410 349 1474 B.
381 1408 525 1495 Virginis
554 1407 700 1495 proximo
730 1415 933 1473 accesserunt
961 1408 1092 1473 insimul
1122 1409 1211 1495 apud

105 1512 294 1598 Wrothing',
315 1520 349 1575 et
369 1510 491 1576 ibidem
512 1503 652 1598 quodem
672 1512 726 1576 die
746 1510 865 1576 festiuo
880 1510 967 1576 inter
981 1512 1161 1577 matutinus
1175 1520 1210 1577 et

106 1615 245 1680 missam¹
277 1615 355 1680 fecit
384 1614 472 1680 idem
502 1616 669 1681 Johannes
699 1615 764 1701 legi
795 1623 918 1679 certem
948 1615 1039 1679 illam
1068 1624 1103 1681 ct
1138 1617 1211 1703 ipse.

105 1720 256 1787 concessit
273 1720 404 1796 donum,
419 1720 516 1785 etita
535 1720 621 1806 quod
641 1720 729 1785 idem
748 1720 772 1786 J
773 1720 917 1785 ohannes
934 1720 1043 1785 tenuit
1065 1721 1209 1786 conuiui-

106 1847 155 1889 um
176 1824 212 1889 in
234 1824 333 1889 domo
354 1823 420 1901 ille,
443 1832 477 1888 et
499 1830 593 1888 nocte
620 1822 901 1909 appropinquante
931 1822 1016 1887 dixit
1044 1822 1209 1909 predictus

104 1929 268 1993 Johsnnes
293 1926 400 1993 eidem
427 1926 600 2014 Ingeleisie
627 1927 715 2013 quod
740 1926 913 2004 recederet,
940 1934 974 1991 et
1000 1926 1072 2012 ipsa
1096 1927 1209 2004 exiuit,

104 2042 135 2097 et
148 2042 264 2119 postea
274 2055 405 2097 reuersa
418 2032 553 2118 petebat
565 2033 651 2119 quod
662 2042 771 2119 posset
785 2032 834 2096 ibi
845 2032 1003 2117 hospitari
1014 2030 1210 2111 caritatiue',

103 2162 162 2223 quo
186 2160 339 2203 concesso
366 2136 401 2201 in
427 2136 566 2201 crastino
592 2136 724 2201 recessit
754 2136 832 2222 ipss,
862 2145 897 2201 et
926 2136 1014 2201 idern
1042 2136 1210 2201 «Iohannes

103 2242 254 2307 remansit
277 2242 312 2305 in
334 2239 454 2305 seisine
475 2248 510 2305 et
532 2240 596 2304 fuit
616 2239 692 2304 inde
712 2240 747 2303 in
767 2238 901 2304 seisinc'
919 2248 1034 2325 postea
1051 2262 1109 2326 per
1128 2238 1209 2303 duos

103 2368 197 2411 annos
217 2345 392 2411 continuos
411 2343 513 2409 donoc
533 2366 592 2430 per
608 2344 717 2429 ipsum
732 2343 929 2408 Martinum⁴
942 2352 976 2408 et
991 2343 1209 2430 Ingclcysiam

103 2450 161 2515 fuit
201 2449 282 2513 inde
322 2447 510 2512 disseisitus.
570 2447 615 2512 Et
651 2447 724 2512 ideo
761 2446 998 2512 consideratum
1036 2454 1086 2511 est
1122 2447 1209 2533 quod

101 2555 183 2619 idern
212 2553 384 2618 Johannes
406 2551 612 2637 recuperauit
634 2551 787 2616 seisinam
808 2563 911 2629 suam,
934 2559 968 2615 et
990 2551 1152 2617 Martinus
1174 2560 1209 2616 et

102 2659 153 2722 alii
177 2659 212 2722 in
240 2655 469 2733 misericordia,
495 2664 530 2720 et
556 2655 722 2720 Johannes
748 2655 899 2720 similiter
928 2655 963 2720 in
992 2655 1210 2720 misericordia

102 2785 155 2847 pro
177 2763 260 2827 falso
283 2761 422 2826 clamore
447 2781 559 2824 uersus
585 2781 639 2823 eos
665 2759 722 2844 qui
747 2767 911 2824 uenerunt
935 2782 995 2844 per
1019 2767 1209 2845 preceptum

102 2865 320 2934 tricecomitis⁵.
367 2866 419 2930 De
442 2865 574 2930 Abbcte
596 2863 636 2929 de
661 2865 845 2930 Warcdona
867 2863 963 2929 dicit⁶
986 2862 1071 2949 quod
1095 2886 1209 2928 reuera

102 2973 264 3057 predictus
287 2967 420 3034 Petrus⁷
441 2968 532 3034 dedit
553 2968 584 3033 ei
605 2968 668 3053 viij.
690 2991 779 3032 acras
799 2969 840 3032 de
860 2967 1018 3032 termille
1033 2975 1210 3032 etmortuo

103 3077 211 3142 eodem
237 3075 338 3140 Petro
364 3072 458 3136 uenit
483 3071 555 3158 ipse
581 3079 616 3136 et
645 3070 852 3156 recuperauit
881 3078 1002 3134 terrem
1031 3071 1121 3135 illam
1151 3092 1210 3156 per
1248 3153 1254 3164 ο

103 3179 196 3245 breue
219 3178 263 3244 de
285 3177 435 3264 ingressu
459 3182 494 3240 et
518 3182 637 3239 terrem
661 3173 751 3238 illem
775 3173 927 3238 similiter
950 3173 1040 3239 dedit
1063 3174 1209 3261 predicto

103 3283 251 3360 Johnnni,
280 3289 316 3347 et
345 3287 459 3366 postea
488 3278 568 3344 cito⁸
604 3286 776 3365 postquam
812 3278 990 3344 disscisiuit
1026 3278 1209 3364 predictum

103 3387 283 3452 iohannem
299 3383 393 3449 uenit
408 3383 480 3469 ipsu
494 3390 528 3448 et
542 3382 634 3447 dedit
648 3383 795 3469 predicto
814 3383 940 3450 Abbati
960 3384 1122 3469 predictas
1142 3383 1208 3468 viij.

103 3513 194 3556 acres
239 3490 284 3554 Et
313 3488 388 3552 ideo
417 3487 655 3552 consideratum
686 3495 737 3552 est
766 3487 853 3573 quod
882 3488 995 3553 Abbas
1031 3487 1209 3552 disscisiuit

104 3595 205 3680 ipsum
230 3594 262 3658 J.
290 3591 331 3657 de
357 3590 511 3677 predictis
534 3590 600 3677 viij.
623 3590 713 3668 cerie,
738 3599 772 3654 et
795 3590 869 3656 ideo
891 3592 1003 3657 Abbss
1026 3591 1208 3656 inmiseri-

104 3697 208 3760 cordia
222 3693 309 3779 etc!

47 3807 72 3874 t
164 3800 276 3865 Assisa
306 3797 399 3863 uenit
428 3797 633 3883 recognitum
574 3797 696 3862 ursei
731 3796 892 3861 Redulfus
929 3795 1131 3861 Picteuensis
1166 3795 1208 3860 de
1268 3816 1324 3866 [roos

106 3903 313 3990 Chcueleghs
341 3909 376 3966 et
406 3901 606 3988 Reginaldus
634 3901 675 3966 de
709 3902 809 3966 Porta
837 3909 872 3965 et
900 3901 1007 3965 Alicio
1036 3923 1117 3965 uxor
1138 3901 1208 3966 eius
1336 3905 1343 3918 '

134 4052 455 4169 1Βειιιεὲιὸιιιι,ιιιιιιιιιιι1
467 4067 547 4103 mass
713 4051 928 4166 ‘dcomdicum
949 4049 1149 4115 thieispnrtof
1162 4050 1209 4102 the

133 4120 235 4168 'sss
280 4155 287 4168 .
679 4118 785 4168 veriet.

134 4183 332 4246 ’supinus
713 4181 970 4245 ⁷Ingsle1srcsflrst
980 4180 1110 4232 husband

133 4246 452 4299 ‘Oncotthennnsmed
462 4247 629 4298 deforcisnts.
713 4247 785 4297 8Βι.
797 4248 816 4297 t,
830 4247 916 4300 1751).

105 4315 137 4362 Pe
131 4315 216 4377 hsps
225 4313 490 4376 Ingelersiassecond
499 4313 630 4364 husband
713 4312 845 4364 ⁹Seomin
846 4312 890 4377 gly
928 4311 1040 4378 Ohevely
1072 4310 1208 4372 Hundred,

134 4379 309 4442 Scemingly
325 4378 371 4428 the
388 4378 479 4428 uherifl
493 4379 632 4432 interfered
683 4377 842 4441 Cambridge

105 4447 131 4492 to
142 4445 214 4506 qncll
225 4444 270 4496 the
281 4443 456 4496 disturbnnoe.
