3167 5075
352 379 415 441 542
649 391 791 452 ιιιιιιιι,
813 391 877 442 ιιι.
903 379 996 452 1226,
1018 392 1082 442 sn.
1107 381 1156 444 10.

215 525 309 660 {²3⁹9}
413 564 550 630 ι«Ιιιιιιιιι
570 563 664 630 uenit
689 586 730 628 ex
755 585 912 628 consensu
937 563 1081 648 parcium
1108 573 1221 628 utrum
1244 573 1432 629 anteoeaeores

232 697 292 737 ιιι
348 668 506 734 Willelmi
525 669 585 732 filii
606 677 642 734 et
664 667 793 733 heredis
813 668 836 733 J
838 667 950 732 ordeni
972 668 1012 732 de
1034 668 1066 734 S.
1087 668 1230 734 Mertino
1252 669 1340 734 cuius
1359 668 1432 732 heres

347 782 398 839 cst
420 774 506 838 infre
527 782 650 839 etatem
673 782 709 838 et
730 773 764 838 in
788 772 936 838 custodis
961 773 1053 838 Dom.
1077 773 1178 860 Regis
1199 773 1304 859 primo
1324 773 1434 837 suerunt

347 877 472 942 feoffuti
492 877 535 942 ab
556 877 812 942 antecessoribus
833 877 914 963 Elye
937 877 1045 941 uxoris
1065 876 1224 942 Willelmi
1246 877 1434 964 Lunguspeye

350 980 489 1046 Comitis
513 981 751 1047 Serisbiriensis
774 981 815 1046 de
846 981 938 1046 feodo
961 981 1059 1046 unius
1082 982 1197 1046 militis
1220 1005 1294 1046 cum
1317 979 1436 1067 pertin

348 1085 548 1162 Chedewico,
562 1086 617 1151 uel
631 1087 659 1150 si
673 1086 778 1171 primo
793 1087 926 1150 fuerunt
941 1085 1064 1150 feoffati
1079 1086 1121 1150 ab
1136 1086 1271 1152 ecclesis
1284 1084 1435 1150 Abbatiue

348 1189 389 1254 de
409 1189 556 1254 Wiltona
574 1189 615 1255 de
635 1189 728 1254 feodo
750 1189 848 1254 unius
872 1189 986 1254 militis
1011 1213 1084 1255 cum
1109 1198 1189 1278 pert.
1212 1191 1246 1254 in
1272 1190 1435 1275 Hupetonn

348 1299 427 1385 quia
459 1305 528 1361 tem
556 1294 722 1380 predictus
751 1294 869 1360 Comes
903 1315 1001 1380 quem
1031 1295 1208 1360 Abbatissc
1236 1295 1277 1360 de
1306 1293 1436 1366 Wiltonu

348 1402 436 1467 inter
449 1423 529 1488 quos
544 1399 710 1464 contencio
725 1407 776 1462 est
790 1399 831 1464 de
847 1399 994 1465 custodis
1008 1399 1073 1477 ills,
1086 1409 1266 1485 posuerunt
1280 1421 1315 1464 se
1329 1397 1396 1463 inde
1410 1397 1436 1460 in

349 1504 488 1569 iuratum
503 1503 602 1566 illam.
1525 1585 1526 1588 Ἴ

416 1606 459 1670 Et
485 1604 661 1670 Abbatisse
686 1626 751 1668 non
773 1604 876 1681 uenit,
900 1613 951 1669 set
977 1613 1161 1670 sttomutus
1183 1627 1262 1670 suus
1283 1605 1370 1670 uisus
1388 1603 1439 1668 suit

349 1732 409 1796 per
433 1717 500 1774 tres
523 1707 593 1772 dies
616 1707 653 1771 in
678 1707 780 1772 banco
808 1717 843 1772 et
869 1708 999 1772 recessit
1029 1708 1097 1774 sine
1129 1707 1271 1774 licencia.
1317 1708 1358 1772 Et
1383 1706 1441 1771 ideo

349 1811 499 1898 capiatur
512 1810 620 1875 iurata
633 1831 692 1894 per
706 1808 862 1874 defaltum
877 1809 979 1895 ipsius
993 1810 1177 1877 Abbatisse.

415 1915 585 1980 dumtores
604 1914 720 1979 dicunt
739 1914 826 2000 quod
847 1913 980 1999 quidum
1001 1914 1195 1981 Godefridus
1214 1914 1304 1981 des.
1321 1914 1443 1980 Murtino
1526 1905 1527 1908 ¹

352 2018 415 2083 fuit
430 2017 559 2082 iuuenis
574 2017 644 2081 sinc
660 2025 747 2081 terra
760 2027 796 2081 et
816 2017 955 2082 seruiuit
975 2017 1133 2082 Eduardo
1154 2018 1195 2083 de
1217 2019 1404 2094 Surisbiris',
1415 2027 1443 2081 et

351 2120 439 2186 idem
454 2118 631 2184 Edwardus
645 2119 774 2206 rogauit
796 2119 992 2206 Episcopum
1013 2121 1177 2208 Rogemm
1199 2122 1443 2187 Sarisbiriemem

353 2225 411 2313 qui
432 2235 511 2290 tunc
536 2225 615 2290 fuit⁸
637 2225 724 2311 quod
748 2225 842 2290 deret
864 2225 1009 2311 predicto
1032 2225 1206 2291 Godefrido
1227 2226 1380 2292 seruienti
1398 2247 1445 2290 suo
1527 2237 1528 2258 ¹

351 2329 532 2416 predictam
555 2339 676 2394 terrem
703 2328 744 2394 de
771 2329 970 2395 Chedewico.
1016 2331 1060 2395 Et
1090 2330 1269 2416 Episcopus
1298 2329 1446 2417 respondit

353 2435 385 2500 ei
407 2434 494 2520 quod
514 2443 635 2498 terrem
657 2434 748 2498 illem
769 2433 876 2498 noluit
898 2435 929 2498 ei
952 2434 1037 2512 dare,
1056 2442 1106 2500 set
1128 2435 1155 2500 si
1177 2435 1264 2500 idem
1287 2434 1447 2500 Edwardus

353 2540 455 2604 uellet
480 2538 556 2604 inde
582 2539 736 2603 deueuire
762 2539 859 2604 homo
886 2560 974 2615 suus,
999 2539 1030 2603 ei
1056 2538 1197 2603 libenter
1225 2548 1345 2605 tenum
1372 2540 1446 2604 illam

353 2644 453 2709 deret.
508 2645 551 2709 Et
575 2641 752 2708 Edwardus
775 2650 895 2707 terrum
919 2644 1009 2708 illam
1034 2644 1120 2730 cepit
1144 2667 1184 2709 ex
1209 2645 1293 2709 dodo
1318 2644 1446 2711 eiusdem
1528 2712 1529 2735 ἶ

355 2748 515 2834 Episcopi,
537 2756 572 2813 et
591 2747 669 2812 fecit
691 2747 723 2810 ei
746 2746 935 2834 homagium
957 2770 1061 2825 suum,
1076 2756 1111 2813 et
1132 2758 1212 2813 tunc
1234 2748 1447 2813 terramillam

355 2852 447 2917 dedit
477 2852 650 2917 Godefrido
683 2873 742 2937 pro
778 2852 928 2938 homagio
961 2875 1028 2929 suo,
1058 2861 1092 2917 et
1121 2853 1162 2918 de
1191 2853 1263 2939 ipso
1292 2849 1449 2919 Godefrido

355 2964 518 3022 uenerunt
537 2964 754 3020 antecessores
773 2954 912 3041 predicti
927 2954 1091 3021 Willclmi
1137 2956 1255 3021 Postea
1275 2956 1365 3021 uenit
1385 2976 1448 3040 que-

355 3061 430 3125 dam
446 3058 622 3124 Abbatisss
641 3058 777 3122 Matillis
798 3065 832 3123 et
853 3058 1000 3123 feoffauit
1019 3058 1221 3124 Willelmum
1242 3059 1450 3125 uicecomitem

356 3164 414 3249 qui
428 3162 492 3228 fuit
506 3184 606 3247 nepos
626 3184 704 3225 suus
725 3176 760 3225 et
781 3162 964 3227 auunculus
983 3163 1121 3248 predicti
1144 3163 1310 3229 Godesridi
1332 3162 1372 3227 de
1392 3184 1451 3249 pre-

356 3268 446 3333 dicte
460 3276 546 3331 term
560 3266 596 3330 in
611 3266 754 3351 Uptonc,
770 3265 827 3350 qui
847 3265 957 3330 tenuit
978 3276 1049 3331 tota
1069 3266 1140 3331 uita
1159 3289 1227 3343 suu,
1242 3275 1277 3332 et
1296 3267 1376 3332 obiit
1394 3267 1452 3331 sine

357 3370 476 3437 herede
491 3370 531 3435 de
543 3391 672 3455 corpore
688 3392 754 3434 suo.
799 3370 845 3434 Et
859 3370 929 3456 ipso
944 3369 1097 3435 defuncto
1117 3370 1286 3435 descendit
1305 3380 1389 3435 terre
1406 3369 1454 3433 ills

357 3476 420 3561 ipsi
447 3472 621 3538 Godefrido
646 3480 685 3536 ut
714 3472 827 3558 nepoti
856 3480 890 3536 et
919 3472 1032 3537 heredi
1060 3496 1126 3549 suo,
1154 3473 1210 3559 qui
1240 3472 1328 3538 illem
1358 3472 1452 3539 tenuit

357 3588 471 3665 postea
499 3576 596 3641 simul
626 3598 701 3641 cum
729 3576 801 3642 alin
860 3578 905 3641 Et
934 3576 1007 3643 ideo
1036 3576 1273 3643 consideratum
1302 3586 1352 3643 est
1380 3574 1455 3665 quod

359 3684 475 3748 Comes
501 3689 536 3745 et
561 3681 623 3746 Ele
646 3688 923 3767 recupereuerunt
949 3680 1101 3745 seisinam
1130 3704 1224 3747 suum
1253 3681 1293 3747 de
1321 3680 1455 3747 custodis

359 3784 496 3873 predicti
516 3784 674 3850 Willelmi
695 3792 730 3849 et
750 3784 930 3871 maritagio,
946 3794 981 3849 et
1003 3782 1179 3849 Abbctissa
1199 3785 1234 3849 in
1255 3782 1457 3851 misericordis

362 3900 422 3957 cte.

229 4015 323 4079 1699,
424 3994 554 4061 ‘Assio
575 3993 668 4060 uenit
689 3994 895 4079 recognitum
920 3994 994 4081 quis
1015 3994 1193 4060 aduocatus
1215 4002 1358 4081 tempore
1380 3990 1456 4079 puris

242 4114 306 4155 licut.

394 4212 452 4261 ¹B.
474 4226 511 4261 m.
535 4213 575 4261 10.
608 4211 661 4261 For
687 4209 825 4274 plesdings
852 4224 893 4259 see
977 4208 1182 4269 ⁸1107-11u93
1210 4210 1300 4273 Henry
1316 4208 1360 4259 the
1376 4208 1457 4259 First'r

362 4277 427 4327 Ceae
438 4278 495 4327 906.
530 4276 595 4326 This
606 4275 630 4325 is
641 4276 710 4327 Fitn.
726 4277 820 4337 Gorde,
835 4276 892 4324 150.
945 4274 1074 4325 minister.

394 4340 892 4403 ’Grestgrectmndistherofcount-
977 4341 988 4371 ⁴
1004 4340 1033 4390 B.
1048 4354 1083 4389 m.
1096 4342 1119 4390 9.

361 4422 402 4456 ess
413 4406 473 4458 Ele.
509 4406 576 4465 nug.
589 4408 651 4455 Bur.
662 4406 712 4455 rol.
727 4407 749 4468 l,
763 4420 789 4468 p.
804 4406 859 4455 174.
