3167 5075
187 373 273 424 aran
295 375 339 422 or
362 373 564 423 carnarium
587 375 625 422 m
648 373 750 436 maur,
771 375 838 426 an.
863 358 957 438 1227,
979 375 1040 425 an
1064 363 1115 424 ll.
1161 361 1224 425 599

128 542 254 628 predicti
285 541 442 608 Willelmi
472 543 574 628 patria
604 543 755 609 Johanne
789 545 924 610 fuerunt
958 543 994 609 in
1028 543 1148 610 seisina
1183 544 1225 610 de

128 645 269 731 predictis
284 646 432 732 partibus
447 655 615 724 terrarum,
631 656 665 713 ct
680 647 756 714 inde
772 658 900 735 ponunt
914 671 948 714 se
964 672 1062 736 super
1075 650 1223 716 iuratam.

128 754 167 817 Et
189 753 330 818 Hawisia
353 753 447 818 uenit
471 762 505 818 et
522 753 602 818 dicit
625 753 712 840 quod
735 755 798 820 fuit
821 755 857 820 in
877 755 997 823 eeiaina
1015 755 1056 822 de
1079 757 1225 842 predicto

127 856 246 921 redditu
261 855 388 922 duobus
403 856 497 922 annia
511 865 686 944 antequam
702 857 790 923 idem
806 858 990 924 Willelmus
1009 859 1074 924 iter
1087 859 1226 946 arripuit

127 983 230 1026 uersus
243 961 268 1026 J
269 961 480 1039 erosolimam,
495 970 530 1026 et
545 961 621 1027 inde
637 963 730 1048 ponit
746 985 780 1028 se
795 984 893 1048 super
907 963 1058 1028 iuratam.

184 1066 225 1130 Et
249 1066 408 1131 iuratores
432 1066 546 1131 dicunt
570 1065 656 1152 quod
678 1066 843 1152 predictus
865 1068 1049 1134 Willelmus
1070 1091 1135 1134 non
1161 1069 1226 1135 fuit

125 1167 245 1233 seiaitus
267 1177 306 1232 ut
328 1167 369 1233 dc
388 1167 481 1233 feodo
500 1168 541 1233 de
565 1169 711 1254 predicta
732 1177 820 1234 term
841 1169 894 1235 die
917 1193 981 1256 quo
1002 1169 1067 1235 iter
1087 1171 1226 1258 arripuit

125 1272 182 1336 nisi
195 1280 325 1336 tantum
340 1272 381 1336 de
395 1279 488 1358 parte
504 1295 564 1336 sua
580 1295 643 1359 quc
658 1296 734 1338 cum
750 1275 962 1361 contingebat
981 1275 1023 1340 de
1043 1276 1225 1342 hereditate

125 1377 253 1442 Walteri
280 1377 382 1462 patris
406 1377 550 1463 ipsorum
575 1377 660 1442 sicut
685 1377 725 1442 de
751 1378 984 1466 gauclelrynde,
1010 1382 1088 1468 quia
1111 1382 1226 1447 fratrea

124 1479 218 1564 ipsius
232 1479 391 1544 Willelmi
406 1480 553 1544 fecerunt
568 1480 756 1568 homagium
772 1481 968 1568 capitalibus
982 1482 1121 1549 dominis
1137 1483 1226 1549 illius
1288 1521 1291 1526 ·

125 1583 203 1648 feodi
217 1592 252 1650 et
267 1584 422 1650 uixerunt
437 1583 478 1650 de
493 1585 658 1650 communi
673 1586 707 1649 in
728 1587 843 1652 eadem
867 1602 961 1665 terra,
977 1597 1012 1653 et
1031 1588 1118 1674 quod
1137 1589 1226 1656 idem

124 1687 301 1753 Willelmus
321 1711 380 1775 per
400 1689 606 1754 uoluntatem
628 1689 765 1753 fratrum
789 1711 920 1754 suorum
945 1691 1070 1757 dimisit
1091 1715 1163 1758 eam
1183 1693 1226 1758 ad

123 1791 240 1856 firmam
279 1791 410 1857 cuidam
447 1790 557 1855 Aaron
594 1790 635 1856 ad
672 1792 801 1856 firmam
838 1791 880 1856 ad
917 1794 1095 1858 terminum
1125 1793 1225 1860 trium

122 1919 272 1963 annorum
306 1896 367 1961 sub
398 1896 459 1961 tali
487 1895 674 1961 condicione
704 1896 791 1982 quod
820 1905 893 1983 post
923 1899 1100 1965 terminum
1132 1899 1225 1965 illum

122 2007 337 2065 reuerteretur
356 2008 442 2064 terra
460 1999 518 2064 illa
533 1999 575 2064 ad
590 2000 705 2064 fratres
720 2022 795 2064 suos
810 2000 987 2066 diuidenda
1000 2003 1088 2067 inter
1101 2025 1164 2080 coa,
1178 2004 1228 2069 ita

122 2107 201 2191 quod
229 2113 305 2193 post
335 2105 513 2170 terminum
543 2105 637 2170 illum
675 2107 898 2192 unusquisque
935 2107 1077 2193 ipsorum
1110 2107 1227 2174 habuit

121 2219 241 2296 partem
274 2233 376 2276 suam.
432 2211 476 2275 Et
512 2210 586 2276 idco
624 2209 863 2276 consideratum
893 2219 945 2276 est
974 2213 1059 2298 quod
1088 2211 1226 2299 predicti

124 2315 300 2380 Willelmus
328 2314 370 2379 dc
401 2313 605 2401 Cusingtona
632 2323 669 2380 et
697 2315 851 2380 Johanna
879 2315 980 2380 nichil
1009 2316 1140 2402 capiant
1168 2338 1227 2402 per

121 2421 246 2486 aeduam
262 2428 298 2485 et
313 2419 380 2485 sint
395 2419 430 2485 in
445 2418 664 2484 misericordia
677 2441 735 2504 pro
748 2419 828 2484 falso
839 2419 985 2498 clamore,
996 2428 1032 2485 ct
1043 2417 1227 2485 Willelmus

122 2533 152 2588 et
167 2523 270 2589 Maria
286 2529 321 2588 et
336 2522 393 2588 alii
407 2521 483 2588 inde
499 2522 604 2609 quieti
619 2530 680 2589 etc.
944 2518 945 2521 ¹

179 2628 230 2693 De
247 2627 395 2692 Hawisia
409 2626 523 2692 dicunt
537 2626 624 2713 quod
636 2626 700 2691 fuit
711 2626 746 2691 in
758 2626 878 2691 saisina
887 2627 928 2692 de
940 2628 1085 2712 predicto
1095 2626 1226 2693 redditu

120 2753 173 2816 per
200 2732 283 2797 duos
313 2754 414 2797 annos
444 2739 620 2818 antequam
650 2732 738 2797 idem
768 2732 954 2798 Willelmus
982 2733 1047 2798 iter
1069 2734 1227 2820 arriperet

120 2858 226 2902 uersus
240 2836 486 2924 Jercsolymam.
533 2837 576 2901 Et
591 2835 664 2901 ideo
679 2835 750 2923 ipsa
769 2844 883 2902 teneat
901 2837 1065 2904 redditum
1080 2860 1176 2904 suum
1191 2838 1226 2903 in

120 2961 193 3024 pace
209 2938 298 3026 etc!

50 3050 86 3117 71,
180 3042 325 3109 ¹Alanus
340 3042 380 3109 de
391 3044 596 3109 Eaturmuwc
605 3044 692 3131 petit
701 3066 815 3110 uersus
827 3045 994 3111 Simonem
1006 3045 1047 3111 de
1059 3046 1227 3112 Sandwico
1282 3078 1346 3129 [η]

121 3156 151 3212 et
165 3148 335 3215 Julianam
351 3171 483 3214 uxorem
499 3148 569 3214 eius
584 3150 670 3235 quod
685 3151 896 3216 warentizent
917 3150 948 3215 ei
968 3152 1009 3216 xl.
1031 3174 1120 3216 acrae
1141 3159 1227 3217 terre
1240 3186 1297 3226 m
1317 3182 1360 3223 uu

121 3276 188 3319 cum
203 3262 287 3341 pert
304 3252 340 3317 in
355 3252 511 3318 Prestona
525 3275 606 3339 quae
621 3261 714 3318 tenet
729 3260 764 3317 ct
781 3254 823 3318 de
844 3253 891 3318 eis
913 3263 1024 3319 tenere
1045 3255 1173 3332 clamat,
1193 3264 1228 3320 et
1239 3235 1373 3367 fflff'g

120 3358 204 3423 unde
219 3366 345 3423 cartam
361 3356 384 3421 J
385 3357 521 3423 ohannis
538 3358 639 3444 Capel
654 3358 756 3443 patria
771 3358 874 3445 ipsius
888 3358 1021 3425 iuliane
1033 3359 1125 3424 cuius
1134 3360 1228 3425 heres
1240 3372 1371 3460 numm-353

120 3462 185 3548 ipsa
198 3463 220 3528 J
222 3462 336 3528 uliana
350 3470 400 3527 est
415 3461 515 3527 habet
530 3472 602 3539 etc„
617 3462 704 3528 unde
719 3462 886 3548 predictus
901 3463 1026 3528 Alanus
1047 3462 1127 3528 dicit
1141 3464 1228 3551 quod
1240 3432 1368 3554 ffiffi?

120 3567 240 3633 deaicut
267 3588 327 3653 per
353 3572 476 3631 cartam
500 3565 603 3653 ipsius
628 3566 789 3633 «iohannis
812 3565 912 3631 debet
937 3566 1038 3631 libere
1060 3574 1171 3630 tenere
1194 3574 1227 3631 ct
1240 3561 1375 3654 gffipffl

121 3671 336 3754 quietanciam
360 3669 479 3735 habere
504 3670 545 3735 de
569 3670 720 3736 omnibus
742 3670 888 3735 seruiciia
909 3692 968 3756 per
989 3668 1153 3736 redditum
1176 3692 1227 3736 xx.
1241 3658 1359 3751 affl,

120 3774 185 3842 den.
201 3798 300 3861 quem
317 3773 449 3839 reddet⁸
463 3796 521 3860 per
535 3798 658 3839 annum
673 3774 715 3839 ad
730 3775 765 3840 N
765 3776 861 3852 atala,
876 3774 1042 3861 predictus
1065 3772 1179 3839 Simon
1193 3782 1229 3839 et
1240 3748 1386 3789 mm

120 3876 248 3943 «Iuliana
277 3884 398 3964 petunt
424 3877 489 3941 alia
515 3878 652 3942 seruicia
674 3885 708 3943 et
730 3876 981 3943 consuetudines
1002 3899 1102 3962 quam
1123 3878 1229 3943 facere

121 3979 254 4046 debent*
270 3988 306 4045 et
321 3987 434 4045 contra
448 3988 572 4045 cartam
587 4002 688 4046 suam.

180 4084 224 4150 Et
255 4084 371 4151 Simon
399 4106 458 4171 pro
487 4106 522 4149 se
549 4092 607 4151 etc
635 4084 729 4150 uenit
755 4093 790 4150 et
816 4084 897 4150 dicit
927 4083 1013 4171 quod
1038 4107 1104 4151 non
1129 4085 1230 4153 debet

149 4212 203 4264 ¹A.
216 4228 254 4265 m.
266 4216 291 4264 8.
697 4211 1172 4276 tenempuermisdlmwhoholda
1183 4214 1230 4265 the

149 4278 238 4329 ’Thia
258 4278 283 4329 ia
303 4278 456 4329 amiataka.
489 4278 515 4329 It
530 4292 584 4329 uas
601 4277 647 4329 the
696 4278 761 4329 land
771 4277 825 4328 and
836 4278 925 4340 bringa
935 4278 980 4329 the
990 4277 1087 4330 action.

120 4344 228 4395 rocchor
241 4342 647 4394 notthevoucheewhohcdno
729 4343 828 4393 'Corn
838 4346 931 4407 reddit,
944 4344 976 4394 Δ.

121 4409 266 4462 misinmc
276 4411 307 4461 in
317 4409 388 4475 right
398 4410 428 4461 of
438 4408 481 4460 hia
492 4409 557 4461 wite.
592 4408 647 4461 The
729 4408 740 4442 ⁴
757 4408 809 4473 Sic,
822 4410 852 4460 Δ.
