3167 5075
328 359 392 423 192
546 371 663 421 cornu
685 370 784 433 anor,
806 369 871 419 au.
897 353 1056 435 1236-7,
1077 370 1142 422 aa.
1164 358 1213 421 21.

325 565 439 608 uersus
457 540 619 629 quandam
642 540 839 606 Matillidem
859 540 899 605 de
921 541 1086 621 Bernerea,
1103 549 1138 606 et
1160 540 1247 627 quod
1267 540 1434 627 predictus

326 646 502 714 Robertus¹
532 646 596 712 fuit
622 645 806 735 legittimus
830 645 882 710 uir
910 646 981 710 eius
1006 654 1100 731 patet
1124 646 1209 711 bene
1233 645 1435 733 quumipaa
1510 708 1515 713 .

326 753 555 820 disreeionauit
570 754 604 818 in
619 753 710 818 curia
723 752 949 818 cristianitatis
959 751 1067 839 ipsum
1079 754 1101 818 J
1102 753 1262 819 ohannem
1273 761 1314 818 ut
1324 752 1433 817 uirum

326 881 431 937 suum,
447 866 481 923 et
496 859 580 924 bene
599 858 678 923 dicit
699 856 786 943 quod
806 857 941 923 Juliana
959 857 1028 923 filia
1047 858 1118 923 eiua
1138 881 1236 946 quam
1256 857 1375 924 habuit
1393 856 1435 923 de

326 962 471 1048 predicto
493 962 642 1027 Johanne
665 970 716 1026 est
738 960 948 1048 propinquior
969 962 1062 1027 heres
1084 961 1186 1049 ipsius
1207 961 1435 1046 Johanniaet

326 1065 414 1152 quod
428 1066 499 1151 ipsa
514 1064 744 1130 disracionauit
758 1063 868 1128 dotem
883 1085 976 1128 suam
997 1071 1154 1149 tanquam
1174 1064 1340 1152 legittima
1353 1085 1435 1128 uxor

328 1169 429 1255 ipsius
443 1171 466 1235 J
467 1170 604 1234 ohannis
619 1169 653 1234 in
668 1168 758 1234 curia
771 1169 865 1233 Dom.
877 1168 978 1256 Regis
992 1168 1085 1255 ponit
1100 1191 1135 1233 se
1149 1190 1247 1254 super
1260 1167 1392 1233 rotulos

394 1275 438 1339 Et
456 1274 620 1340 Galfridus
638 1274 732 1339 uenit
749 1282 784 1339 et
804 1273 885 1338 dicit
904 1274 990 1359 quod
1012 1272 1082 1360 ipse
1104 1282 1154 1339 est
1176 1274 1264 1338 filius
1284 1282 1320 1337 et
1342 1274 1436 1339 heres

327 1378 464 1463 predicti
479 1376 639 1443 Johannis
659 1375 700 1441 de
721 1375 867 1463 predicta
887 1375 1048 1440 Matillide
1069 1397 1169 1440 uxore
1190 1398 1250 1440 sua
1271 1374 1435 1461 legittime

327 1481 458 1569 genitus
481 1488 515 1546 et
538 1479 598 1545 hoc
621 1481 704 1545 bene
727 1488 820 1565 patet
844 1479 923 1565 quia
945 1478 1014 1565 ipse
1038 1488 1112 1565 post
1135 1487 1273 1544 mortem
1295 1478 1436 1564 predicti

326 1585 351 1650 J
352 1584 487 1650 ohannis
506 1584 608 1671 patris
627 1584 679 1649 aui
698 1584 763 1649 fuit
783 1584 818 1648 in
838 1584 985 1649 custodia
1005 1582 1096 1648 Petri
1112 1583 1173 1648 filii
1197 1584 1354 1649 Herberti
1378 1604 1436 1670 per

326 1689 422 1756 Dom.
437 1688 562 1776 Regem
577 1698 611 1753 et
627 1688 655 1753 si
672 1688 831 1773 placitum
851 1687 916 1753 suit
938 1690 974 1753 in
996 1688 1086 1753 curia
1108 1688 1203 1753 Dom.
1226 1687 1327 1775 Regis
1350 1688 1438 1752 inter

327 1792 505 1878 predictam
529 1791 717 1856 Gunnoram
740 1799 775 1856 et
793 1790 973 1877 predictam
995 1790 1189 1857 Matillidem
1209 1799 1349 1856 matrem
1365 1791 1435 1857 eiua

327 1896 387 1959 hoe
408 1916 473 1959 non
495 1894 593 1959 debet
615 1893 645 1959 ei
668 1916 783 1959 nocere
805 1893 884 1980 quia
905 1902 984 1959 tunc
1006 1894 1070 1959 fuit
1092 1895 1177 1959 infra
1197 1902 1322 1959 etatem
1344 1896 1435 1961 etin

327 1999 474 2066 custodia
494 1999 631 2085 predicti
657 1999 757 2076 Petri,
782 2006 818 2063 et
844 2006 993 2084 preterea
1014 1999 1085 2085 ipsa
1107 1998 1243 2064 Matillis
1266 2022 1436 2086 nunquam
1558 2014 1559 2091 T

327 2104 459 2169 uocauit
481 2104 589 2190 ipsum
612 2102 795 2169 Galfridum
818 2102 860 2167 ad
881 2110 1063 2168 warantum
1084 2126 1198 2169 uersus
1218 2124 1299 2171 eam.
1345 2104 1437 2169 Dicit
1558 2092 1559 2117 ³

327 2208 430 2274 eciam
453 2207 539 2294 quod
561 2206 689 2293 quaudo
712 2208 777 2272 fuit
798 2207 895 2294 plene
917 2207 1015 2273 etatis
1036 2208 1131 2273 Dom.
1146 2208 1217 2273 Rex
1238 2208 1384 2274 reddidit
1403 2210 1437 2275 ei
1558 2196 1559 2227 i

327 2312 408 2378 duas
437 2318 547 2397 partes
575 2309 768 2376 hereditatis
797 2310 936 2395 predicti
964 2310 1125 2375 «Iohannis
1153 2319 1311 2397 tanquam
1347 2320 1436 2377 recto

327 2412 446 2478 heredi

393 2516 473 2583 Dies
487 2516 584 2583 datus
603 2525 654 2582 est
674 2516 721 2583 eis
740 2515 781 2581 de
805 2516 967 2582 audiendo
988 2516 1109 2582 iudicio
1130 2540 1190 2584 suo
1211 2540 1318 2584 coram
1341 2518 1437 2588 Dom.
1558 2504 1559 2582 i

328 2621 419 2709 Rege
443 2620 503 2685 tali
528 2620 581 2685 die
605 2627 666 2686 etc.
693 2619 880 2706 ubicunque
908 2621 1016 2698 fuerit,
1042 2643 1079 2685 eo
1105 2620 1192 2706 quod
1216 2621 1325 2686 Adam
1350 2621 1439 2688 filius

329 2725 455 2791 Heruei
483 2733 518 2790 et
546 2724 681 2789 Juliana
709 2747 791 2790 uxor
821 2724 906 2790 eius’
934 2725 1141 2811 implacitant
1175 2724 1223 2789 ibi
1251 2725 1438 2810 predictum
1558 2713 1559 2724 ³

330 2827 511 2893 Galfridum
526 2827 567 2892 dc
582 2828 737 2914 predictis
751 2828 879 2899 duabus
893 2828 1048 2914 partibus.

395 2931 512 2998 Postea
533 2933 622 3019 apud
643 2934 861 2999 Merewellam
881 2956 988 2999 coram
1008 2934 1102 2999 Dom.
1118 2934 1210 3021 Rege
1225 2933 1305 3020 quia
1319 2934 1438 3001 Galfri·

331 3036 391 3101 due
415 3035 579 3122 cognoscit
600 3036 687 3121 quod
709 3036 856 3122 predicta
879 3036 1034 3102 Gunnora
1055 3037 1262 3124 recuperauit
1283 3039 1437 3104 aeisinam

330 3163 422 3206 suam
444 3140 575 3205 nomine
596 3139 681 3206 dotis
697 3163 812 3206 uersus
826 3140 1005 3226 predictam
1021 3141 1226 3221 Matillidem,
1239 3150 1275 3208 et
1289 3151 1441 3229 preterea
1558 3178 1559 3218 ι

331 3244 409 3330 quia
434 3245 506 3330 ipsa
527 3246 682 3311 Gunnora
703 3245 867 3331 cognoscit
892 3267 1003 3311 omnes
1027 3245 1180 3312 articulos
1205 3255 1376 3313 contentos
1401 3248 1439 3313 in
1558 3227 1559 3262 ἶ

331 3347 425 3412 breui
447 3355 653 3433 preterquam
675 3348 749 3434 quis
769 3347 814 3413 sit
835 3356 944 3414 rectus
968 3350 1061 3414 heres
1086 3349 1190 3436 ipsius
1214 3348 1376 3416 Johannis
1401 3361 1438 3417 et

330 3451 407 3517 inde
430 3451 588 3537 placitum
612 3461 663 3516 est
686 3452 773 3518 inter
795 3452 978 3538 predictum
1003 3453 1185 3519 Galfn'dum
1209 3460 1244 3518 et
1267 3452 1438 3518 Julianam

330 3553 431 3620 filiam
454 3554 599 3641 predicte
620 3555 808 3621 Gunnmore
828 3555 915 3641 quod
928 3555 1085 3643 placitum
1100 3555 1245 3621 nondum
1259 3564 1311 3621 eat
1325 3557 1439 3622 termi-

329 3668 454 3736 natum,
476 3659 713 3724 consideratum
736 3668 786 3725 est
808 3659 895 3747 quod
916 3660 1063 3746 predicta
1084 3660 1241 3726 Gunnora
1262 3670 1376 3726 teneat
1401 3662 1438 3727 in

329 3785 409 3849 paee
424 3763 533 3828 dotem
555 3785 647 3832 suam
670 3762 755 3829 sieut
776 3762 868 3828 illam
889 3762 1095 3848 recuperauit
1116 3761 1219 3828 donec
1239 3762 1441 3829 discuciatur

330 3868 365 3932 in
387 3867 477 3932 curia
491 3865 564 3952 quis
578 3866 621 3932 sit
636 3874 744 3931 rectus
758 3865 852 3931 heres
866 3865 968 3952 ipsius
986 3865 1010 3930 J
1012 3865 1156 3944 ohannis,
1174 3872 1209 3930 et
1224 3872 1305 3931 tunc
1318 3866 1348 3931 si
1361 3889 1438 3932 oon·

331 3969 483 4034 uincetur
497 3969 584 4054 quod
598 3968 667 4054 ipse
684 3967 850 4034 Galfridus
870 3969 915 4034 sit
937 3967 1039 4045 heres,
1053 3967 1221 4054 perquirat
1240 3967 1305 4034 sibi
1322 3991 1441 4035 uersus
1558 3983 1559 4029 ι

331 4096 404 4140 eam
419 4096 447 4138 ει
436 4073 610 4140 uoluerit.
588 4073 634 4162 t}

206 4171 284 4222 [¹⁷⁰²]
396 4179 508 4243 Assisa
530 4179 624 4243 uenit
646 4179 851 4266 recognitura
872 4179 900 4244 si
922 4179 1039 4244 Grecia
1062 4178 1104 4243 de
1130 4179 1235 4263 Moysi
1257 4178 1380 4243 iniuste
1405 4189 1442 4244 et

200 4239 356 4308 11⁷⁷*
331 4281 400 4347 sine
415 4280 536 4346 iudicio
557 4280 735 4346 disseisiuit
758 4281 935 4347 Ricardum
955 4282 986 4346 le
1007 4281 1147 4347 Paumer
1159 4279 1201 4346 de
1221 4281 1323 4346 libero
1346 4291 1441 4348 tene·

494 4409 591 4460 ¹.00rr
602 4411 635 4460 Jo
637 4411 739 4461 Ιιιιιιιιει.
929 4410 1089 4474 'Daughter
1100 4410 1129 4461 of
1138 4410 1272 4461 Gunuora.
