3167 5075
291 420 334 491 76
605 434 746 497 nmini,
768 433 834 484 nn.
858 421 951 495 1225,
974 434 1037 483 nn
1059 420 1088 483 9.

290 608 331 673 de
346 607 459 675 eodem
474 610 601 697 Regem
616 608 737 675 Marcel
748 616 783 674 et
795 607 881 695 quod
892 606 1023 673 feodum
1033 606 1181 694 Begerus
1191 605 1233 671 de
1243 605 1277 671 la
1287 602 1395 673 Suche

290 712 399 777 tenuit
414 712 455 779 de
467 713 610 779 Hernico
622 714 729 799 Bagot
739 712 807 777 filio
817 720 852 777 et
863 710 982 777 herede
993 710 1158 776 Milisante
1169 710 1210 776 de
1223 707 1399 777 staffordia

290 840 353 903 que
368 818 433 882 iam
449 825 649 883 mortuaest.

356 922 399 986 Et
411 922 557 1010 Rogerus
567 920 661 986 uenit
672 928 707 985 et
721 920 885 1006 cognoscit
897 917 983 1005 quod
997 918 1069 1005 ipsa
1079 918 1265 1004 Margeoeta
1274 916 1353 981 facit
1363 915 1396 981 ei

289 1023 443 1111 quicquid
458 1025 560 1089 facere
575 1023 674 1087 debet
689 1030 724 1087 et
739 1022 886 1087 defendit
903 1021 1025 1108 precise
1047 1020 1134 1107 quod
1153 1042 1213 1107 per
1230 1020 1395 1085 defectum

289 1128 359 1194 eius
374 1150 539 1215 nunquam
556 1128 706 1193 districta
720 1126 783 1191 fuit
799 1126 877 1212 qnia
891 1148 1059 1213 nunquam
1074 1126 1206 1190 adeum
1221 1123 1316 1189 uenit
1334 1146 1395 1189 nec

289 1232 412 1320 aliquid
434 1233 465 1298 ei
486 1233 563 1299 inde
585 1232 728 1298 ostendit
751 1240 785 1296 et
808 1231 955 1297 concedit
976 1230 1063 1318 quod
1085 1230 1117 1295 ei
1137 1252 1252 1316 pacem
1274 1229 1395 1295 habere

288 1337 387 1402 faciat
401 1346 435 1402 et
450 1336 632 1424 dicitquod
647 1345 740 1403 tenet
755 1338 796 1402 de
812 1338 938 1423 Rogero
952 1337 986 1401 la
998 1336 1107 1403 Suche
1122 1335 1179 1422 qui
1192 1356 1325 1421 presens
1343 1340 1395 1399 eet

288 1449 323 1506 et
337 1442 397 1507 hoc
412 1442 575 1531 cognoscit
590 1451 624 1507 et
639 1442 719 1508 dicit
734 1441 821 1529 quod
836 1449 929 1507 tenet
951 1442 992 1507 de
1013 1442 1157 1507 Hernico
1178 1442 1285 1528 Bagot
1306 1449 1342 1505 et
1363 1439 1396 1505 ei

288 1546 366 1611 fecit
381 1546 535 1633 quicquid
549 1547 653 1612 facere
668 1547 775 1623 debet,
791 1554 826 1611 et
840 1546 927 1632 petit
942 1547 1028 1633 quod
1040 1546 1201 1611 Hernicus
1212 1567 1396 1611 summone-

288 1649 415 1715 aturad
424 1650 660 1715 ostendendum
670 1672 768 1737 quare
779 1649 948 1737 distringit
963 1649 1093 1715 feodum
1107 1649 1209 1735 ipsius
1224 1648 1345 1736 Rogeri
1358 1648 1394 1713 in

289 1754 480 1820 Blumhulla
509 1763 569 1821 etc.
596 1754 722 1821 desicut
744 1754 833 1819 idem
853 1755 1001 1842 Rogerus
1022 1753 1101 1818 fecit
1122 1753 1227 1819 eidem
1251 1752 1395 1817 Hernico

288 1858 442 1945 quicquid
457 1858 560 1923 facere
576 1858 674 1924 debet
690 1857 730 1924 de
746 1859 860 1924 eodem
875 1866 1065 1924 tenemento
1080 1866 1115 1922 et
1129 1858 1173 1923 sit
1188 1857 1249 1922 tali
1265 1856 1317 1921 die
1332 1863 1394 1921 etc

354 1962 397 2026 Et
411 1970 558 2048 preterea
577 1970 767 2047 preceptum
788 1969 838 2026 est
858 1960 1043 2026 uicecomiti
1063 1958 1150 2045 quod
1171 1958 1336 2024 occasione
1358 1966 1394 2023 et

287 2062 444 2131 dilacione
460 2064 647 2151 postpositis
661 2064 838 2151 distringat
857 2064 965 2149 ipsum
986 2064 1151 2150 Rogatum
1170 2062 1203 2127 la
1223 2062 1331 2127 Suche
1354 2069 1396 2125 ut

287 2167 444 2233 deliberet
459 2169 570 2233 aueria
583 2168 728 2255 predicte
743 2168 928 2253 Margarete
950 2190 1014 2254 que
1036 2175 1132 2253 capta
1153 2175 1231 2231 eunt
1252 2174 1313 2233 etc
1334 2188 1394 2252 pro

288 2271 424 2335 seruicio
444 2270 547 2356 ipsius
562 2271 682 2358 Rogeri
697 2270 817 2335 Marcel
832 2270 873 2335 de
888 2292 952 2357 quo
966 2270 1038 2355 ipsa
1050 2277 1144 2334 tenet
1158 2277 1218 2335 etc
1236 2269 1242 2356 Ι

353 2372 524 2439 ²Ricardus
546 2372 633 2438 filius
654 2374 829 2460 Reginaldi
851 2382 886 2439 et
915 2374 1035 2460 Roysia
1063 2395 1144 2439 uxor
1173 2372 1244 2438 eius
1272 2380 1393 2458 petunt

191 2539 217 2570 ω
288 2500 401 2544 uersus
422 2478 603 2543 Robertum
625 2478 730 2545 tilium
751 2478 891 2546 Walteri
916 2478 1037 2565 septies
1066 2476 1187 2564 uiginti
1216 2499 1277 2543 acr.
1307 2484 1394 2542 terre

287 2605 361 2648 cum
384 2591 465 2667 pert.
487 2580 523 2645 in
545 2579 672 2646 Lewes'
695 2589 733 2647 ut
754 2582 807 2647 ius
821 2580 967 2648 eiusdem
983 2581 1101 2668 Roysie
1116 2580 1202 2646 unde
1217 2581 1338 2667 Royeia
1351 2580 1395 2646 de

288 2686 420 2751 Douera
447 2684 524 2748 auia
552 2706 612 2749 sua
640 2686 705 2750 fuit
733 2687 846 2752 scisita
873 2694 913 2752 ut
941 2685 983 2751 de
1013 2685 1106 2750 feodo
1131 2693 1166 2750 et
1195 2685 1266 2750 iure
1295 2686 1393 2751 etin

286 2789 446 2855 dominico
468 2796 613 2874 tempore
637 2791 680 2857 H.
703 2791 803 2879 Regis
824 2791 880 2856 aui
901 2791 996 2857 Dom.
1017 2790 1118 2878 Regis
1138 2789 1295 2876 capiendo
1313 2789 1393 2855 inde

286 2893 417 2979 expleta
431 2892 472 2957 ad
487 2893 667 2960 ualentiam
682 2919 732 2960 xx.
749 2894 803 2960 sol.
820 2903 889 2973 etc,
904 2895 993 2960 etde
1013 2894 1135 2980 Roysia
1153 2893 1321 2960 descendit
1339 2894 1393 2960 ius

287 3004 372 3062 terre
394 2995 481 3060 iilius
503 2996 645 3062 Roberto
667 2997 734 3062 filio
756 3019 815 3062 suo
838 3005 872 3062 et
894 2997 935 3062 de
957 2995 1101 3062 Roberto
1122 2997 1186 3082 ipsi
1207 2997 1325 3084 Roysie
1351 3005 1393 3062 ut

286 3098 353 3164 filie
368 3107 402 3163 et
418 3097 528 3164 heredi
543 3121 600 3163 suo
616 3107 650 3164 et
665 3100 752 3186 quod
766 3101 815 3165 ita
828 3100 873 3165 sit
887 3108 948 3165 etc.
964 3099 1059 3165 offert
1069 3107 1129 3165 ctc.

352 3201 395 3266 Et
410 3202 571 3266 Robcrtus
585 3203 678 3268 uenit
693 3210 727 3267 ct
742 3201 889 3268 defendit
902 3203 955 3268 ius
968 3225 1064 3268 suurn
1079 3202 1209 3290 quando
1218 3203 1391 3269 defendere

285 3303 418 3370 debebit
433 3313 483 3370 set
497 3305 578 3371 dicit
593 3307 679 3391 quod
694 3306 794 3372 habet
810 3307 983 3393 participes
997 3307 1067 3372 sine
1078 3307 1197 3395 quibus
1207 3331 1272 3374 non
1282 3317 1392 3395 potest

286 3410 477 3496 respondere
506 3410 572 3476 scil.
603 3410 778 3476 Ricardum
801 3411 841 3476 de
865 3412 978 3478 Monte
1000 3413 1136 3478 Ficheto
1157 3422 1192 3477 et
1214 3413 1391 3478 Ricardum

285 3513 326 3578 dc
342 3513 597 3579 Humframuilla
612 3514 730 3600 quibus
747 3525 832 3581 terra
846 3516 904 3581 illa
917 3517 1084 3582 descendit
1098 3517 1133 3582 in
1148 3526 1250 3603 parte

351 3619 395 3682 Et
417 3618 575 3684 Ricardus
597 3627 631 3684 ct
653 3619 773 3706 Roysia
795 3620 909 3686 dicunt
935 3621 1022 3708 quod
1051 3621 1209 3686 Ricardus
1237 3621 1279 3686 de
1308 3623 1392 3688 Um·

286 3721 449 3787 framuilla
471 3731 505 3787 et
527 3723 584 3787 alii
605 3744 668 3787 non
692 3723 814 3788 debent
836 3725 1001 3811 expectari
1022 3726 1100 3812 quia
1121 3726 1265 3791 nullum⁸
1279 3749 1390 3792 eorum

285 3825 337 3890 ius
351 3825 488 3890 habent⁴
503 3826 538 3890 in
552 3834 639 3892 tena
653 3826 710 3892 illa
723 3828 787 3893 nisi
801 3828 873 3915 ipsa
887 3829 1007 3916 Roysia
1021 3853 1058 3896 eo
1075 3830 1162 3917 quod
1176 3839 1265 3896 terra
1282 3831 1341 3895 illa
1359 3831 1394 3895 ei

285 3930 453 3996 descendit
481 3930 551 3996 iure
581 3930 776 3997 hereditario
805 3933 847 3998 de
880 3934 1017 3999 Ricardo
1053 3935 1152 4020 Lucp,
1189 3933 1269 4020 quia
1302 3934 1392 4000 idern

286 4033 443 4099 Ricardus
457 4033 573 4099 habuit
589 4043 623 4099 et
638 4035 746 4100 tenuit
761 4038 985 4104 terramillam
1000 4047 1039 4104 ut
1053 4039 1105 4104 ius
1120 4047 1155 4103 et
1174 4038 1392 4104 hereditatem

286 4159 387 4214 suam,
407 4145 441 4201 et
461 4137 502 4200 da
522 4158 561 4201 eo
578 4137 746 4204 descendit
760 4147 848 4205 terra
861 4141 918 4206 illa
934 4141 1088 4206 Gaufrido
1103 4141 1171 4206 filio
1185 4164 1253 4207 suo.
1296 4142 1392 4208 Idem

288 4239 463 4306 Gaufridus
492 4239 608 4306 habuit
637 4241 717 4309 duos
746 4243 830 4309 filios
859 4245 1035 4310 Ricardum
1059 4253 1094 4311 et
1125 4245 1327 4311 Herbertum
1355 4255 1392 4312 et

417 4387 426 4420 ¹
443 4387 475 4436 B.
486 4401 522 4439 m.
536 4387 552 4437 4
563 4387 590 4438 d.
992 4389 1004 4423 ⁸
1019 4390 1091 4439 corr.
1101 4391 1195 4449 mltos,
1207 4387 1240 4440 B.

416 4452 431 4486 ¹*
442 4455 540 4516 Lama,
554 4453 586 4505 B.
993 4453 1005 4489 ⁴
1021 4455 1092 4506 corr.
1105 4457 1188 4514 utet,
1199 4454 1232 4506 Β.
