3167 5075
158 403 374 467 rlrasuum’s
396 415 487 465 arsa
511 417 549 464 m
573 416 744 478 uoaroan,
766 415 832 466 an.
857 399 951 477 1227,
975 415 1040 468 aa
1063 401 1112 464 12
1159 402 1224 466 62³

127 589 317 676 mesuagium
331 597 404 654 tota
422 588 495 653 uita
512 587 616 674 ipsius
636 587 765 674 Rogeri‚
784 595 819 652 et
840 595 914 673 post
934 587 1101 653 decessum
1122 587 1225 674 ipsius
1238 595 1376 682 ffffigflffi

127 693 233 780 Rogeri
247 693 340 758 uenit
350 693 439 758 idem
447 691 633 758 Willelmus
645 691 767 757 Seiseor
776 692 819 756 ad
829 692 1013 778 predictum
1022 691 1225 757 Willelmum
1238 692 1370 784 &mm

125 799 161 863 de
182 798 341 864 Suffordia
362 807 397 863 et
419 797 461 862 ad
483 805 622 862 matrem
644 819 738 861 suam
760 803 795 861 et
817 795 909 860 dedit
929 795 976 860 eia
992 819 1022 862 v.
1037 795 1091 860 sol.
1107 817 1166 881 per
1179 795 1225 860 sic
1238 782 1371 869 3¹2⁰&ss

125 902 203 988 quod
222 909 331 992 posset
352 909 474 966 terram
495 900 586 965 illam
609 907 720 965 tenere
741 899 827 964 sicut
846 897 938 985 prius
952 899 1043 964 illam
1057 899 1176 976 tenuit,
1191 907 1225 964 et
1237 879 1389 1016 {HQ

124 1013 233 1071 terram
245 1005 335 1070 illam
346 1007 395 1070 ita
406 1005 516 1070 tenuit
530 1005 632 1069 donec
642 1003 808 1090 predictus
816 1003 1001 1069 Willelmus
1013 1005 1053 1069 de
1063 1004 1226 1070 Suffordia
1238 1015 1389 1102 ffiffi·

125 1133 192 1174 eum
206 1110 326 1175 iniuste
341 1108 526 1174 disseisiuit.
571 1108 615 1173 Et
630 1107 703 1173 ideo
718 1107 957 1172 consideratum
977 1115 1028 1172 est
1047 1107 1134 1194 quod
1153 1130 1225 1193 pre-
1238 1109 1390 1204 ww

124 1213 222 1278 dictus
236 1213 420 1278 Willelmus
436 1213 558 1278 Scissor
570 1212 776 1299 recuperauit
792 1212 944 1277 aeiainam
959 1234 1052 1278 auam
1067 1221 1126 1278 ete
1238 1202 1372 1288 fflffl

73 1322 90 1382 '.
182 1317 292 1382 Assisa
306 1316 399 1382 uenit
413 1316 619 1402 recognitura
632 1315 661 1380 si
675 1314 860 1381 Willelmus
874 1315 906 1380 le
922 1316 1104 1403 Burginlun
1119 1325 1153 1382 et
1168 1315 1225 1381 alii
1238 1293 1389 1416 ἵκω

123 1424 198 1488 tales
212 1431 271 1487 ete.
288 1421 408 1486 iniuste
424 1429 483 1486 etc.
499 1419 745 1484 disseisiuerunt
760 1419 982 1485 Alexandrum
1004 1420 1045 1486 de
1065 1420 1226 1486 Omnibus

123 1525 245 1592 Sanctis
260 1523 301 1590 de
315 1524 417 1588 libero
431 1531 619 1588 tenemento
633 1545 692 1588 suo
706 1523 741 1588 in
756 1523 904 1611 Naringe
918 1533 992 1610 post
1006 1525 1066 1589 ult'
1081 1533 1141 1590 ete
1181 1525 1226 1590 Et

121 1629 224 1693 nullus
248 1649 358 1692 eorum
381 1627 483 1705 uenit,
505 1635 557 1692 set
584 1627 735 1694 Clemens
762 1627 959 1713 capellanus
983 1628 1125 1694 balliuua
1146 1628 1228 1695 dicti

121 1730 273 1796 Willelmi
303 1731 398 1795 uenit
427 1738 462 1795 et
491 1729 593 1796 nichil
614 1729 695 1795 dicit
718 1739 778 1796 etc.
840 1728 884 1795 Et
913 1731 971 1796 alii
998 1755 1065 1797 non
1094 1733 1227 1799 fuerunt

120 1835 296 1914 attachiati,
318 1843 353 1900 et
375 1835 546 1900 Hubertus
568 1835 609 1900 de
631 1834 772 1899 Victona
792 1835 937 1900 seruiens
959 1835 1121 1901 hundredi
1141 1835 1227 1902 dixit

119 1941 200 2026 quod
221 1963 289 2005 non
310 1938 508 2005 attachiauit
530 1962 583 2004 eos
603 1938 681 2025 quia
698 1947 876 2004 tenuerunt
890 1939 932 2005 dc
947 1941 1089 2018 ecelesia,
1104 1949 1139 2007 et
1153 1941 1227 2006 ideo

119 2045 151 2109 in
165 2043 392 2111 misericordia.

177 2148 348 2213 duratores
369 2146 484 2211 dicunt
506 2146 593 2232 quod
615 2145 747 2231 quidam
768 2145 958 2211 Goseelinus
975 2145 1018 2211 de
1035 2146 1128 2211 cuius
1142 2148 1227 2213 dono

117 2251 281 2337 predictus
296 2241 483 2315 Alexander
497 2251 616 2315 clamat
631 2257 750 2315 terram
765 2249 857 2314 illam
879 2272 945 2314 non
967 2249 1084 2315 habuit
1105 2259 1226 2316 terram

116 2355 202 2420 illam
217 2356 283 2420 nisi
297 2355 340 2419 ad
355 2355 532 2419 terminum
546 2353 617 2419 uite
631 2376 689 2419 sue
707 2353 748 2420 de
768 2375 905 2440 persona
925 2352 1071 2419 eiusdem
1093 2355 1226 2420 ecclesie

116 2459 278 2525 reddendo
303 2479 363 2545 per
387 2479 461 2522 ann.
488 2457 530 2544 vj.
553 2457 636 2534 den,
660 2466 694 2521 et
719 2456 922 2544 temporibus
950 2455 1015 2522 illis
1044 2457 1109 2522 fuit
1138 2457 1226 2522 idem

116 2566 301 2631 Alexander
314 2564 456 2629 bellinus
471 2583 549 2627 suus
564 2570 598 2627 et
613 2562 765 2639 seruiens,
781 2570 815 2627 et
834 2568 915 2626 tunc
936 2560 1140 2647 prolocutum
1161 2563 1226 2628 fuit

115 2670 199 2755 quod
228 2667 397 2756 predictus
422 2666 607 2732 Joscelinus
636 2664 766 2731 debuit²
796 2672 917 2730 terram
954 2664 1044 2730 illam
1080 2665 1227 2751 predicto

115 2774 310 2849 Alexandro,
327 2778 377 2837 set
397 2770 579 2837 Joscelinus
597 2769 680 2835 obiit
699 2769 777 2835 inde
795 2769 935 2847 seisitus,
960 2777 995 2834 et
1016 2768 1130 2835 statim
1152 2778 1227 2857 post

112 2883 252 2941 mortem
268 2896 361 2939 suam
376 2872 469 2937 uenit
483 2872 571 2937 idem
586 2871 771 2937 Willelmus
785 2878 820 2935 et
838 2870 1054 2937 incontinenti
1068 2873 1177 2958 posuit
1192 2896 1226 2937 se

112 2978 147 3043 in
161 2988 287 3045 terram
301 2978 401 3055 illam,
415 2976 502 3042 unde
522 2976 636 3041 dicunt
658 2974 745 3061 quod
766 2974 953 3040 Alexander
973 2997 1140 3062 nunquam
1162 2976 1228 3042 fuit

111 3084 187 3150 inde
203 3084 353 3167 seiaitua,
384 3082 428 3147 Et
442 3080 515 3146 ideo
530 3080 769 3145 consideratum
784 3078 938 3165 estquod
951 3076 1136 3145 Willelmus
1149 3079 1226 3146 inde

111 3188 246 3275 quietus
262 3197 298 3253 et
313 3186 497 3252 Alexander
511 3185 547 3251 in
561 3184 780 3249 misericordia
794 3192 853 3250 ete
1211 3201 1214 3205 ’

45 3296 76 3359 λ6.
174 3292 293 3357 Assisa
307 3290 399 3357 uenit
414 3289 619 3376 recognitura
630 3288 661 3353 si
675 3288 818 3355 lacobus
828 3288 870 3353 de
886 3288 1081 3354 Sumertona
1095 3296 1130 3354 et
1144 3288 1227 3354 tales

106 3404 170 3463 etc.
196 3396 324 3461 iniuete
353 3402 413 3460 etc.
437 3393 683 3459 disseisiuerunt
712 3392 870 3457 Brianum
896 3391 939 3456 de
965 3393 1161 3458 Sumertona
1184 3393 1227 3459 de

109 3501 213 3567 libero
228 3506 421 3566 tenemento
435 3520 494 3563 euo
508 3498 543 3562 in
559 3497 762 3575 Sumertona,
774 3504 848 3583 post
859 3495 919 3561 ult'
934 3505 993 3563 etc
1025 3498 1069 3563 Et
1083 3497 1107 3563 J
1107 3498 1227 3565 acobus

109 3606 218 3671 etalii
233 3610 400 3669 uenerunt
416 3610 450 3667 et
464 3602 547 3667 bene
562 3602 744 3667 concedunt
758 3600 899 3665 assisam.

174 3712 350 3776 ‚iuratores
379 3708 493 3772 dicunt
523 3707 608 3793 quod
637 3705 796 3771 Ricardus
825 3712 919 3791 pater
945 3704 1083 3791 predicti
1111 3706 1227 3772 Jacobi
1354 3721 1357 3725 “

109 3814 221 3880 tenuit
238 3822 362 3879 terram
376 3812 467 3877 illam
481 3810 565 3875 sieut
581 3811 711 3875 feodum
731 3832 838 3889 suum,
857 3817 892 3874 et
913 3808 1031 3875 habuit
1052 3811 1227 3895 quamdam

110 3918 288 3983 mulierem
310 3915 346 3980 in
367 3913 462 3979 domo
483 3936 543 3979 aua
564 3936 604 3978 ex
626 3935 692 3999 qua
711 3912 829 3977 habuit
844 3912 1003 3977 Brianum
1017 3921 1052 3977 et
1067 3912 1227 3978 tres-alios

110 4042 231 4107 pueros
247 4019 283 4083 in
304 4017 497 4103 suineeagio,
514 4024 548 4081 et
566 4023 680 4102 postea
701 4014 910 4101 desponsauit
931 4014 1035 4101 ipsam
1057 4015 1226 4081 mulierem

143 4192 219 4242 ²131.
252 4190 272 4239 l.
301 4190 348 4241 192
375 4188 401 4240 b.
447 4186 592 4251 According
619 4191 648 4237 to
699 4186 848 4238 thedonee.

110 4258 230 4308 Braeton
250 4254 326 4305 there
344 4252 430 4304 would
451 4253 483 4304 ba
500 4267 535 4303 no
554 4266 646 4302 manu·
730 4252 859 4315 ’Supply
877 4252 938 4302 dore
959 4253 998 4319 (l).
1031 4254 1145 4306 Acroce
1166 4270 1227 4307 over

110 4324 227 4373 misaion
244 4319 354 4383 implied
370 4318 399 4368 ln
415 4317 470 4369 this
486 4318 544 4381 gift,
556 4318 596 4368 lor
612 4332 648 4367 no
697 4320 785 4369 &tait
807 4316 861 4368 and
878 4317 990 4369 another
1008 4318 1038 4371 in
1056 4318 1102 4371 the
1122 4323 1226 4385 margin

110 4388 235 4439 mention
248 4385 275 4434 ia
283 4384 358 4435 made
365 4384 395 4434 ol
404 4383 448 4434 the
457 4383 560 4434 donee's
567 4382 646 4432 heire.
698 4398 767 4433 seem
778 4384 807 4433 to
816 4386 878 4434 note
889 4398 906 4434 a
916 4382 1036 4435 miataka.

110 4451 300 4505 Nevertheleas
310 4449 357 4501 the
367 4448 450 4499 donor
460 4463 510 4500 ean
521 4451 569 4499 not
582 4448 647 4511 aieot
