3167 5075
377 404 446 474 278
599 416 717 471 consu
739 416 838 482 mos,
860 406 1109 478 nn..1238-9,
1130 417 1194 468 nn
1217 403 1267 467 23.

208 638 211 643 -
246 684 247 689 ἵ
270 608 271 611 ’
382 594 507 661 remisit
532 594 790 660 'antecessoribus
818 592 922 679 ipsius
956 592 1047 659 Petri
1075 591 1142 657 ten'
1171 614 1230 679 pro
1257 590 1316 676 iiij
1344 590 1395 655 sol
1419 610 1466 675 per

382 722 512 766 annum.

450 804 493 867 Et
516 802 694 867 Gilibertus
715 800 796 866 dicit
818 798 904 886 quod
925 820 991 864 non
1013 808 1063 864 est
1085 799 1179 865 heres
1203 798 1306 884 ipsius
1331 796 1470 863 Willelrui

371 908 441 994 .qui
455 915 578 973 certam
593 906 682 971 illem
697 906 789 971 dedit
803 926 864 969 nec
878 904 1003 991 aliquid
1016 904 1051 967 in
1066 926 1106 969 ee
1118 904 1306 969 continetur
1325 926 1383 989 per
1398 900 1470 988 quod

385 1011 503 1076 debeat
518 1018 637 1074 terrem
652 1009 742 1073 illam
763 1006 969 1072 wsrentizere
987 1028 1048 1071 neo
1066 1005 1192 1092 aliquid
1211 1007 1332 1071 clamat
1349 1006 1384 1070 in
1400 1015 1473 1069 terra

385 1114 442 1178 ille
456 1136 515 1178 nec
530 1114 565 1177 in
585 1111 721 1177 seruicio
742 1111 808 1188 illo,
823 1119 858 1175 et
877 1109 952 1174 ideo
970 1130 1036 1173 non
1056 1108 1190 1175 uidetur
1209 1110 1242 1174 ei
1264 1109 1351 1195 quud
1371 1108 1476 1173 debent-

374 1221 475 1285 illem
497 1219 528 1284 ei
550 1219 763 1284 warentizere.
810 1218 854 1283 Et
874 1217 990 1283 Petrus
1010 1216 1196 1302 dicitquod
1215 1216 1378 1281 Robertus
1395 1224 1479 1302 peter

384 1322 487 1407 ipsius
502 1318 655 1385 Giliberti
670 1318 785 1384 hebuit
799 1328 927 1403 septem
940 1339 1031 1384 eorus
1051 1318 1086 1381 in
1106 1318 1255 1383 Nechnm
1275 1319 1311 1383 in
1330 1317 1481 1383 esesmbio

386 1448 444 1511 pro
458 1424 523 1489 illis
537 1424 600 1509 xvj.
615 1423 696 1488 seris
711 1423 754 1487 ab
774 1421 1031 1486 antecessoribus
1049 1422 1118 1487 suis
1135 1430 1269 1508 propter
1287 1422 1375 1508 quod
1393 1422 1483 1487 debet

387 1538 505 1594 terram
522 1528 610 1592 illem
626 1526 657 1591 ei
672 1525 887 1590 warentizure.

453 1632 496 1696 Et
512 1631 689 1697 Gilibertus
702 1630 783 1695 dicit
798 1628 885 1715 quod
898 1630 1023 1695 nullam
1038 1644 1158 1695 terram
1172 1638 1266 1695 tenet
1279 1629 1315 1694 in
1330 1630 1485 1695 esosmbio

387 1760 444 1824 pro
458 1736 523 1802 illis
537 1734 600 1820 xvj.
615 1735 705 1811 acris,
718 1758 779 1799 nee
796 1734 922 1821 aliquid
938 1736 1058 1800 elamet
1077 1736 1113 1799 in
1132 1735 1198 1800 illis
1219 1756 1279 1800 nec
1300 1734 1337 1799 in
1358 1734 1487 1799 semicio

386 1842 451 1919 illo,
466 1862 526 1906 nec
547 1840 634 1904 idem
655 1839 771 1904 Petrus
790 1839 934 1925 aliquem
953 1849 1077 1905 certum
1096 1840 1218 1926 profert
1235 1838 1278 1903 de
1297 1838 1487 1903 feofnmento

387 1968 447 2011 nee
461 1944 591 2031 aliquod
607 1944 847 2008 munimentum
862 1966 921 2029 per
933 1944 1021 2029 quod
1035 1944 1154 2009 debeat
1172 1943 1262 2008 illem
1277 1940 1486 2006 warentime

389 2047 467 2111 Ideo
483 2044 717 2111 consideratum
734 2053 784 2110 est
805 2045 892 2130 quod
907 2046 1001 2119 Dom.
1015 2042 1102 2109 Ιὶειι
1116 2042 1323 2130 recuperauit
1342 2043 1487 2108 seisinem

388 2172 480 2216 susm
496 2158 530 2214 et
544 2150 723 2215 Gilibertus
737 2149 814 2213 inde
827 2150 898 2214 sins
912 2148 975 2227 die,
990 2158 1025 2213 et
1039 2149 1067 2213 si
1082 2147 1170 2213 idem
1189 2148 1307 2212 Petrus
1321 2147 1488 2212 crediderit

387 2275 422 2317 se
444 2251 574 2337 aliquod
597 2250 649 2315 ius
674 2249 792 2315 hebere
814 2250 850 2315 in
871 2259 959 2315 terre
978 2251 1045 2329 illu,
1066 2251 1233 2337 perquiret
1254 2251 1331 2317 inde
1352 2251 1417 2316 sibi
1435 2272 1489 2337 per

389 2358 494 2442 legem
510 2363 594 2420 terre
610 2377 722 2419 uersus
737 2355 936 2420 Gilibertum
950 2355 978 2420 si
993 2355 1158 2421 uoluerit¹.

455 2458 616 2523 Hemicus
635 2458 677 2522 de
699 2458 824 2523 Kentie
844 2466 980 2545 questus
1001 2460 1066 2524 fuit
1087 2460 1182 2525 Donn
1200 2458 1288 2546 Regi
1309 2456 1397 2546 quod
1418 2479 1487 2522 eum

389 2563 604 2651 implacitaret
619 2563 792 2650 quemdem
806 2562 1009 2628 Willelmum
1023 2563 1118 2629 Pieoc
1132 2585 1239 2629 corum
1258 2563 1445 2630 iusticinriis
1455 2564 1488 2630 in

387 2671 489 2735 banco
504 2691 562 2755 per
574 2669 674 2733 breue
689 2667 730 2733 de
750 2669 816 2733 fine
834 2667 927 2746 facto,
941 2678 977 2732 et
996 2668 1085 2734 unde
1103 2668 1152 2734 ibi
1170 2677 1307 2756 questus
1325 2670 1389 2734 fuit
1407 2667 1489 2755 qnod

389 2773 553 2860 predictus
581 2771 747 2837 Johannes
777 2771 818 2838 de
847 2770 907 2836 N.¹
935 2771 1058 2837 iniuste
1093 2773 1182 2858 oepit
1216 2772 1330 2837 anelis
1364 2793 1425 2837 sue
1456 2783 1489 2835 et

388 2875 531 2941 detinuit
551 2897 609 2961 pro
631 2874 759 2939 defectu
781 2875 884 2960 ipsius
907 2874 1065 2940 Willelmi
1084 2886 1197 2942 oontm
1216 2876 1317 2940 finem
1335 2875 1438 2952 illum,
1456 2886 1488 2939 et

389 3003 495 3046 eorem
510 2979 630 3044 eisdem
645 2979 831 3045 iusticinriis
844 2979 1083 3045 consideratum
1098 2989 1185 3046 esset
1203 2980 1290 3066 quod
1308 2981 1421 3046 eueris
1432 3003 1490 3044 suu

389 3086 421 3152 ei
452 3084 717 3162 deliberarentur,
745 3092 780 3148 st
810 3084 940 3150 tulisset
969 3085 1069 3150 breue
1098 3086 1193 3150 Dum.
1222 3083 1323 3172 Regis
1351 3084 1492 3171 predicto

389 3191 413 3256 J
413 3189 541 3264 ohanni,
552 3189 621 3275 ipse
636 3189 666 3254 J.
679 3189 760 3258 illud
775 3189 917 3275 recipere
931 3190 1038 3254 noluit
1054 3213 1113 3255 nec
1127 3189 1251 3276 aliquid
1264 3212 1323 3276 pm
1336 3213 1376 3256 eo
1388 3188 1492 3254 iecere

263 3333 266 3343 ·
309 3305 312 3312 ’
391 3295 495 3359 uoluit
521 3291 556 3358 in
582 3301 805 3379 contemptum
829 3294 923 3360 Dum
947 3294 1057 3382 Regis,
1080 3303 1115 3359 et
1140 3296 1243 3360 eciem
1265 3295 1362 3380 plum
1380 3293 1494 3360 breuis

389 3398 531 3484 recipere
545 3397 715 3474 recusauit,
729 3398 778 3468 its
790 3399 876 3485 quod
891 3398 1068 3485 dampnum
1084 3397 1185 3464 hebet
1199 3407 1259 3465 etc
1295 3398 1342 3464 Et
1354 3399 1386 3463 J.
1402 3398 1494 3462 uenit

389 3507 423 3563 et
438 3498 518 3563 dicit
532 3499 619 3584 quod
632 3498 797 3584 predictus
813 3500 861 3565 W.
874 3501 974 3566 Pikoo
988 3501 1206 3587 impleeiteuit
1220 3501 1361 3566 eundem
1375 3499 1495 3565 Henri-

389 3627 463 3668 cum
482 3603 522 3668 de
544 3603 664 3689 placito
683 3603 909 3669 conueneionis
926 3605 963 3668 in
983 3604 1141 3669 comitatu
1160 3604 1249 3670 etin
1271 3613 1403 3670 tuntum
1425 3625 1495 3691 pro

389 3705 485 3769 cessit
499 3704 655 3791 placitum
670 3703 752 3770 illud
765 3705 852 3791 quod
865 3704 1051 3771 ediudieete
1067 3707 1200 3771 fuerunt
1212 3705 1320 3772 eidem
1332 3705 1498 3771 Willelmo

390 3832 448 3896 per
462 3809 750 3874 considemcionem
765 3811 939 3876 comitatus
957 3812 991 3898 ij.
1006 3833 1113 3876 meroe
1133 3819 1168 3876 et
1186 3811 1331 3888 dimidiu,
1345 3819 1381 3877 et
1400 3811 1499 3877 dctus

390 3915 454 3980 fuit
468 3915 537 3979 dies
551 3913 593 3978 ad
607 3914 801 3979 solucionem
821 3914 1010 3994 faciendam,
1024 3915 1067 3980 ad
1088 3937 1186 4001 quem
1206 3915 1308 3980 nichil
1328 3915 1433 3981 soluit
1454 3916 1502 3981 its

389 4019 477 4106 quod
513 4019 748 4084 consideratum
784 4019 849 4083 fuit
887 4019 974 4105 quod
1013 4019 1270 4106 distringeretur,
1306 4030 1344 4085 et
1381 4021 1501 4087 bellini

392 4133 547 4210 ceperunt
572 4123 683 4187 euerie
705 4122 807 4208 ipsius
829 4123 881 4199 H„
905 4132 940 4188 et
964 4147 1062 4210 super
1085 4125 1146 4189 hoc
1170 4125 1263 4190 uenit
1289 4125 1333 4191 H
1360 4137 1397 4191 et
1424 4129 1503 4192 tulit

384 4303 387 4310 Δ
425 4317 507 4367 ¹‘l'he
529 4319 590 4378 king
611 4318 633 4366 is
657 4317 824 4377 demandent,
843 4318 917 4370 Peter
969 4322 1078 4377 tremi.
1540 4317 1541 4386 l

394 4387 493 4438 tenent.
506 4384 605 4432 Gilbert
616 4385 735 4432 ronches.
998 4387 1010 4420 ³
1028 4387 1173 4450 Seemingly
1185 4387 1229 4437 sne
1241 4387 1344 4440 sherifl.
1540 4387 1541 4412 ³

426 4449 436 4480 ⁹
453 4448 517 4497 This
531 4447 630 4497 isFitz.
645 4451 773 4498 uam-aunt
790 4452 820 4498 de
838 4451 916 4500 elue·-
