<?xml version="1.0" encoding="UTF-8"?>
<!DOCTYPE html PUBLIC "-//W3C//DTD XHTML 1.0 Transitional//EN"
    "http://www.w3.org/TR/xhtml1/DTD/xhtml1-transitional.dtd">
<html xmlns="http://www.w3.org/1999/xhtml" xml:lang="en" lang="en">
 <head>
  <title>
</title>
<meta http-equiv="Content-Type" content="text/html;charset=utf-8" />
  <meta name='ocr-system' content='tesseract 3.04.00' />
  <meta name='ocr-capabilities' content='ocr_page ocr_carea ocr_par ocr_line ocrx_word'/>
</head>
<body>
  <div class='ocr_page' id='page_1' title='image "bractonsnoteboo03maitgoog_0552.png"; bbox 0 0 3167 5075; ppageno 0'>
   <div class='ocr_carea' id='block_1_1' title="bbox 369 385 1258 462">
    <p class='ocr_par' dir='ltr' id='par_1_1' title="bbox 369 385 1258 462">
     <span class='ocr_line' id='line_1_1' title="bbox 369 385 1258 462; baseline 0.003 -15"><span class='ocrx_word' id='word_1_1' title='bbox 369 385 433 450; x_wconf 80' lang='lat'>536</span> <span class='ocrx_word' id='word_1_2' title='bbox 592 399 828 462; x_wconf 71' lang='lat' dir='ltr'>urcuamuas</span> <span class='ocrx_word' id='word_1_3' title='bbox 849 399 913 448; x_wconf 72' lang='lat' dir='ltr'>nn.</span> <span class='ocrx_word' id='word_1_4' title='bbox 939 387 1032 462; x_wconf 74' lang='lat'>1225,</span> <span class='ocrx_word' id='word_1_5' title='bbox 1054 400 1117 449; x_wconf 71' lang='lat' dir='ltr'>nn.</span> <span class='ocrx_word' id='word_1_6' title='bbox 1144 389 1258 452; x_wconf 84' lang='lat'>9-10.</span> 
     </span>
    </p>
   </div>
   <div class='ocr_carea' id='block_1_2' title="bbox 367 571 1454 868">
    <p class='ocr_par' dir='ltr' id='par_1_2' title="bbox 367 571 1454 868">
     <span class='ocr_line' id='line_1_2' title="bbox 367 571 1452 662; baseline 0.001 -24"><span class='ocrx_word' id='word_1_7' title='bbox 367 571 553 657; x_wconf 73' lang='lat' dir='ltr'><strong>calumpnia</strong></span> <span class='ocrx_word' id='word_1_8' title='bbox 566 594 664 658; x_wconf 89' lang='lat' dir='ltr'>quam</span> <span class='ocrx_word' id='word_1_9' title='bbox 679 594 757 660; x_wconf 83' lang='lat' dir='ltr'>erga</span> <span class='ocrx_word' id='word_1_10' title='bbox 770 595 847 637; x_wconf 92' lang='lat' dir='ltr'>eum</span> <span class='ocrx_word' id='word_1_11' title='bbox 861 573 979 639; x_wconf 89' lang='lat' dir='ltr'>habuit</span> <span class='ocrx_word' id='word_1_12' title='bbox 998 573 1039 640; x_wconf 92' lang='lat' dir='ltr'>de</span> <span class='ocrx_word' id='word_1_13' title='bbox 1061 583 1154 640; x_wconf 85' lang='lat' dir='ltr'>terra</span> <span class='ocrx_word' id='word_1_14' title='bbox 1169 574 1304 640; x_wconf 87' lang='lat' dir='ltr'>Roberti</span> <span class='ocrx_word' id='word_1_15' title='bbox 1324 575 1362 640; x_wconf 93' lang='lat' dir='ltr'>de</span> <span class='ocrx_word' id='word_1_16' title='bbox 1382 575 1452 662; x_wconf 69' lang='lat' dir='ltr'>Oylli</span> 
     </span>
     <span class='ocr_line' id='line_1_3' title="bbox 368 675 1452 762; baseline 0 -20"><span class='ocrx_word' id='word_1_17' title='bbox 368 677 404 742; x_wconf 89' lang='lat' dir='ltr'>in</span> <span class='ocrx_word' id='word_1_18' title='bbox 430 675 591 762; x_wconf 88' lang='lat' dir='ltr'>Ispedena</span> <span class='ocrx_word' id='word_1_19' title='bbox 616 683 676 741; x_wconf 85' lang='lat' dir='ltr'>etc.</span> <span class='ocrx_word' id='word_1_20' title='bbox 699 677 735 740; x_wconf 88' lang='lat' dir='ltr'>iu</span> <span class='ocrx_word' id='word_1_21' title='bbox 760 677 897 742; x_wconf 83' lang='lat' dir='ltr'>seruicia</span> <span class='ocrx_word' id='word_1_22' title='bbox 918 679 1061 744; x_wconf 84' lang='lat' dir='ltr'>militum</span> <span class='ocrx_word' id='word_1_23' title='bbox 1084 679 1151 744; x_wconf 89' lang='lat' dir='ltr'>scil.</span> <span class='ocrx_word' id='word_1_24' title='bbox 1176 678 1306 743; x_wconf 89' lang='lat' dir='ltr'>talium¹</span> <span class='ocrx_word' id='word_1_25' title='bbox 1328 687 1383 744; x_wconf 90' lang='lat' dir='ltr'>etc.</span> <span class='ocrx_word' id='word_1_26' title='bbox 1401 678 1452 742; x_wconf 79' lang='lat' dir='ltr'>scii</span> 
     </span>
     <span class='ocr_line' id='line_1_4' title="bbox 369 780 1454 868; baseline 0.002 -24"><span class='ocrx_word' id='word_1_27' title='bbox 369 781 455 868; x_wconf 92' lang='lat' dir='ltr'>quod</span> <span class='ocrx_word' id='word_1_28' title='bbox 470 781 498 845; x_wconf 89' lang='lat' dir='ltr'>si</span> <span class='ocrx_word' id='word_1_29' title='bbox 512 780 658 866; x_wconf 88' lang='lat' dir='ltr'>predicta</span> <span class='ocrx_word' id='word_1_30' title='bbox 673 781 810 846; x_wconf 87' lang='lat' dir='ltr'>Matillis</span> <span class='ocrx_word' id='word_1_31' title='bbox 825 782 942 847; x_wconf 87' lang='lat' dir='ltr'>obierit</span> <span class='ocrx_word' id='word_1_32' title='bbox 957 783 1026 847; x_wconf 90' lang='lat' dir='ltr'>sine</span> <span class='ocrx_word' id='word_1_33' title='bbox 1041 782 1160 848; x_wconf 90' lang='lat' dir='ltr'>herede</span> <span class='ocrx_word' id='word_1_34' title='bbox 1181 782 1329 868; x_wconf 85' lang='lat' dir='ltr'>predicta</span> <span class='ocrx_word' id='word_1_35' title='bbox 1341 791 1417 848; x_wconf 84' lang='lat' dir='ltr'>terra</span> <span class='ocrx_word' id='word_1_36' title='bbox 1428 794 1454 846; x_wconf 84' lang='lat' dir='ltr'>et</span> 
     </span>
    </p>
   </div>
   <div class='ocr_carea' id='block_1_3' title="bbox 252 885 1454 974">
    <p class='ocr_par' dir='ltr' id='par_1_3' title="bbox 252 885 1454 974">
     <span class='ocr_line' id='line_1_5' title="bbox 252 885 1454 974; baseline 0.001 -25"><span class='ocrx_word' id='word_1_37' title='bbox 252 932 254 935; x_wconf 89' lang='lat'>-</span> <span class='ocrx_word' id='word_1_38' title='bbox 370 885 543 950; x_wconf 90' lang='lat' dir='ltr'>seruicium</span> <span class='ocrx_word' id='word_1_39' title='bbox 559 885 701 950; x_wconf 87' lang='lat' dir='ltr'>militum</span> <span class='ocrx_word' id='word_1_40' title='bbox 717 885 759 950; x_wconf 91' lang='lat' dir='ltr'>ad</span> <span class='ocrx_word' id='word_1_41' title='bbox 773 885 955 951; x_wconf 87' lang='lat' dir='ltr'>Robertum</span> <span class='ocrx_word' id='word_1_42' title='bbox 970 886 1010 952; x_wconf 93' lang='lat' dir='ltr'>de</span> <span class='ocrx_word' id='word_1_43' title='bbox 1027 887 1115 974; x_wconf 82' lang='lat' dir='ltr'>Oylli</span> <span class='ocrx_word' id='word_1_44' title='bbox 1130 887 1241 953; x_wconf 81' lang='lat' dir='ltr'>uelud</span> <span class='ocrx_word' id='word_1_45' title='bbox 1256 887 1385 953; x_wconf 89' lang='lat' dir='ltr'>heredes</span> <span class='ocrx_word' id='word_1_46' title='bbox 1396 909 1454 951; x_wconf 86' lang='lat' dir='ltr'>suos</span> 
     </span>
    </p>
   </div>
   <div class='ocr_carea' id='block_1_4' title="bbox 369 986 1464 3341">
    <p class='ocr_par' dir='ltr' id='par_1_4' title="bbox 369 986 1458 1697">
     <span class='ocr_line' id='line_1_6' title="bbox 369 986 1455 1073; baseline -0.002 -21"><span class='ocrx_word' id='word_1_47' title='bbox 369 986 498 1054; x_wconf 83' lang='lat' dir='ltr'><strong>redibit.</strong></span> <span class='ocrx_word' id='word_1_48' title='bbox 543 989 587 1053; x_wconf 88' lang='lat' dir='ltr'>Et</span> <span class='ocrx_word' id='word_1_49' title='bbox 601 988 728 1053; x_wconf 90' lang='lat' dir='ltr'>desicut</span> <span class='ocrx_word' id='word_1_50' title='bbox 742 988 814 1073; x_wconf 92' lang='lat' dir='ltr'>ipsa</span> <span class='ocrx_word' id='word_1_51' title='bbox 828 988 965 1053; x_wconf 88' lang='lat' dir='ltr'>Matillis</span> <span class='ocrx_word' id='word_1_52' title='bbox 979 989 1107 1053; x_wconf 92' lang='lat' dir='ltr'>nullum</span> <span class='ocrx_word' id='word_1_53' title='bbox 1127 989 1280 1054; x_wconf 85' lang='lat' dir='ltr'>heredem</span> <span class='ocrx_word' id='word_1_54' title='bbox 1299 988 1407 1053; x_wconf 82' lang='lat' dir='ltr'>habuit</span> <span class='ocrx_word' id='word_1_55' title='bbox 1423 987 1455 1051; x_wconf 91' lang='lat' dir='ltr'>de</span> 
     </span>
     <span class='ocr_line' id='line_1_7' title="bbox 369 1091 1455 1179; baseline -0.003 -21"><span class='ocrx_word' id='word_1_56' title='bbox 369 1093 515 1178; x_wconf 84' lang='lat' dir='ltr'>predicto</span> <span class='ocrx_word' id='word_1_57' title='bbox 529 1094 672 1158; x_wconf 88' lang='lat' dir='ltr'>Brienno</span> <span class='ocrx_word' id='word_1_58' title='bbox 685 1093 772 1179; x_wconf 86' lang='lat' dir='ltr'>petit</span> <span class='ocrx_word' id='word_1_59' title='bbox 786 1093 869 1157; x_wconf 89' lang='lat' dir='ltr'>illud</span> <span class='ocrx_word' id='word_1_60' title='bbox 884 1092 1017 1158; x_wconf 84' lang='lat' dir='ltr'>feodum</span> <span class='ocrx_word' id='word_1_61' title='bbox 1030 1093 1072 1159; x_wconf 88' lang='lat' dir='ltr'>ad</span> <span class='ocrx_word' id='word_1_62' title='bbox 1087 1116 1121 1158; x_wconf 88' lang='lat' dir='ltr'>se</span> <span class='ocrx_word' id='word_1_63' title='bbox 1135 1093 1258 1158; x_wconf 87' lang='lat' dir='ltr'>reuerti</span> <span class='ocrx_word' id='word_1_64' title='bbox 1270 1093 1352 1157; x_wconf 88' lang='lat' dir='ltr'>sicut</span> <span class='ocrx_word' id='word_1_65' title='bbox 1362 1091 1455 1157; x_wconf 86' lang='lat' dir='ltr'>debuit</span> 
     </span>
     <span class='ocr_line' id='line_1_8' title="bbox 370 1194 1457 1282; baseline -0.001 -23"><span class='ocrx_word' id='word_1_66' title='bbox 370 1197 542 1262; x_wconf 84' lang='lat' dir='ltr'>reuertisse</span> <span class='ocrx_word' id='word_1_67' title='bbox 571 1196 714 1260; x_wconf 82' lang='lat' dir='ltr'>Roherto</span> <span class='ocrx_word' id='word_1_68' title='bbox 742 1194 784 1260; x_wconf 94' lang='lat' dir='ltr'>de</span> <span class='ocrx_word' id='word_1_69' title='bbox 816 1195 904 1282; x_wconf 83' lang='lat' dir='ltr'>Oylli</span> <span class='ocrx_word' id='word_1_70' title='bbox 933 1218 995 1260; x_wconf 89' lang='lat' dir='ltr'>auo</span> <span class='ocrx_word' id='word_1_71' title='bbox 1024 1217 1083 1260; x_wconf 90' lang='lat' dir='ltr'>suo</span> <span class='ocrx_word' id='word_1_72' title='bbox 1109 1203 1169 1260; x_wconf 89' lang='lat' dir='ltr'>etc.</span> <span class='ocrx_word' id='word_1_73' title='bbox 1226 1196 1270 1260; x_wconf 85' lang='lat' dir='ltr'>Et</span> <span class='ocrx_word' id='word_1_74' title='bbox 1295 1195 1457 1260; x_wconf 86' lang='lat' dir='ltr'>Willelmus</span> 
     </span>
     <span class='ocr_line' id='line_1_9' title="bbox 370 1298 1457 1386; baseline -0.002 -21"><span class='ocrx_word' id='word_1_75' title='bbox 370 1301 517 1386; x_wconf 88' lang='lat' dir='ltr'>quesitus</span> <span class='ocrx_word' id='word_1_76' title='bbox 532 1301 559 1365; x_wconf 90' lang='lat' dir='ltr'>si</span> <span class='ocrx_word' id='word_1_77' title='bbox 576 1301 645 1386; x_wconf 89' lang='lat' dir='ltr'>ipse</span> <span class='ocrx_word' id='word_1_78' title='bbox 668 1300 829 1365; x_wconf 85' lang='lat' dir='ltr'>Bn&#39;ennus</span> <span class='ocrx_word' id='word_1_79' title='bbox 851 1299 982 1386; x_wconf 81' lang='lat' dir='ltr'><strong>aliquod</strong></span> <span class='ocrx_word' id='word_1_80' title='bbox 1003 1300 1055 1364; x_wconf 90' lang='lat' dir='ltr'>ius</span> <span class='ocrx_word' id='word_1_81' title='bbox 1076 1300 1243 1364; x_wconf 76' lang='lat' dir='ltr'>habuisset</span> <span class='ocrx_word' id='word_1_82' title='bbox 1263 1300 1298 1364; x_wconf 92' lang='lat' dir='ltr'>in</span> <span class='ocrx_word' id='word_1_83' title='bbox 1318 1299 1402 1364; x_wconf 79' lang='lat' dir='ltr'>feodo</span> <span class='ocrx_word' id='word_1_84' title='bbox 1414 1298 1457 1362; x_wconf 85' lang='lat' dir='ltr'>illo</span> 
     </span>
     <span class='ocr_line' id='line_1_10' title="bbox 370 1403 1457 1490; baseline -0.005 -20"><span class='ocrx_word' id='word_1_85' title='bbox 370 1405 446 1470; x_wconf 91' lang='lat' dir='ltr'>dim</span> <span class='ocrx_word' id='word_1_86' title='bbox 469 1405 584 1469; x_wconf 87' lang='lat' dir='ltr'>militis</span> <span class='ocrx_word' id='word_1_87' title='bbox 605 1404 753 1469; x_wconf 88' lang='lat' dir='ltr'>donando</span> <span class='ocrx_word' id='word_1_88' title='bbox 775 1404 839 1470; x_wconf 90' lang='lat' dir='ltr'>nisi</span> <span class='ocrx_word' id='word_1_89' title='bbox 860 1427 918 1490; x_wconf 88' lang='lat' dir='ltr'>per</span> <span class='ocrx_word' id='word_1_90' title='bbox 943 1403 1138 1469; x_wconf 84' lang='lat' dir='ltr'>Matillidem</span> <span class='ocrx_word' id='word_1_91' title='bbox 1166 1403 1208 1468; x_wconf 89' lang='lat' dir='ltr'>de</span> <span class='ocrx_word' id='word_1_92' title='bbox 1233 1403 1322 1490; x_wconf 83' lang='lat' dir='ltr'>Oylli</span> <span class='ocrx_word' id='word_1_93' title='bbox 1347 1424 1457 1467; x_wconf 85' lang='lat' dir='ltr'>uxoren</span> 
     </span>
     <span class='ocr_line' id='line_1_11' title="bbox 370 1506 1458 1594; baseline -0.002 -22"><span class='ocrx_word' id='word_1_94' title='bbox 370 1529 463 1572; x_wconf 89' lang='lat' dir='ltr'>suam</span> <span class='ocrx_word' id='word_1_95' title='bbox 485 1507 577 1572; x_wconf 89' lang='lat' dir='ltr'>cuius</span> <span class='ocrx_word' id='word_1_96' title='bbox 599 1507 762 1572; x_wconf 71' lang='lat' dir='ltr'>heredites</span> <span class='ocrx_word' id='word_1_97' title='bbox 784 1509 892 1594; x_wconf 91' lang='lat' dir='ltr'>ipsum</span> <span class='ocrx_word' id='word_1_98' title='bbox 919 1507 1049 1573; x_wconf 86' lang='lat' dir='ltr'>feodum</span> <span class='ocrx_word' id='word_1_99' title='bbox 1075 1517 1154 1584; x_wconf 88' lang='lat' dir='ltr'>erat,</span> <span class='ocrx_word' id='word_1_100' title='bbox 1176 1507 1258 1572; x_wconf 87' lang='lat' dir='ltr'>dicit</span> <span class='ocrx_word' id='word_1_101' title='bbox 1281 1507 1366 1593; x_wconf 91' lang='lat' dir='ltr'>quod</span> <span class='ocrx_word' id='word_1_102' title='bbox 1391 1506 1458 1572; x_wconf 78' lang='lat' dir='ltr'>bone</span> 
     </span>
     <span class='ocr_line' id='line_1_12' title="bbox 371 1611 666 1697; baseline -0.003 -21"><span class='ocrx_word' id='word_1_103' title='bbox 371 1611 473 1676; x_wconf 89' lang='lat' dir='ltr'>credit</span> <span class='ocrx_word' id='word_1_104' title='bbox 488 1611 575 1697; x_wconf 91' lang='lat' dir='ltr'>quod</span> <span class='ocrx_word' id='word_1_105' title='bbox 593 1634 666 1676; x_wconf 91' lang='lat' dir='ltr'>non.</span> 
     </span>
    </p>

    <p class='ocr_par' dir='ltr' id='par_1_5' title="bbox 370 1715 1460 2094">
     <span class='ocr_line' id='line_1_13' title="bbox 436 1715 1459 1803; baseline -0.002 -23"><span class='ocrx_word' id='word_1_106' title='bbox 436 1716 553 1781; x_wconf 85' lang='lat' dir='ltr'>Postea</span> <span class='ocrx_word' id='word_1_107' title='bbox 580 1715 764 1780; x_wconf 85' lang='lat' dir='ltr'>Willelmus</span> <span class='ocrx_word' id='word_1_108' title='bbox 789 1717 936 1803; x_wconf 90' lang='lat' dir='ltr'>quesitus</span> <span class='ocrx_word' id='word_1_109' title='bbox 959 1717 988 1781; x_wconf 89' lang='lat' dir='ltr'>si</span> <span class='ocrx_word' id='word_1_110' title='bbox 1013 1716 1092 1803; x_wconf 91' lang='lat' dir='ltr'>quid</span> <span class='ocrx_word' id='word_1_111' title='bbox 1123 1716 1214 1782; x_wconf 81' lang='lat' dir='ltr'>aliud</span> <span class='ocrx_word' id='word_1_112' title='bbox 1239 1716 1342 1781; x_wconf 86' lang='lat' dir='ltr'>uellet</span> <span class='ocrx_word' id='word_1_113' title='bbox 1364 1715 1459 1790; x_wconf 85' lang='lat' dir='ltr'>dicere,</span> 
     </span>
     <span class='ocr_line' id='line_1_14' title="bbox 371 1803 1460 1907; baseline 0.002 -24"><span class='ocrx_word' id='word_1_114' title='bbox 371 1819 452 1884; x_wconf 91' lang='lat' dir='ltr'>dicit</span> <span class='ocrx_word' id='word_1_115' title='bbox 475 1819 562 1906; x_wconf 93' lang='lat' dir='ltr'>quod</span> <span class='ocrx_word' id='word_1_116' title='bbox 584 1819 710 1885; x_wconf 88' lang='lat' dir='ltr'>desieut</span> <span class='ocrx_word' id='word_1_117' title='bbox 735 1803 805 1907; x_wconf 83' lang='lat' dir='ltr'>ipse</span> <span class='ocrx_word' id='word_1_118' title='bbox 828 1821 903 1886; x_wconf 90' lang='lat' dir='ltr'>inde</span> <span class='ocrx_word' id='word_1_119' title='bbox 926 1822 1026 1886; x_wconf 87' lang='lat' dir='ltr'>habet</span> <span class='ocrx_word' id='word_1_120' title='bbox 1051 1821 1331 1887; x_wconf 87' lang='lat' dir='ltr'>confirmacionem</span> <span class='ocrx_word' id='word_1_121' title='bbox 1351 1821 1460 1906; x_wconf 84' lang='lat' dir='ltr'>Regum</span> 
     </span>
     <span class='ocr_line' id='line_1_15' title="bbox 372 1924 1460 2012; baseline -0.003 -22"><span class='ocrx_word' id='word_1_122' title='bbox 372 1925 508 1990; x_wconf 89' lang='lat' dir='ltr'>Henrici</span> <span class='ocrx_word' id='word_1_123' title='bbox 530 1932 565 1988; x_wconf 91' lang='lat' dir='ltr'>et</span> <span class='ocrx_word' id='word_1_124' title='bbox 587 1925 610 1990; x_wconf 88' lang='lat' dir='ltr'><strong>J</strong></span> <span class='ocrx_word' id='word_1_125' title='bbox 611 1925 748 1990; x_wconf 89' lang='lat' dir='ltr'>ohannis</span> <span class='ocrx_word' id='word_1_126' title='bbox 769 1924 846 1990; x_wconf 92' lang='lat' dir='ltr'>inde</span> <span class='ocrx_word' id='word_1_127' title='bbox 870 1934 966 1991; x_wconf 86' lang='lat' dir='ltr'>uocat</span> <span class='ocrx_word' id='word_1_128' title='bbox 988 1924 1029 1990; x_wconf 88' lang='lat' dir='ltr'>ad</span> <span class='ocrx_word' id='word_1_129' title='bbox 1051 1933 1232 1992; x_wconf 74' lang='lat' dir='ltr'>warantum</span> <span class='ocrx_word' id='word_1_130' title='bbox 1247 1927 1341 1991; x_wconf 86' lang='lat' dir='ltr'>Dom</span> <span class='ocrx_word' id='word_1_131' title='bbox 1356 1927 1460 2012; x_wconf 69' lang='lat' dir='ltr'>Regem</span> 
     </span>
     <span class='ocr_line' id='line_1_16' title="bbox 370 2038 433 2094; baseline 0 0"><span class='ocrx_word' id='word_1_132' title='bbox 370 2038 433 2094; x_wconf 86' lang='lat' dir='ltr'>etc.</span> 
     </span>
    </p>

    <p class='ocr_par' dir='ltr' id='par_1_6' title="bbox 370 2132 1463 2927">
     <span class='ocr_line' id='line_1_17' title="bbox 437 2132 1462 2222; baseline -0.001 -26"><span class='ocrx_word' id='word_1_133' title='bbox 437 2133 481 2197; x_wconf 89' lang='lat' dir='ltr'>Et</span> <span class='ocrx_word' id='word_1_134' title='bbox 510 2134 588 2220; x_wconf 85' lang='lat' dir='ltr'>quia</span> <span class='ocrx_word' id='word_1_135' title='bbox 616 2135 791 2201; x_wconf 90' lang='lat' dir='ltr'>conuencio</span> <span class='ocrx_word' id='word_1_136' title='bbox 821 2134 970 2222; x_wconf 87' lang='lat' dir='ltr'>predicta</span> <span class='ocrx_word' id='word_1_137' title='bbox 998 2156 1097 2222; x_wconf 90' lang='lat' dir='ltr'>quam</span> <span class='ocrx_word' id='word_1_138' title='bbox 1126 2133 1291 2220; x_wconf 86' lang='lat' dir='ltr'>predictus</span> <span class='ocrx_word' id='word_1_139' title='bbox 1321 2132 1462 2198; x_wconf 86' lang='lat' dir='ltr'>Henrieus</span> 
     </span>
     <span class='ocr_line' id='line_1_18' title="bbox 371 2236 1462 2323; baseline 0 -23"><span class='ocrx_word' id='word_1_140' title='bbox 371 2236 493 2321; x_wconf 89' lang='lat' dir='ltr'>profert</span> <span class='ocrx_word' id='word_1_141' title='bbox 518 2237 606 2302; x_wconf 85' lang='lat' dir='ltr'>facta</span> <span class='ocrx_word' id='word_1_142' title='bbox 629 2237 694 2302; x_wconf 85' lang='lat' dir='ltr'>fuit</span> <span class='ocrx_word' id='word_1_143' title='bbox 715 2247 792 2303; x_wconf 88' lang='lat' dir='ltr'>ante</span> <span class='ocrx_word' id='word_1_144' title='bbox 815 2238 903 2304; x_wconf 90' lang='lat' dir='ltr'>diem</span> <span class='ocrx_word' id='word_1_145' title='bbox 925 2248 960 2304; x_wconf 89' lang='lat' dir='ltr'>et</span> <span class='ocrx_word' id='word_1_146' title='bbox 981 2260 1104 2303; x_wconf 88' lang='lat' dir='ltr'>annum</span> <span class='ocrx_word' id='word_1_147' title='bbox 1130 2260 1195 2323; x_wconf 92' lang='lat' dir='ltr'>quo</span> <span class='ocrx_word' id='word_1_148' title='bbox 1220 2237 1292 2302; x_wconf 85' lang='lat' dir='ltr'>Rex</span> <span class='ocrx_word' id='word_1_149' title='bbox 1318 2238 1360 2302; x_wconf 80' lang='grc' dir='ltr'>Η</span> <span class='ocrx_word' id='word_1_150' title='bbox 1381 2257 1462 2302; x_wconf 79' lang='lat' dir='ltr'>senex</span> 
     </span>
     <span class='ocr_line' id='line_1_19' title="bbox 371 2339 1463 2429; baseline -0.002 -24"><span class='ocrx_word' id='word_1_151' title='bbox 371 2339 478 2418; x_wconf 85' lang='lat' dir='ltr'>obiit¹‚</span> <span class='ocrx_word' id='word_1_152' title='bbox 493 2350 528 2406; x_wconf 87' lang='lat' dir='ltr'>et</span> <span class='ocrx_word' id='word_1_153' title='bbox 549 2342 725 2407; x_wconf 90' lang='lat' dir='ltr'>conuencio</span> <span class='ocrx_word' id='word_1_154' title='bbox 746 2342 804 2407; x_wconf 87' lang='lat' dir='ltr'>illa</span> <span class='ocrx_word' id='word_1_155' title='bbox 825 2365 993 2429; x_wconf 89' lang='lat' dir='ltr'>nunquam</span> <span class='ocrx_word' id='word_1_156' title='bbox 1015 2349 1164 2407; x_wconf 77' lang='lat' dir='ltr'>assecuta</span> <span class='ocrx_word' id='word_1_157' title='bbox 1184 2341 1257 2418; x_wconf 83' lang='lat' dir='ltr'>fuit,</span> <span class='ocrx_word' id='word_1_158' title='bbox 1277 2350 1313 2406; x_wconf 89' lang='lat' dir='ltr'>et</span> <span class='ocrx_word' id='word_1_159' title='bbox 1334 2350 1463 2427; x_wconf 86' lang='lat' dir='ltr'>preterea</span> 
     </span>
     <span class='ocr_line' id='line_1_20' title="bbox 370 2445 1463 2531; baseline -0.002 -22"><span class='ocrx_word' id='word_1_160' title='bbox 370 2453 459 2510; x_wconf 83' lang='lat' dir='ltr'>carte</span> <span class='ocrx_word' id='word_1_161' title='bbox 481 2445 610 2531; x_wconf 75' lang='lat' dir='ltr'>Regum</span> <span class='ocrx_word' id='word_1_162' title='bbox 632 2446 675 2510; x_wconf 94' lang='lat' dir='ltr'>H.</span> <span class='ocrx_word' id='word_1_163' title='bbox 691 2445 747 2510; x_wconf 88' lang='lat' dir='ltr'>aui</span> <span class='ocrx_word' id='word_1_164' title='bbox 769 2453 828 2511; x_wconf 83' lang='lat' dir='ltr'>etc.</span> <span class='ocrx_word' id='word_1_165' title='bbox 846 2455 880 2510; x_wconf 94' lang='lat' dir='ltr'>et</span> <span class='ocrx_word' id='word_1_166' title='bbox 899 2446 1060 2510; x_wconf 88' lang='lat' dir='ltr'>Johanuis</span> <span class='ocrx_word' id='word_1_167' title='bbox 1074 2453 1134 2510; x_wconf 83' lang='lat' dir='ltr'>etc</span> <span class='ocrx_word' id='word_1_168' title='bbox 1150 2445 1274 2531; x_wconf 87' lang='lat' dir='ltr'>precise</span> <span class='ocrx_word' id='word_1_169' title='bbox 1288 2445 1463 2510; x_wconf 84' lang='lat' dir='ltr'>confirmant</span> 
     </span>
     <span class='ocr_line' id='line_1_21' title="bbox 370 2546 1463 2633; baseline -0.001 -22"><span class='ocrx_word' id='word_1_170' title='bbox 370 2546 477 2611; x_wconf 91' lang='lat' dir='ltr'>eidem</span> <span class='ocrx_word' id='word_1_171' title='bbox 505 2547 670 2612; x_wconf 90' lang='lat' dir='ltr'>Willelmo</span> <span class='ocrx_word' id='word_1_172' title='bbox 699 2555 734 2613; x_wconf 90' lang='lat' dir='ltr'>et</span> <span class='ocrx_word' id='word_1_173' title='bbox 763 2548 1018 2612; x_wconf 80' lang='lat' dir='ltr'>antecessoribus</span> <span class='ocrx_word' id='word_1_174' title='bbox 1046 2547 1114 2612; x_wconf 91' lang='lat' dir='ltr'>suis</span> <span class='ocrx_word' id='word_1_175' title='bbox 1142 2547 1323 2633; x_wconf 86' lang='lat' dir='ltr'>predictam</span> <span class='ocrx_word' id='word_1_176' title='bbox 1352 2556 1463 2618; x_wconf 82' lang='lat' dir='ltr'>terram,</span> 
     </span>
     <span class='ocr_line' id='line_1_22' title="bbox 370 2650 1463 2738; baseline -0.004 -23"><span class='ocrx_word' id='word_1_177' title='bbox 370 2652 607 2717; x_wconf 86' lang='lat' dir='ltr'>consideratum</span> <span class='ocrx_word' id='word_1_178' title='bbox 636 2660 687 2718; x_wconf 88' lang='lat' dir='ltr'>est</span> <span class='ocrx_word' id='word_1_179' title='bbox 716 2652 803 2738; x_wconf 92' lang='lat' dir='ltr'>quod</span> <span class='ocrx_word' id='word_1_180' title='bbox 833 2653 995 2717; x_wconf 88' lang='lat' dir='ltr'>Henricus</span> <span class='ocrx_word' id='word_1_181' title='bbox 1023 2653 1151 2717; x_wconf 91' lang='lat' dir='ltr'>nullum</span> <span class='ocrx_word' id='word_1_182' title='bbox 1181 2652 1335 2717; x_wconf 82' lang='lat' dir='ltr'>clamium</span> <span class='ocrx_word' id='word_1_183' title='bbox 1361 2650 1463 2715; x_wconf 86' lang='lat' dir='ltr'>hahere</span> 
     </span>
     <span class='ocr_line' id='line_1_23' title="bbox 370 2754 1462 2842; baseline -0.005 -21"><span class='ocrx_word' id='word_1_184' title='bbox 370 2763 479 2841; x_wconf 84' lang='lat' dir='ltr'>potest</span> <span class='ocrx_word' id='word_1_185' title='bbox 500 2756 536 2820; x_wconf 90' lang='lat' dir='ltr'>in</span> <span class='ocrx_word' id='word_1_186' title='bbox 557 2765 644 2821; x_wconf 87' lang='lat' dir='ltr'>tena</span> <span class='ocrx_word' id='word_1_187' title='bbox 664 2756 729 2835; x_wconf 79' lang='lat' dir='ltr'>illa,</span> <span class='ocrx_word' id='word_1_188' title='bbox 744 2765 779 2821; x_wconf 91' lang='lat' dir='ltr'>et</span> <span class='ocrx_word' id='word_1_189' title='bbox 800 2756 874 2821; x_wconf 89' lang='lat' dir='ltr'>ideo</span> <span class='ocrx_word' id='word_1_190' title='bbox 889 2756 1072 2823; x_wconf 90' lang='lat' dir='ltr'>Willelmus</span> <span class='ocrx_word' id='word_1_191' title='bbox 1086 2755 1163 2821; x_wconf 90' lang='lat' dir='ltr'>inde</span> <span class='ocrx_word' id='word_1_192' title='bbox 1178 2756 1311 2842; x_wconf 91' lang='lat' dir='ltr'>quietus</span> <span class='ocrx_word' id='word_1_193' title='bbox 1332 2764 1366 2821; x_wconf 91' lang='lat' dir='ltr'>et</span> <span class='ocrx_word' id='word_1_194' title='bbox 1386 2754 1462 2819; x_wconf 86' lang='lat' dir='ltr'>Hen-</span> 
     </span>
     <span class='ocr_line' id='line_1_24' title="bbox 370 2860 812 2927; baseline 0.002 -2"><span class='ocrx_word' id='word_1_195' title='bbox 370 2860 455 2925; x_wconf 89' lang='lat' dir='ltr'>ricus</span> <span class='ocrx_word' id='word_1_196' title='bbox 469 2861 504 2925; x_wconf 92' lang='lat' dir='ltr'>in</span> <span class='ocrx_word' id='word_1_197' title='bbox 519 2861 737 2925; x_wconf 91' lang='lat' dir='ltr'>misericordia</span> <span class='ocrx_word' id='word_1_198' title='bbox 751 2871 812 2927; x_wconf 86' lang='lat' dir='ltr'>etc.</span> 
     </span>
    </p>

    <p class='ocr_par' dir='ltr' id='par_1_7' title="bbox 370 2964 1464 3238">
     <span class='ocr_line' id='line_1_25' title="bbox 435 2964 1463 3051; baseline 0.001 -22"><span class='ocrx_word' id='word_1_199' title='bbox 435 2964 614 3030; x_wconf 85' lang='lat' dir='ltr'>Gilibertus</span> <span class='ocrx_word' id='word_1_200' title='bbox 627 2966 669 3030; x_wconf 92' lang='lat' dir='ltr'>de</span> <span class='ocrx_word' id='word_1_201' title='bbox 684 2965 868 3051; x_wconf 83' lang='lat' dir='ltr'>Hastingel’</span> <span class='ocrx_word' id='word_1_202' title='bbox 884 2965 969 3051; x_wconf 88' lang='lat' dir='ltr'>petit</span> <span class='ocrx_word' id='word_1_203' title='bbox 983 2986 1096 3029; x_wconf 89' lang='lat' dir='ltr'>uersus</span> <span class='ocrx_word' id='word_1_204' title='bbox 1111 2964 1314 3031; x_wconf 88' lang='lat' dir='ltr'>Willelmum</span> <span class='ocrx_word' id='word_1_205' title='bbox 1329 2964 1369 3029; x_wconf 93' lang='lat' dir='ltr'>de</span> <span class='ocrx_word' id='word_1_206' title='bbox 1384 2964 1463 3045; x_wconf 73' lang='lat' dir='ltr'>sowy</span> 
     </span>
     <span class='ocr_line' id='line_1_26' title="bbox 370 3069 1464 3154; baseline -0.001 -20"><span class='ocrx_word' id='word_1_207' title='bbox 370 3069 447 3135; x_wconf 87' lang='lat' dir='ltr'>dim.</span> <span class='ocrx_word' id='word_1_208' title='bbox 464 3070 575 3135; x_wconf 90' lang='lat' dir='ltr'>hidam</span> <span class='ocrx_word' id='word_1_209' title='bbox 590 3078 676 3135; x_wconf 87' lang='lat' dir='ltr'>terre</span> <span class='ocrx_word' id='word_1_210' title='bbox 692 3092 766 3135; x_wconf 89' lang='lat' dir='ltr'>cum</span> <span class='ocrx_word' id='word_1_211' title='bbox 781 3078 862 3154; x_wconf 89' lang='lat' dir='ltr'>pert.</span> <span class='ocrx_word' id='word_1_212' title='bbox 878 3070 914 3134; x_wconf 91' lang='lat' dir='ltr'>in</span> <span class='ocrx_word' id='word_1_213' title='bbox 929 3070 1013 3135; x_wconf 90' lang='lat' dir='ltr'>Bera</span> <span class='ocrx_word' id='word_1_214' title='bbox 1027 3078 1066 3135; x_wconf 92' lang='lat' dir='ltr'>ut</span> <span class='ocrx_word' id='word_1_215' title='bbox 1085 3069 1137 3134; x_wconf 88' lang='lat' dir='ltr'>ius</span> <span class='ocrx_word' id='word_1_216' title='bbox 1158 3090 1265 3148; x_wconf 86' lang='lat' dir='ltr'>suum,</span> <span class='ocrx_word' id='word_1_217' title='bbox 1280 3070 1366 3135; x_wconf 88' lang='lat' dir='ltr'>unde</span> <span class='ocrx_word' id='word_1_218' title='bbox 1386 3078 1464 3133; x_wconf 84' lang='lat' dir='ltr'>ante-</span> 
     </span>
     <span class='ocr_line' id='line_1_27' title="bbox 370 3172 916 3238; baseline 0.002 -1"><span class='ocrx_word' id='word_1_219' title='bbox 370 3194 509 3237; x_wconf 88' lang='lat' dir='ltr'>cessores</span> <span class='ocrx_word' id='word_1_220' title='bbox 523 3172 575 3236; x_wconf 86' lang='lat' dir='ltr'>sui</span> <span class='ocrx_word' id='word_1_221' title='bbox 589 3172 723 3237; x_wconf 85' lang='lat' dir='ltr'>fuerunt</span> <span class='ocrx_word' id='word_1_222' title='bbox 737 3172 841 3237; x_wconf 85' lang='lat' dir='ltr'>seisiti</span> <span class='ocrx_word' id='word_1_223' title='bbox 856 3180 916 3238; x_wconf 88' lang='lat' dir='ltr'>etc.</span> 
     </span>
    </p>

    <p class='ocr_par' dir='ltr' id='par_1_8' title="bbox 436 3274 1463 3341">
     <span class='ocr_line' id='line_1_28' title="bbox 436 3274 1463 3341; baseline -0.002 -2"><span class='ocrx_word' id='word_1_224' title='bbox 436 3276 479 3339; x_wconf 84' lang='lat' dir='ltr'>Et</span> <span class='ocrx_word' id='word_1_225' title='bbox 505 3276 691 3341; x_wconf 87' lang='lat' dir='ltr'>Willelmus</span> <span class='ocrx_word' id='word_1_226' title='bbox 720 3276 814 3340; x_wconf 90' lang='lat' dir='ltr'>uenit</span> <span class='ocrx_word' id='word_1_227' title='bbox 842 3285 878 3340; x_wconf 92' lang='lat' dir='ltr'>et</span> <span class='ocrx_word' id='word_1_228' title='bbox 908 3275 1039 3340; x_wconf 83' lang='lat' dir='ltr'>uocauit</span> <span class='ocrx_word' id='word_1_229' title='bbox 1068 3274 1211 3340; x_wconf 80' lang='lat' dir='ltr'>indeed</span> <span class='ocrx_word' id='word_1_230' title='bbox 1240 3286 1415 3341; x_wconf 85' lang='lat' dir='ltr'>warantum</span> <span class='ocrx_word' id='word_1_231' title='bbox 1436 3274 1463 3337; x_wconf 92' lang='lat' dir='ltr'>P.</span> 
     </span>
    </p>
   </div>
   <div class='ocr_carea' id='block_1_5' title="bbox 252 3376 1464 3463">
    <p class='ocr_par' dir='ltr' id='par_1_9' title="bbox 252 3376 1464 3463">
     <span class='ocr_line' id='line_1_29' title="bbox 252 3376 1464 3463; baseline 0.003 -28"><span class='ocrx_word' id='word_1_232' title='bbox 252 3432 255 3435; x_wconf 81' lang='grc'>,</span> <span class='ocrx_word' id='word_1_233' title='bbox 371 3377 566 3463; x_wconf 85' lang='lat' dir='ltr'>Episcopum</span> <span class='ocrx_word' id='word_1_234' title='bbox 595 3376 870 3442; x_wconf 81' lang='lat' dir='ltr'>Wintoniensem³</span> <span class='ocrx_word' id='word_1_235' title='bbox 899 3376 957 3463; x_wconf 93' lang='lat' dir='ltr'>qui</span> <span class='ocrx_word' id='word_1_236' title='bbox 986 3400 1044 3463; x_wconf 89' lang='lat' dir='ltr'>per</span> <span class='ocrx_word' id='word_1_237' title='bbox 1071 3378 1358 3443; x_wconf 88' lang='lat' dir='ltr'>summonicionem</span> <span class='ocrx_word' id='word_1_238' title='bbox 1385 3376 1464 3443; x_wconf 85' lang='lat' dir='ltr'>uenit</span> 
     </span>
    </p>
   </div>
   <div class='ocr_carea' id='block_1_6' title="bbox 368 3481 1465 4090">
    <p class='ocr_par' dir='ltr' id='par_1_10' title="bbox 368 3481 1465 4090">
     <span class='ocr_line' id='line_1_30' title="bbox 369 3481 1464 3568; baseline 0.001 -24"><span class='ocrx_word' id='word_1_239' title='bbox 369 3501 427 3565; x_wconf 89' lang='lat' dir='ltr'>per</span> <span class='ocrx_word' id='word_1_240' title='bbox 440 3487 643 3546; x_wconf 89' lang='lat' dir='ltr'>attomatum</span> <span class='ocrx_word' id='word_1_241' title='bbox 657 3503 753 3546; x_wconf 90' lang='lat' dir='ltr'>suum</span> <span class='ocrx_word' id='word_1_242' title='bbox 769 3490 803 3546; x_wconf 85' lang='lat' dir='ltr'>et</span> <span class='ocrx_word' id='word_1_243' title='bbox 818 3481 899 3546; x_wconf 86' lang='lat' dir='ltr'>dicit</span> <span class='ocrx_word' id='word_1_244' title='bbox 913 3482 1000 3568; x_wconf 93' lang='lat' dir='ltr'>quod</span> <span class='ocrx_word' id='word_1_245' title='bbox 1014 3504 1079 3546; x_wconf 93' lang='lat' dir='ltr'>non</span> <span class='ocrx_word' id='word_1_246' title='bbox 1093 3481 1193 3547; x_wconf 90' lang='lat' dir='ltr'>dehet</span> <span class='ocrx_word' id='word_1_247' title='bbox 1208 3482 1240 3547; x_wconf 87' lang='lat' dir='ltr'>ei</span> <span class='ocrx_word' id='word_1_248' title='bbox 1256 3490 1373 3547; x_wconf 82' lang='lat' dir='ltr'>terram</span> <span class='ocrx_word' id='word_1_249' title='bbox 1387 3481 1464 3546; x_wconf 87' lang='lat' dir='ltr'>illam</span> 
     </span>
     <span class='ocr_line' id='line_1_31' title="bbox 368 3583 1464 3672; baseline -0.002 -24"><span class='ocrx_word' id='word_1_250' title='bbox 368 3585 583 3662; x_wconf 85' lang='lat' dir='ltr'>warentizare,</span> <span class='ocrx_word' id='word_1_251' title='bbox 612 3585 691 3671; x_wconf 91' lang='lat' dir='ltr'>quia</span> <span class='ocrx_word' id='word_1_252' title='bbox 719 3586 906 3651; x_wconf 86' lang='lat' dir='ltr'>continetur</span> <span class='ocrx_word' id='word_1_253' title='bbox 933 3587 969 3650; x_wconf 93' lang='lat' dir='ltr'>in</span> <span class='ocrx_word' id='word_1_254' title='bbox 997 3586 1091 3651; x_wconf 81' lang='lat' dir='ltr'>breui</span> <span class='ocrx_word' id='word_1_255' title='bbox 1119 3587 1207 3672; x_wconf 93' lang='lat' dir='ltr'>quod</span> <span class='ocrx_word' id='word_1_256' title='bbox 1236 3586 1417 3652; x_wconf 85' lang='lat' dir='ltr'>warentizet</span> <span class='ocrx_word' id='word_1_257' title='bbox 1439 3583 1464 3647; x_wconf 85' lang='lat' dir='ltr'>ei</span> 
     </span>
     <span class='ocr_line' id='line_1_32' title="bbox 368 3687 1464 3778; baseline -0.001 -26"><span class='ocrx_word' id='word_1_258' title='bbox 368 3697 488 3753; x_wconf 82' lang='lat' dir='ltr'>terram</span> <span class='ocrx_word' id='word_1_259' title='bbox 510 3690 600 3754; x_wconf 90' lang='lat' dir='ltr'>illam</span> <span class='ocrx_word' id='word_1_260' title='bbox 623 3713 720 3775; x_wconf 91' lang='lat' dir='ltr'>quam</span> <span class='ocrx_word' id='word_1_261' title='bbox 743 3698 836 3755; x_wconf 85' lang='lat' dir='ltr'>tenet</span> <span class='ocrx_word' id='word_1_262' title='bbox 856 3690 897 3757; x_wconf 92' lang='lat' dir='ltr'>de</span> <span class='ocrx_word' id='word_1_263' title='bbox 918 3692 1031 3756; x_wconf 89' lang='lat' dir='ltr'>eodem</span> <span class='ocrx_word' id='word_1_264' title='bbox 1047 3690 1206 3778; x_wconf 88' lang='lat' dir='ltr'>Episcopo</span> <span class='ocrx_word' id='word_1_265' title='bbox 1221 3700 1256 3757; x_wconf 91' lang='lat' dir='ltr'>et</span> <span class='ocrx_word' id='word_1_266' title='bbox 1271 3691 1337 3777; x_wconf 86' lang='lat' dir='ltr'>ipse</span> <span class='ocrx_word' id='word_1_267' title='bbox 1353 3687 1464 3754; x_wconf 89' lang='lat' dir='ltr'>Willel·</span> 
     </span>
     <span class='ocr_line' id='line_1_33' title="bbox 368 3794 1465 3882; baseline -0.001 -25"><span class='ocrx_word' id='word_1_268' title='bbox 368 3816 442 3857; x_wconf 90' lang='lat' dir='ltr'>mus</span> <span class='ocrx_word' id='word_1_269' title='bbox 462 3796 586 3859; x_wconf 89' lang='lat' dir='ltr'>nullam</span> <span class='ocrx_word' id='word_1_270' title='bbox 608 3803 729 3860; x_wconf 88' lang='lat' dir='ltr'>terram</span> <span class='ocrx_word' id='word_1_271' title='bbox 751 3802 844 3860; x_wconf 90' lang='lat' dir='ltr'>tenet</span> <span class='ocrx_word' id='word_1_272' title='bbox 866 3795 907 3861; x_wconf 92' lang='lat' dir='ltr'>de</span> <span class='ocrx_word' id='word_1_273' title='bbox 930 3818 976 3873; x_wconf 88' lang='lat' dir='ltr'>eo,</span> <span class='ocrx_word' id='word_1_274' title='bbox 991 3805 1026 3861; x_wconf 89' lang='lat' dir='ltr'>et</span> <span class='ocrx_word' id='word_1_275' title='bbox 1048 3804 1197 3881; x_wconf 88' lang='lat' dir='ltr'>preterea</span> <span class='ocrx_word' id='word_1_276' title='bbox 1215 3796 1285 3882; x_wconf 89' lang='lat' dir='ltr'>ipse</span> <span class='ocrx_word' id='word_1_277' title='bbox 1300 3794 1465 3881; x_wconf 87' lang='lat' dir='ltr'>Episcopus</span> 
     </span>
     <span class='ocr_line' id='line_1_34' title="bbox 368 3895 1464 3967; baseline -0.001 -6"><span class='ocrx_word' id='word_1_278' title='bbox 368 3899 506 3963; x_wconf 87' lang='lat' dir='ltr'>contulit</span> <span class='ocrx_word' id='word_1_279' title='bbox 521 3899 628 3964; x_wconf 85' lang='lat' dir='ltr'>eidem</span> <span class='ocrx_word' id='word_1_280' title='bbox 643 3900 808 3967; x_wconf 88' lang='lat' dir='ltr'>Willelmo</span> <span class='ocrx_word' id='word_1_281' title='bbox 823 3900 989 3966; x_wconf 87' lang='lat' dir='ltr'>ecclesiam</span> <span class='ocrx_word' id='word_1_282' title='bbox 1005 3900 1046 3966; x_wconf 93' lang='lat' dir='ltr'>de</span> <span class='ocrx_word' id='word_1_283' title='bbox 1067 3901 1223 3966; x_wconf 87' lang='lat' dir='ltr'>Hentona</span> <span class='ocrx_word' id='word_1_284' title='bbox 1238 3900 1320 3965; x_wconf 86' lang='lat' dir='ltr'>etin</span> <span class='ocrx_word' id='word_1_285' title='bbox 1334 3910 1419 3965; x_wconf 86' lang='lat' dir='ltr'>terra</span> <span class='ocrx_word' id='word_1_286' title='bbox 1430 3895 1464 3959; x_wconf 88' lang='lat' dir='ltr'>de</span> 
     </span>
     <span class='ocr_line' id='line_1_35' title="bbox 369 4002 1463 4090; baseline -0.001 -25"><span class='ocrx_word' id='word_1_287' title='bbox 369 4003 453 4066; x_wconf 89' lang='lat' dir='ltr'>Bera</span> <span class='ocrx_word' id='word_1_288' title='bbox 477 4012 512 4067; x_wconf 88' lang='lat' dir='ltr'>et</span> <span class='ocrx_word' id='word_1_289' title='bbox 534 4003 569 4067; x_wconf 89' lang='lat' dir='ltr'>in</span> <span class='ocrx_word' id='word_1_290' title='bbox 592 4002 743 4068; x_wconf 87' lang='lat' dir='ltr'>omnibus</span> <span class='ocrx_word' id='word_1_291' title='bbox 768 4004 841 4069; x_wconf 83' lang='lat' dir='ltr'>aliis</span> <span class='ocrx_word' id='word_1_292' title='bbox 867 4003 1074 4090; x_wconf 84' lang='lat' dir='ltr'>pertinenciis</span> <span class='ocrx_word' id='word_1_293' title='bbox 1100 4004 1167 4069; x_wconf 87' lang='lat' dir='ltr'>suis</span> <span class='ocrx_word' id='word_1_294' title='bbox 1192 4004 1276 4069; x_wconf 83' lang='lat' dir='ltr'>sicut</span> <span class='ocrx_word' id='word_1_295' title='bbox 1300 4003 1413 4068; x_wconf 84' lang='lat' dir='ltr'>clerico</span> <span class='ocrx_word' id='word_1_296' title='bbox 1434 4008 1463 4065; x_wconf 81' lang='lat' dir='ltr'>et</span> 
     </span>
    </p>
   </div>
   <div class='ocr_carea' id='block_1_7' title="bbox 368 4104 1464 4273">
    <p class='ocr_par' dir='ltr' id='par_1_11' title="bbox 368 4104 1464 4273">
     <span class='ocr_line' id='line_1_36' title="bbox 368 4104 1464 4191; baseline -0.001 -23"><span class='ocrx_word' id='word_1_297' title='bbox 368 4127 510 4191; x_wconf 88' lang='lat' dir='ltr'>persone,</span> <span class='ocrx_word' id='word_1_298' title='bbox 525 4114 560 4169; x_wconf 85' lang='lat' dir='ltr'>et</span> <span class='ocrx_word' id='word_1_299' title='bbox 574 4104 648 4171; x_wconf 91' lang='lat' dir='ltr'>ideo</span> <span class='ocrx_word' id='word_1_300' title='bbox 661 4128 726 4171; x_wconf 91' lang='lat' dir='ltr'>non</span> <span class='ocrx_word' id='word_1_301' title='bbox 747 4108 822 4173; x_wconf 90' lang='lat' dir='ltr'>uult</span> <span class='ocrx_word' id='word_1_302' title='bbox 843 4108 873 4171; x_wconf 90' lang='lat' dir='ltr'>ei</span> <span class='ocrx_word' id='word_1_303' title='bbox 896 4107 1102 4173; x_wconf 85' lang='lat' dir='ltr'>warentizere</span> <span class='ocrx_word' id='word_1_304' title='bbox 1124 4107 1188 4173; x_wconf 90' lang='lat' dir='ltr'>nisi</span> <span class='ocrx_word' id='word_1_305' title='bbox 1209 4106 1297 4172; x_wconf 86' lang='lat' dir='ltr'>curia</span> <span class='ocrx_word' id='word_1_306' title='bbox 1318 4104 1464 4171; x_wconf 86' lang='lat' dir='ltr'>consider·</span> 
     </span>
     <span class='ocr_line' id='line_1_37' title="bbox 369 4210 483 4273; baseline 0.009 -1"><span class='ocrx_word' id='word_1_307' title='bbox 369 4210 483 4273; x_wconf 81' lang='lat' dir='ltr'>cuerit.</span> 
     </span>
    </p>
   </div>
   <div class='ocr_carea' id='block_1_8' title="bbox 402 4361 1321 4492">
    <p class='ocr_par' dir='ltr' id='par_1_12' title="bbox 402 4361 1321 4492">
     <span class='ocr_line' id='line_1_38' title="bbox 402 4361 1321 4429; baseline 0.004 -20"><span class='ocrx_word' id='word_1_308' title='bbox 402 4361 688 4425; x_wconf 81' lang='lat' dir='ltr'>¹RalphandGilbert</span> <span class='ocrx_word' id='word_1_309' title='bbox 699 4365 798 4414; x_wconf 84' lang='lat' dir='ltr'>Basset.</span> <span class='ocrx_word' id='word_1_310' title='bbox 834 4366 863 4413; x_wconf 76' lang='lat' dir='ltr'>A.</span> <span class='ocrx_word' id='word_1_311' title='bbox 948 4366 970 4414; x_wconf 85' lang='lat' dir='ltr'>is</span> <span class='ocrx_word' id='word_1_312' title='bbox 982 4364 1026 4415; x_wconf 83' lang='lat' dir='ltr'>the</span> <span class='ocrx_word' id='word_1_313' title='bbox 1038 4364 1126 4429; x_wconf 87' lang='lat' dir='ltr'>period</span> <span class='ocrx_word' id='word_1_314' title='bbox 1138 4365 1166 4416; x_wconf 79' lang='lat' dir='ltr'>of</span> <span class='ocrx_word' id='word_1_315' title='bbox 1176 4362 1321 4415; x_wconf 77' lang='lat' dir='ltr'>limitation.</span> 
     </span>
     <span class='ocr_line' id='line_1_39' title="bbox 402 4426 1255 4492; baseline 0.001 -16"><span class='ocrx_word' id='word_1_316' title='bbox 402 4428 412 4456; x_wconf 71' lang='lat'><strong><em>²</em></strong></span> <span class='ocrx_word' id='word_1_317' title='bbox 428 4426 483 4476; x_wconf 86' lang='lat' dir='ltr'>The</span> <span class='ocrx_word' id='word_1_318' title='bbox 494 4427 544 4491; x_wconf 79' lang='lat' dir='ltr'>day</span> <span class='ocrx_word' id='word_1_319' title='bbox 556 4429 584 4477; x_wconf 80' lang='lat' dir='ltr'>of</span> <span class='ocrx_word' id='word_1_320' title='bbox 594 4429 637 4477; x_wconf 82' lang='lat' dir='ltr'>the</span> <span class='ocrx_word' id='word_1_321' title='bbox 649 4430 726 4479; x_wconf 82' lang='lat' dir='ltr'>death</span> <span class='ocrx_word' id='word_1_322' title='bbox 735 4432 763 4480; x_wconf 79' lang='lat' dir='ltr'>of</span> <span class='ocrx_word' id='word_1_323' title='bbox 774 4431 863 4492; x_wconf 74' lang='lat' dir='ltr'>fleury</span> <span class='ocrx_word' id='word_1_324' title='bbox 873 4430 894 4478; x_wconf 86' lang='lat'>1.</span> <span class='ocrx_word' id='word_1_325' title='bbox 980 4430 991 4464; x_wconf 80' lang='lat'>⁸</span> <span class='ocrx_word' id='word_1_326' title='bbox 1007 4430 1083 4481; x_wconf 87' lang='lat' dir='ltr'>Peter</span> <span class='ocrx_word' id='word_1_327' title='bbox 1094 4430 1139 4481; x_wconf 86' lang='lat' dir='ltr'>des</span> <span class='ocrx_word' id='word_1_328' title='bbox 1150 4430 1255 4480; x_wconf 73' lang='lat' dir='ltr'>Rethos.</span> 
     </span>
    </p>
   </div>
   <div class='ocr_carea' id='block_1_9' title="bbox 0 0 1595 5075">
    <p class='ocr_par' dir='ltr' id='par_1_13' title="bbox 0 0 1595 5075">
     <span class='ocr_line' id='line_1_40' title="bbox 0 0 1595 5075; baseline 0 0"><span class='ocrx_word' id='word_1_329' title='bbox 0 0 1595 5075; x_wconf 95' lang='lat' dir='ltr'> </span> 
     </span>
    </p>
   </div>
  </div>
 </body>
</html>
