3167 5075
317 394 379 459 126
489 406 609 456 consu
631 406 730 469 anon,
751 407 816 457 an.
841 393 999 469 1234-5,
1020 406 1085 457 aa
1110 395 1245 459 18-19.
1342 448 1345 453 .

313 580 412 645 faciat
440 579 528 665 apud
557 578 883 645 westmonasterium
912 600 1019 644 eoram
1047 579 1234 645 iusticiariis
1258 580 1295 645 in
1318 580 1425 645 banco

314 685 374 750 tali
388 685 441 749 die
456 692 515 749 etc
531 684 586 770 xij.
602 683 724 748 milites
738 690 799 749 etc
815 705 873 769 per
886 706 967 770 quos
980 683 1029 749 rei
1050 684 1172 750 ueritas
1193 692 1253 751 etc
1277 684 1335 771 qui
1356 706 1424 749 non

313 790 380 855 sint
400 790 440 855 de
460 790 584 854 ballius
606 787 729 853 Thome
749 788 791 853 de
811 788 1021 876 Langelegha
1040 811 1102 855 nec
1119 790 1155 856 in
1174 790 1343 877 dangerio¹
1360 810 1424 854 nec

313 903 476 981 potestate
491 916 550 959 sua
566 900 600 959 et
615 893 672 979 qui
686 894 778 958 nulla
788 893 948 959 affinitate
959 894 1128 982 attingant
1138 894 1225 981 ipsos
1235 895 1259 959 J
1260 895 1423 959 ohannem

313 1010 348 1065 et
363 1000 558 1087 Margeriam
572 999 615 1064 ad
629 997 922 1086 recognoscendum
944 1020 1042 1085 super
1063 1008 1301 1065 sacramentum
1324 1022 1423 1065 suum

313 1106 341 1171 si
363 1105 527 1193 predictus
553 1104 716 1169 Robertus
742 1103 905 1189 quondam
933 1105 984 1169 uir
1008 1126 1087 1170 suus
1111 1114 1289 1192 antequam
1315 1106 1423 1193 ipsam

313 1210 507 1297 Margariam
529 1209 737 1295 desponsaret
759 1209 826 1273 fere
848 1229 907 1293 per
927 1207 1101 1273 dimidium
1123 1232 1246 1274 annum
1269 1210 1423 1275 uendidit

314 1322 432 1379 terram
447 1313 538 1378 illam
553 1312 659 1377 eidem
675 1312 836 1399 Margarie
850 1320 886 1376 et
900 1321 1023 1377 canam
1037 1336 1131 1379 suam
1147 1315 1178 1379 ei
1193 1314 1269 1380 inde
1284 1315 1371 1393 fecit,
1386 1323 1424 1380 et

313 1420 341 1484 si
355 1441 413 1505 per
427 1418 548 1483 donum
563 1417 646 1483 illud
661 1417 725 1481 fuit
739 1417 774 1481 in
789 1416 909 1481 seisina
922 1426 957 1481 et
971 1418 1104 1503 expleta
1123 1419 1200 1484 inde
1219 1420 1317 1505 cepit,
1338 1428 1375 1484 et
1393 1420 1425 1484 si

313 1522 403 1587 illam
423 1524 454 1587 ei
473 1522 566 1588 dedit
584 1521 748 1587 occasione
768 1521 967 1607 sponsalium
988 1522 1258 1609 subsequencium
1278 1525 1333 1590 uel
1357 1546 1425 1589 non

314 1634 385 1705 etc,
406 1635 494 1691 etse
514 1626 563 1690 ita
582 1625 658 1690 inde
678 1624 859 1690 certificent
878 1633 938 1690 etc
984 1625 1028 1689 Et
1048 1625 1125 1692 hinc
1143 1626 1220 1693 inde
1234 1650 1425 1693 concessum

314 1740 365 1795 est
384 1730 471 1817 quod
490 1730 560 1795 siue
582 1729 733 1794 uenerint
753 1728 823 1793 siue
843 1750 908 1792 non
931 1728 1017 1815 quod
1037 1730 1146 1796 iurata
1158 1732 1315 1818 capiatur.
1360 1732 1425 1797 Isti

315 1838 481 1925 eliguntur
495 1835 535 1901 de
551 1857 706 1900 consensu
720 1833 867 1919 parcium
881 1842 941 1899 etc.
959 1842 994 1898 et
1007 1834 1113 1901 infra'

380 1942 498 2006 Postea
525 1939 628 2026 apud⁸
657 1937 841 2003 concordati
874 1946 961 2015 sunt,
990 1947 1025 2002 et
1059 1946 1111 2003 est
1144 1938 1314 2005 concordia
1347 1940 1427 2005 talis

315 2046 439 2112 scilicet
467 2043 555 2132 quod
584 2042 730 2129 predicta
759 2041 922 2128 Mergens
949 2042 1139 2129 recognouit
1167 2050 1272 2107 totam
1302 2050 1426 2109 terram

314 2152 494 2240 predictam
517 2171 591 2215 cum
614 2156 693 2235 pert.
717 2169 786 2213 esse
808 2147 860 2211 ius
885 2146 988 2232 ipsius
1017 2146 1178 2211 «Iohannis
1207 2155 1242 2212 et
1270 2147 1362 2212 illam
1391 2148 1428 2213 ei

315 2255 457 2323 reddidit
472 2254 506 2319 in
520 2253 633 2318 eadem
649 2251 739 2317 curia
753 2260 787 2316 et
801 2250 927 2315 remisit
942 2260 977 2316 et
992 2251 1137 2336 quietam
1152 2250 1308 2316 clamauit
1326 2251 1369 2316 de
1388 2274 1428 2316 se

316 2370 350 2427 et
372 2360 546 2426 heredibus
568 2358 635 2423 suis
656 2356 720 2443 ipsi
741 2356 764 2421 J
765 2355 887 2420 ohanni
908 2362 944 2420 et
958 2355 1133 2420 heredibus
1147 2355 1215 2420 suis
1229 2363 1351 2433 etc,·et
1365 2377 1429 2441 pro

316 2467 377 2531 hac
390 2464 611 2554 recognicione
627 2470 687 2528 etc.
698 2460 786 2525 idem
798 2460 821 2525 J
821 2459 965 2525 ohannes
975 2460 1132 2526 concessit
1143 2460 1249 2525 eidem
1263 2460 1429 2549 Margarie

316 2572 449 2637 terciam
471 2578 599 2658 partem
621 2566 725 2632 tocius
748 2573 833 2630 terre
856 2564 1001 2650 predicte
1031 2587 1105 2630 cum
1134 2573 1216 2650 pert.
1247 2565 1428 2630 tenendam

317 2684 388 2741 tota
409 2675 480 2740 uita
501 2695 561 2739 sua
581 2670 711 2736 nomine
733 2668 828 2746 dotis,
850 2676 884 2733 et
904 2674 978 2754 post
992 2676 1131 2733 mortem
1145 2668 1248 2754 ipsius
1263 2667 1429 2756 hierges-ie

317 2789 388 2847 tota
416 2779 563 2867 predicta
592 2775 694 2842 tercia
721 2796 796 2860 pars
826 2795 900 2838 cum
931 2781 1013 2858 pert.
1043 2780 1230 2838 reuertetur
1252 2773 1429 2859 adipsum

317 2886 502 2952 Johannem
525 2891 559 2947 et
581 2877 748 2946 heredem⁴
770 2899 844 2943 suos
866 2877 978 2963 quiete
1000 2878 1036 2942 in
1057 2886 1255 2964 perpetuum
1275 2887 1336 2944 etc
1381 2879 1431 2946 Et

317 2990 484 3056 sciendum
507 2986 595 3075 quod
617 2993 707 3052 certe
729 3005 826 3070 quam
849 2982 997 3069 predicta
1026 2982 1188 3071 Margaris
1216 2983 1356 3069 protulit
1384 2983 1430 3050 de

317 3095 512 3160 feofamento
527 3113 584 3179 pro
599 3089 690 3154 nulla
704 3087 886 3165 habebitur,
901 3094 937 3151 et
951 3085 1143 3152 mandatum
1159 3097 1210 3152 est
1224 3087 1372 3154 waltero
1385 3090 1430 3156 de

317 3199 415 3286 Tywe
438 3196 553 3262 clerico
576 3193 617 3260 de
640 3190 799 3258 comitatu
823 3190 877 3255 cui
902 3198 992 3255 carta
1017 3189 1075 3254 illa
1100 3189 1224 3255 tradita
1248 3191 1313 3256 fuit
1340 3191 1430 3279 quod

317 3310 440 3368 cartam
460 3291 550 3364 illam
573 3295 689 3362 reddat
712 3294 858 3381 predicto
880 3294 1033 3359 Johanni
1079 3295 1123 3359 Et
1145 3294 1315 3360 sciendum
1339 3295 1430 3381 quod

318 3406 479 3494 Margeria
493 3411 586 3470 tenet
601 3425 635 3467 se
651 3408 838 3467 contentam
850 3421 909 3485 pro
919 3399 1087 3486 mesuagio
1097 3398 1140 3465 ad
1151 3400 1287 3465 terciam
1299 3409 1430 3486 partem

318 3534 409 3577 suam
424 3510 465 3575 de
481 3508 646 3595 mesuagio
661 3504 747 3592 quod
762 3505 827 3569 fuit
841 3504 1003 3590 quondam
1018 3504 1139 3569 Azouis
1152 3505 1195 3570 de
1210 3505 1330 3572 lewes

383 3615 562 3680 ⁶Robertus
585 3608 777 3677 Passelewe⁸
799 3608 1015 3674 summonitus
1029 3608 1095 3674 fuit
1109 3609 1150 3674 ad
1166 3609 1431 3695 respondendum

321 3720 471 3785 Huberto
507 3716 547 3783 de
585 3717 695 3803 Burgo
732 3713 855 3780 Oomiti
892 3711 1032 3777 Kancie'
1067 3735 1132 3799 quo
1161 3721 1306 3778 waranto
1335 3722 1433 3780 tenet

320 3825 501 3891 manerium
525 3823 566 3888 de
586 3821 707 3907 Aspele
727 3817 768 3884 de
791 3839 856 3904 quo
875 3817 962 3882 idem
983 3817 1156 3883 Hubertus
1175 3816 1216 3883 de
1237 3819 1349 3906 Burgo
1363 3818 1433 3884 fuit

354 4012 433 4072 1Sio,
462 4013 492 4064 A.
540 4011 587 4063 See
618 4010 740 4072 Dnoange
771 4021 792 4059 s.
822 4021 847 4058 v.
932 4007 1195 4066 ‘Oorr.hcndcs,h.

323 4081 484 4141 ἀαπφοτίιιιιη
502 4075 553 4126 itis
562 4089 609 4126 our
616 4077 718 4138 ἀαπρεν.
738 4073 850 4124 Persons
932 4073 943 4105 ⁸
958 4071 989 4122 Δ.
1001 4087 1037 4122 m.
1049 4075 1065 4122 Β
1076 4071 1102 4123 d.
1145 4073 1293 4138 Seemingly
1304 4077 1332 4125 at
1343 4074 1431 4129 west*

323 4145 381 4195 who
402 4158 446 4193 are
468 4141 560 4192 within
581 4155 626 4205 my
647 4154 733 4204 power
754 4153 799 4190 are
820 4137 849 4186 in
900 4137 1023 4199 minatam
1040 4137 1330 4204 quindenaof'l'rinity.

323 4210 419 4272 danger
441 4208 470 4259 of
495 4222 545 4266 me,
568 4221 598 4257 or
619 4206 648 4255 in
675 4220 721 4269 my
743 4204 849 4265 danger·
932 4203 1001 4253 ‘An
1027 4203 1154 4255 adherant
1180 4205 1210 4254 of
1235 4205 1288 4255 Des
1314 4205 1434 4268 Romen

324 4276 440 4325 Thomas
456 4273 485 4324 of
498 4273 614 4335 Langley
630 4269 653 4320 is
670 4269 773 4321 wardon
790 4269 850 4319 ota
900 4267 979 4332 latoly
995 4267 1151 4327 'Pressuram
1174 4284 1233 4320 now
1249 4269 1278 4319 in
1295 4269 1361 4334 deep
1377 4271 1433 4323 dis·

324 4335 777 4456 ‘⁰3²30‘0hftttttffl‘·
790 4333 829 4385 ⁰¹·
898 4334 1058 4449 Ἣιῗέ
1066 4335 1434 4456 ῗξέῑῖ“·’ἕὲ.3’·ἒέι”ιῗὲ

417 4419 465 4456 ven
537 4419 556 4452 n
704 4437 710 4451 .

289 4505 291 4510 -
356 4471 483 4535 ⁸Supply
497 4465 787 4526 Watmmmeeoaa
898 4463 1027 4524 sesamam
1043 4415 1262 4524 soeabodsfhsse
1272 4415 1331 4519 ebt.
