3167 5075
330 359 568 465 conrueret,
590 402 654 453 nn.
679 386 997 465 1237-8,s1r22.
1153 394 1216 462 237

185 576 225 641 Et
246 574 413 643 Johannes
437 575 529 641 uenit
555 583 589 641 et
614 576 698 642 bene
723 577 887 663 cognoscit
912 578 1011 643 finem
1034 580 1217 666 predictum

129 688 160 745 et
178 679 253 745 dicit
275 680 377 768 quod¹
399 680 540 745 eundem
561 679 660 747 finem
686 681 840 747 conuenit
864 682 950 747 inter
971 684 1132 769 predictos
1153 685 1218 750 Ro-

127 808 229 871 gerum
257 794 293 851 et
323 786 487 872 Bogerum
516 784 603 871 quod
631 785 747 871 queuis
775 785 817 851 de
846 786 999 872 predictis
1027 789 1218 855 mulieribus

127 886 206 973 prius
226 888 339 965 obiret,
361 910 420 974 per
440 887 585 953 medium
607 888 785 973 partiretur
806 889 893 955 inter
916 913 970 955 eos
992 891 1027 956 id
1050 892 1136 978 quod
1161 893 1220 959 illa
1340 908 1343 914 '

127 1000 243 1057 teneret
257 1014 361 1079 usque
375 992 417 1057 ed
432 993 558 1057 obitum
579 992 713 1058 alterius
733 993 887 1071 mulieris
902 994 989 1059 unde
1004 1003 1078 1081 post
1092 996 1218 1062 obitum

126 1097 233 1163 Basilis
254 1119 320 1184 que
341 1098 432 1183 prius
453 1096 535 1161 obiit
557 1096 716 1182 partitum
736 1096 800 1163 fuit
820 1098 1000 1164 manerium
1015 1099 1056 1164 de
1071 1100 1219 1165 Nortona

125 1201 267 1267 intereos
282 1211 318 1268 et
332 1211 405 1288 post
419 1210 557 1268 mortem
576 1201 711 1267 Mabilie
731 1223 796 1287 que
818 1210 931 1287 postea
951 1203 1033 1268 obiit
1054 1203 1219 1289 predictus

126 1305 276 1371 Robertus
298 1306 433 1370 intrusit
452 1328 487 1370 se
502 1306 537 1369 in
552 1304 697 1370 maneria
711 1304 752 1369 de
768 1305 916 1391 Gryseby
930 1314 965 1371 et
980 1306 1141 1371 Stantone
1155 1330 1219 1393 que

125 1409 243 1494 quidem
273 1410 420 1475 maneria
448 1430 614 1477 remanere
644 1408 787 1475 debeant
814 1409 961 1496 predicto
988 1410 1133 1477 Johanni
1161 1432 1220 1497 per

125 1512 296 1599 predictum
311 1512 417 1577 finem.
607 1576 609 1583 ,

182 1614 223 1679 Et
237 1614 402 1679 Robertus
416 1613 510 1678 uenit
525 1621 560 1678 et
579 1613 659 1679 dicit
678 1613 766 1700 quod
786 1612 937 1679 similiter
958 1616 1111 1681 conuenit
1131 1616 1219 1681 inter

124 1715 275 1800 predictos
305 1716 470 1802 Rogerum
499 1722 534 1780 et
564 1715 728 1802 Rogerum
758 1737 816 1801 per
844 1716 983 1781 eundem
1008 1717 1106 1782 finem
1131 1718 1218 1805 quod

125 1840 224 1885 omnes
246 1828 350 1885 terras
372 1826 407 1884 et
428 1826 618 1885 tenemeuta
638 1842 701 1905 que
722 1820 891 1906 adquirere
904 1828 1036 1907 possent
1050 1821 1091 1886 de
1106 1844 1217 1887 eorum

124 1922 296 1990 hereditate
316 1924 516 2010 partirentur
536 1945 593 2009 per
610 1923 754 1990 medium
768 1924 923 1989 intereos
938 1932 973 1989 et
987 1924 1120 1990 heredes
1134 1948 1218 2003 suos,

124 2036 154 2092 et
178 2038 291 2115 postea
319 2029 466 2115 Rogerus
494 2028 675 2095 auunculus
705 2028 807 2113 ipsius
835 2028 995 2094 Johannis
1023 2029 1217 2115 perquisiuit

124 2134 294 2199 manerium
309 2132 350 2197 de
365 2132 510 2197 Aclande
525 2140 560 2197 et
580 2132 760 2197 manerium
776 2132 816 2201 de
832 2132 1056 2219 Feningeham
1069 2134 1104 2199 in
1119 2134 1217 2199 comi-

124 2242 187 2301 tatu
209 2237 368 2303 Suffolkie
390 2244 425 2303 et
450 2235 519 2321 ipse
549 2235 714 2301 Johannes
743 2235 870 2301 detinet
895 2236 1041 2322 predicta
1064 2238 1217 2315 maneria,

123 2337 165 2403 ita
190 2340 276 2426 quod
304 2339 393 2405 idem
423 2339 585 2404 Robertus
613 2347 740 2423 partem
769 2360 862 2404 suam
891 2338 968 2404 inde
998 2340 1117 2407 habere
1150 2363 1216 2407 non

122 2452 227 2528 potest
345 2512 347 2517 .

179 2551 222 2615 Et
250 2549 340 2615 idem
374 2548 540 2616 Johannes
568 2548 649 2616 dicit
678 2547 764 2635 quod
793 2548 967 2616 seruicium
996 2550 1147 2638 Hugonis
1175 2550 1216 2616 de

123 2651 343 2720 Flammeuilla
362 2653 420 2740 qui
439 2654 548 2718 tenuit
568 2654 748 2719 manerium
767 2653 809 2718 de
831 2653 1052 2740 Feningeham
1074 2655 1218 2742 assigna-

123 2763 185 2820 tum
200 2758 264 2823 fuit
285 2757 413 2844 Rogero
431 2756 594 2822 auunculo
615 2757 717 2843 ipsius
739 2756 899 2822 Johannis
920 2757 1012 2822 cuius
1034 2758 1126 2823 heres
1147 2759 1217 2844 ipsc

123 2871 221 2928 estut
241 2861 323 2927 dicit
342 2883 401 2947 per
420 2861 602 2947 predictum
623 2861 730 2937 finem,
751 2860 838 2925 unde
860 2868 934 2945 post
955 2870 1094 2927 mortem
1115 2863 1219 2948 ipsius

123 2963 263 3052 Hugonis
279 2965 336 3052 qui
351 2965 434 3030 obiit
452 2964 522 3030 sine
545 2963 662 3029 herede
685 2962 725 3029 de
745 2985 780 3030 se
799 2963 955 3028 remansit
976 2966 1156 3030 manerium
1175 2965 1217 3030 de

123 3067 337 3156 Feningeham
363 3067 427 3152 ipsi
453 3066 599 3132 Johanni
627 3075 795 3152 tamquam
821 3066 978 3133 eschaeta,
994 3089 1061 3134 sua·
1106 3069 1151 3132 Et
1176 3069 1218 3134 de

123 3173 256 3238 manerio
282 3172 323 3237 de
347 3171 492 3238 Aclaude
515 3170 596 3238 dicit
621 3171 708 3257 quod
733 3180 879 3256 tempore
904 3170 1072 3236 cuiusdam
1098 3173 1218 3259 Rogeri

121 3276 171 3340 aui
191 3277 329 3362 predicti
351 3276 512 3342 Johaunis
531 3275 653 3342 factum
674 3277 739 3342 fuit
756 3275 919 3361 quoddam
934 3278 1168 3362 cyrographum
1182 3278 1218 3342 in

122 3379 203 3444 curia
217 3379 472 3446 Dunholmensis
488 3379 638 3465 Episcopi
651 3379 856 3465 interipsum
870 3379 1034 3465 Rogerum
1049 3386 1218 3465 petentem

123 3491 153 3547 et
177 3484 337 3570 quendam
365 3483 578 3550 Eustachium
607 3483 661 3548 del
690 3483 777 3549 Brok
807 3491 975 3550 tenentem
1004 3482 1045 3547 de
1074 3483 1222 3569 predicto.

123 3587 258 3652 manerio
279 3588 321 3653 de
344 3587 488 3654 Aelande
511 3596 545 3652 et
567 3587 720 3654 conuenit
745 3587 831 3652 inter
856 3609 910 3652 eos
935 3609 994 3673 per
1018 3586 1106 3652 idem
1131 3610 1219 3674 cyro-

123 3691 274 3776 graphum
297 3693 385 3779 quod
407 3693 436 3758 si
457 3692 544 3758 idem
567 3691 762 3758 Eustachius
782 3691 887 3757 obiret
906 3692 975 3757 sine
994 3691 1113 3757 herede
1127 3693 1169 3757 de
1182 3716 1217 3758 ee
1309 3738 1317 3758 1

123 3796 296 3861 manerium
310 3796 494 3883 predictum
509 3795 701 3862 descendere
715 3795 850 3861 deberet
867 3796 909 3860 ad
929 3797 1094 3882 Rogcrum
1114 3795 1223 3860 filium

124 3900 254 3982 predicti
268 3903 397 3989 Rogen',
413 3911 448 3967 et
462 3903 490 3967 ei
504 3903 590 3967 idem
606 3903 752 3988 Rogerus
772 3901 877 3966 obiret
897 3900 966 3965 sine
985 3901 1104 3966 herede
1124 3901 1164 3966 de
1184 3923 1219 3966 se

123 4009 196 4068 tunc
231 4004 440 4072 descenderet
473 4004 515 4070 ad
550 4003 732 4070 Galfridum
767 4003 900 4068 fratrem
931 4002 1090 4068 iuniorem
1118 4003 1220 4089 ipsius

124 4103 236 4193 Roget
258 4107 349 4172 cuius
372 4107 465 4172 heres
486 4107 555 4193 ipse
576 4105 744 4173 Johennes
763 4113 814 4170 est
834 4117 869 4170 et
888 4104 934 4170 sic
948 4127 1074 4191 semper
1088 4104 1218 4170 descen-

124 4205 230 4286 dendo,
260 4209 346 4276 unde
377 4209 457 4276 dicit
485 4209 572 4297 quod
607 4208 772 4295 predictus
801 4207 963 4273 Robertus
991 4207 1090 4272 nichil
1118 4207 1217 4272 debet

124 4309 235 4379 hebere
265 4314 305 4380 de
334 4314 487 4380 maneriis
516 4313 676 4403 predictis
730 4313 774 4378 Et
800 4311 873 4377 ideo
902 4310 1138 4377 consideratum
1166 4319 1218 4377 est

553 4440 563 4474 ¹
580 4439 678 4504 Supply
686 4455 741 4504 per,
754 4439 784 4489 A.
