3167 5075
370 405 488 455 coum
511 406 609 466 uren,
631 406 696 454 nn.
722 390 880 465 1235-6,
902 405 965 453 nu
990 390 1039 452 20.
1194 390 1257 454 169

151 578 241 665 quod
255 586 344 643 terra
357 577 428 642 illn¹
444 578 549 643 factus
563 584 614 641 cst
628 575 692 640 fuit
713 574 881 641 cniusdam
902 575 1038 641 Roberti
1059 576 1182 641 Burnel
1203 576 1258 641 nui

151 682 205 747 sui
220 682 278 768 qni
292 682 369 747 inde
383 682 466 746 obiit
480 680 611 747 seisitus
625 689 664 745 nt
678 679 719 745 de
731 679 823 745 feodo
834 688 951 765 etpost
965 703 1042 746 eum
1056 681 1166 746 tenuit
1181 703 1258 768 que-

151 784 229 850 dam
246 783 408 871 Margeriu
422 806 502 849 uxor
516 782 619 869 ipsius
633 780 769 847 Roberti
784 790 905 847 terrem
924 782 1014 847 illum
1029 783 1160 848 nomine
1174 782 1260 849 dotis

152 888 220 953 fere
236 909 295 974 per
304 888 346 951 xl
358 908 459 952 annos
474 894 509 951 et
523 908 562 951 ec
577 893 706 951 mortua
720 885 784 949 fuit
799 885 869 971 ipse
883 884 1052 950 ineeieina
1068 885 1153 951 sicut
1168 885 1261 951 heres

152 992 257 1079 ipsius
287 990 423 1057 Rcberti
453 998 487 1055 et
514 996 676 1055 waruntns
705 988 807 1075 ipsius
836 989 996 1075 Murgen'e
1026 988 1066 1054 de
1092 989 1168 1055 dote
1193 1012 1260 1067 sun,

152 1105 187 1162 et
202 1118 262 1183 per
277 1096 410 1183 longum
432 1103 562 1182 tempus
582 1094 645 1160 fuit
664 1094 733 1181 ipse
755 1094 790 1160 in
812 1094 931 1160 seisinc
952 1094 1053 1160 donec
1074 1095 1260 1181 peripsum

152 1201 320 1267 Abbntem
344 1200 408 1265 fuit
436 1200 625 1277 disseisituS,
648 1208 682 1265 et
707 1199 802 1287 pauit
828 1200 1019 1288 herbagium
1045 1224 1120 1268 cum
1143 1201 1262 1267 nueriis

152 1306 221 1371 suis
236 1314 272 1371 et
287 1305 390 1371 eciem
404 1303 487 1370 illud
502 1304 623 1370 locauit
637 1304 716 1371 aliie.

219 1409 265 1474 nt
279 1408 391 1473 Abbne
406 1408 486 1474 dicit
501 1408 587 1495 quod
601 1432 667 1474 non
682 1408 782 1474 debet
797 1408 874 1474 inde
889 1409 989 1474 uesieu
1001 1408 1073 1475 fieri
1094 1408 1172 1494 quic
1191 1408 1261 1495 ipse

152 1512 255 1579 habet
270 1520 390 1577 terram
405 1512 495 1578 illam
506 1512 547 1579 de
559 1512 643 1579 dono
657 1512 795 1600 predicti
810 1513 945 1579 Roberti
960 1536 1018 1599 per
1032 1520 1154 1579 certem
1169 1535 1261 1578 suam

150 1627 188 1683 et
203 1638 263 1703 per
283 1616 562 1682 confirmacionem
585 1615 712 1681 heredis
732 1616 835 1702 ipsius
849 1617 994 1696 Roberti,
1009 1624 1044 1682 et
1058 1617 1134 1682 inde
1149 1616 1213 1682 suit
1227 1617 1262 1682 in

150 1722 275 1789 neieina
287 1743 347 1808 per
360 1744 411 1785 xx.
428 1742 529 1786 annos
543 1721 613 1787 sine
629 1721 739 1808 aliqua
753 1722 872 1787 neieina
885 1744 983 1808 quum
998 1721 1086 1787 idem
1101 1722 1263 1788 Robertus

151 1824 231 1891 inde
253 1826 398 1905 heberet,
413 1832 448 1890 et
463 1824 539 1891 inde
554 1825 647 1911 ponit
667 1848 701 1891 se
721 1848 820 1913 super
840 1826 988 1892 iuratam
1034 1828 1079 1891 Et
1101 1827 1263 1893 Robertue

151 1930 312 1996 similiter.

219 2035 388 2100 duraturus
410 2032 525 2098 dicunt
546 2032 634 2119 quod
655 2032 788 2119 quidum
814 2034 977 2099 Robertus
1001 2034 1154 2100 Bumelle
1180 2058 1262 2102 auus

150 2138 250 2203 istius
265 2136 402 2202 Roberti
416 2135 541 2201 dimisit
551 2136 676 2202 Abbati
687 2136 728 2203 dc
740 2138 844 2203 Forde
860 2138 1021 2224 quoddam
1036 2146 1261 2204 tenementum

148 2242 186 2307 in
202 2242 286 2305 Bere
300 2238 342 2304 cd
357 2239 535 2305 terminum
550 2248 584 2305 et
599 2240 762 2325 profectus
782 2240 846 2305 fuit
861 2241 896 2305 in
915 2250 1035 2306 terram
1057 2249 1211 2321 sanctam,
1227 2254 1262 2309 et

148 2368 190 2411 co
214 2344 291 2410 inde
313 2366 441 2409 reuerso
463 2352 499 2409 et
522 2344 662 2410 termino
683 2343 790 2411 adhuc
814 2345 952 2412 durante
978 2354 1109 2412 tentum
1135 2347 1263 2414 locutus
1302 2403 1305 2407 Δ

150 2449 218 2516 fuit
233 2472 308 2515 cum
329 2449 400 2535 ipso
420 2448 551 2515 Abbate
571 2449 658 2537 quod
680 2450 792 2516 Abbee
815 2452 941 2517 remisit
965 2452 996 2517 ei
1019 2452 1205 2530 terminum,
1227 2463 1262 2519 et

149 2556 241 2622 idem
265 2555 429 2622 Robertue
451 2555 543 2622 dedit
562 2557 593 2622 ei
613 2557 776 2644 quandum
795 2565 915 2623 terrem
930 2558 966 2623 in
981 2558 1073 2624 feodo
1086 2580 1145 2644 per
1159 2566 1263 2625 certas

151 2671 260 2730 metas
275 2670 310 2728 et
325 2661 488 2748 quandum
504 2669 624 2728 terrum
639 2662 798 2728 incultam
816 2685 879 2749 que
899 2663 1001 2729 iacuit
1023 2670 1157 2750 pmturn
1177 2665 1263 2730 sicut

151 2767 194 2834 de
210 2775 368 2833 montunn
382 2767 471 2833 etde
487 2789 552 2854 que
566 2765 645 2853 ipei¹
659 2767 767 2832 uisum
783 2768 938 2847 fecerunt,
949 2776 984 2833 et
997 2767 1085 2833 idem
1099 2769 1263 2835 Robertue

153 2870 313 2957 quamdiu
341 2870 426 2936 uixit
451 2869 499 2936 ibi
528 2870 645 2937 habuit
674 2893 880 2937 communem
910 2871 1057 2959 herbagii
1085 2879 1120 2936 et
1149 2871 1263 2939 Abbue

152 2974 314 3052 similiter,
330 2981 454 3061 etpost
468 2983 607 3041 mortem
627 2976 730 3062 ipsius
750 2976 886 3042 Roberti
907 2977 978 3063 ipen
999 2976 1161 3064 Margeriu
1182 3000 1264 3044 uxor

152 3079 258 3166 ipsius
273 3079 409 3144 Reberti
424 3101 487 3166 que
502 3088 622 3146 terram
637 3080 678 3146 de
693 3081 776 3146 Bere
798 3080 907 3146 tenuit
926 3079 961 3145 in
981 3079 1091 3146 dotem
1113 3081 1264 3148 similiter

152 3203 361 3248 communem
376 3181 424 3247 ibi
438 3182 555 3249 habuit
569 3183 667 3249 simul
683 3207 757 3250 cum
772 3184 843 3270 ipso
860 3182 1000 3263 Abbcte,
1015 3193 1049 3250 et
1063 3184 1126 3249 iste
1140 3185 1262 3251 Rober·

155 3295 211 3352 tue
225 3285 284 3372 qni
297 3307 385 3350 nunc
400 3285 547 3371 queritur
561 3285 713 3352 similiter
731 3309 935 3352 communem
959 3285 1075 3352 habuit
1096 3309 1171 3353 cum
1192 3287 1263 3375 ipso

153 3391 287 3456 Abbnte
307 3389 409 3457 donec
430 3389 517 3456 idem
540 3390 653 3457 Abbne
676 3390 854 3458 diuseieinit
876 3413 953 3456 eum
975 3390 1017 3456 de
1040 3390 1153 3456 eadem
1177 3414 1263 3457 com-

153 3515 264 3560 mune

221 3598 300 3664 Poet
321 3597 417 3664 uenit
438 3597 601 3665 Robertus
623 3607 657 3665 et
679 3600 817 3672 retruxit
836 3622 871 3665 ee
894 3599 935 3665 de
949 3599 1043 3666 breui
1057 3621 1124 3677 sue,
1140 3606 1175 3664 et
1189 3598 1263 3665 ideo

152 3703 224 3790 ipse
239 3709 275 3767 et
288 3700 391 3788 plegii
405 3700 457 3766 sui
471 3701 512 3767 de
527 3702 750 3788 prosequendo
763 3702 799 3768 in
814 3702 1037 3768 misericordia.

221 3805 267 3870 Et
296 3803 410 3870 Abbae
439 3804 470 3870 ei
501 3805 649 3872 concedit
678 3806 842 3893 quandum
871 3805 1005 3870 croftum
1036 3827 1099 3892 que
1128 3815 1264 3872 uocetur

154 3909 350 3998 lengemoft
370 3917 406 3974 et
421 3909 595 3996 quemdam
615 3933 754 3998 paruum
772 3911 905 3977 boscum
920 3910 1007 3975 inter
1021 3910 1214 3996 Langecroft
1229 3920 1264 3977 et

153 4015 317 4104 quoddam
332 4023 464 4102 pratum
480 4015 577 4080 simul
592 4038 666 4081 cum
678 4025 771 4103 prato
782 4016 839 4082 illo
851 4015 937 4103 quod
952 4015 1110 4103 Magister
1123 4015 1264 4081 Thomas

153 4120 195 4186 de
221 4119 426 4208 Hueelbergo
449 4121 558 4186 tenuit
581 4121 623 4187 ed
649 4121 775 4187 firmem
802 4129 837 4186 et
859 4120 1010 4186 similiter
1035 4143 1084 4185 xv.
1109 4142 1198 4186 cerus
1222 4119 1263 4185 de

154 4232 247 4289 uasto
269 4245 310 4290 ex
333 4231 429 4310 purte
452 4223 644 4290 occidentali
666 4224 706 4291 de
729 4224 904 4290 Oranslede
923 4222 1135 4288 includendae
1149 4224 1178 4288 si
1193 4224 1263 4288 uol-

153 4327 247 4406 nen't,
262 4325 404 4392 habend’
421 4335 455 4391 et
470 4326 535 4391 ten'
551 4335 611 4393 etc.

367 4455 661 4520 mappulariorum.
865 4453 1048 4519 ’Thejmorn
