3167 5075
426 420 578 482 ramur,
601 420 665 471 uo.
690 408 784 484 1220,
806 422 869 472 ua
893 410 920 472 4.
1162 413 1228 481 357

135 591 277 657 Cultura¹
297 592 336 657 de
359 592 480 679 placito
500 592 585 679 quod
605 592 829 659 warentizaret
852 593 884 659 ei
907 594 982 660 dim.
1007 594 1118 662 hidam
1141 606 1227 665 terre

133 718 200 760 cum
215 706 294 783 pert.
305 697 341 761 in
355 696 572 783 Tutingdona,
588 720 685 783 quam
701 706 795 763 tenet
814 699 904 763 etde
918 722 957 764 eo
971 707 1083 766 tenere
1098 703 1226 781 clamat,

133 808 164 862 et
185 799 265 865 unde
289 809 411 865 cartam
437 823 529 865 suam
555 800 654 865 habet
677 808 717 865 ut
742 801 823 866 dicit
848 810 909 867 etc.
954 803 999 867 Et
1024 804 1136 870 Abbas
1161 830 1225 872 non

81 972 83 975 ,
131 903 215 967 uenit
232 912 293 969 eta
338 905 382 970 Et
401 913 591 991 preceptum
615 904 679 969 fuit
703 904 888 971 nicecomiti
909 906 996 993 quod
1017 907 1226 996 distringeret

130 1026 198 1069 eum
212 1028 269 1091 per
283 1015 385 1071 terras
404 1015 440 1071 et
460 1008 578 1073 catalla
599 1030 659 1072 sua
680 1014 742 1074 etc.
787 1009 831 1072 Et
853 1008 1034 1075 uicecomes
1056 1014 1227 1078 mandauit

129 1108 206 1191 quod
220 1110 344 1174 nullam
360 1118 478 1174 terram
495 1110 594 1175 habet
609 1110 672 1175 nisi
687 1118 819 1175 tantum
833 1112 996 1177 redditum
1012 1122 1047 1178 et
1061 1115 1225 1182 redditum

129 1210 218 1276 illud*
231 1213 320 1299 cepit
334 1214 369 1277 in
387 1236 521 1279 manum
541 1214 636 1279 Dum.
651 1214 758 1300 Regis
805 1215 849 1279 Et
868 1215 941 1281 ideo
962 1226 1150 1304 preceptum
1175 1229 1225 1285 est

128 1316 303 1382 uicecomiti
332 1317 419 1404 quod
447 1318 611 1383 redditum
641 1318 735 1383 illum
765 1319 855 1384 saluo
880 1322 1042 1387 custodiat
1067 1323 1103 1388 in
1126 1348 1224 1390 manu

128 1418 214 1485 Dom.
230 1422 332 1507 Regio
347 1443 514 1507 quousque
529 1421 619 1487 aliud
634 1432 826 1510 preceptum
840 1424 917 1489 inde
932 1425 1084 1492 habuerit
1098 1437 1157 1494 etc.
1176 1428 1183 1517 Ι

91 1588 96 1600 ,
183 1524 392 1591 ’hoelmus‘
419 1527 507 1591 filius
536 1527 626 1592 Petri
655 1527 696 1592 de
725 1528 1011 1595 Hathelakestan'⁶
1040 1532 1161 1618 optulit
1190 1557 1224 1599 se

126 1731 237 1797 bouate
260 1744 349 1798 terre
373 1756 447 1798 cum
468 1742 548 1819 pert.
570 1734 605 1797 in
629 1735 844 1821 Bergedona⁸,
863 1760 944 1823 quas
967 1739 1087 1804 clamat
1112 1763 1225 1806 uersus

125 1858 191 1900 eum
207 1845 244 1902 nt
258 1838 312 1903 ius
326 1860 422 1901 suum
438 1846 498 1902 etc.
536 1838 580 1901 Et
596 1838 696 1924 Hugo
714 1861 779 1904 non
793 1840 888 1905 uenit
903 1850 963 1907 eto
979 1850 1014 1907 et
1028 1850 1115 1908 terra
1127 1853 1226 1930 capta

125 1940 180 2005 fuit
193 1941 228 2005 in
248 1964 385 2007 manum
406 1952 464 2007 etc
481 1964 538 2027 pro
559 1942 688 2007 delectu
711 1965 770 2007 suo
792 1966 890 2029 quem
911 1945 989 2010 fecit
1010 1954 1071 2011 etc.
1093 1954 1128 2011 et
1150 1957 1225 2032 post

125 2043 221 2109 uisum
244 2052 332 2109 terre
354 2045 497 2130 petitum
517 2052 552 2109 et
573 2043 641 2130 ipse
657 2047 875 2109 summonitus
889 2046 954 2111 fuit
968 2046 1010 2111 ad
1024 2047 1223 2114 audiendum

123 2146 271 2213 iudicium
288 2170 384 2213 suum
400 2156 470 2224 eta,
485 2157 520 2212 et
534 2155 614 2213 tune
630 2171 693 2213 non
709 2149 803 2214 uenit
818 2158 888 2229 etc,
902 2159 938 2215 et
952 2152 1026 2215 ideo
1045 2152 1224 2220 considera-

122 2260 187 2316 tum
202 2260 252 2317 est
270 2252 360 2338 quod
379 2252 509 2317 Assell'
529 2254 735 2339 recuperauit
757 2254 908 2320 seisinam
930 2278 1023 2320 suam
1045 2278 1103 2341 per
1124 2258 1224 2322 defal-

123 2364 193 2432 tam,
206 2365 241 2420 et
257 2358 360 2443 Hugo
375 2357 410 2421 in
425 2357 650 2425 misericordia
695 2359 740 2424 Et
754 2358 922 2424 sciendum
938 2360 1024 2446 quod
1040 2360 1224 2426 Willelmus

121 2459 157 2523 de
171 2460 348 2548 Cungeho⁸
362 2470 397 2525 et
412 2459 514 2526 Lucia
528 2484 609 2526 uxor
625 2461 696 2526 eius
710 2471 912 2527 uocauerunt
925 2463 1033 2550 ipsum
1048 2464 1222 2552 Hugonem

120 2565 157 2629 ad
181 2575 362 2631 warantum
390 2588 496 2631 coram
524 2567 709 2632 iusticiariis
734 2567 965 2634 itinerantibus
990 2576 1026 2633 et
1051 2570 1151 2656 Hugo
1176 2571 1224 2634 eis

113 2671 341 2736 ,warentizauit
364 2680 424 2736 etc.
449 2671 497 2737 ita
518 2672 605 2757 quod
628 2672 812 2738 Willelmus
837 2680 872 2738 et
897 2674 999 2739 Lucia
1014 2677 1224 2741 'recesserunt

118 2773 181 2838 sine
203 2774 257 2838 die
282 2783 318 2838 et
337 2773 411 2838 ideo
433 2775 576 2840 habeant
598 2776 664 2840 tale
686 2799 883 2862 recuperare,
906 2779 1001 2862 quale
1025 2778 1143 2844 habere
1167 2779 1224 2844 de-

118 2873 246 2955 bebunt,
262 2885 325 2942 eta

51 2983 86 3050 ⁰0.
175 2979 374 3045 'Nicholaus
389 2979 538 3045 Blundus
552 2986 586 3045 et
600 2981 712 3067 Agnes
727 3004 809 3045 uxor
822 2980 893 3046 eius
907 2990 942 3046 et
958 2982 1121 3048 Cristiana
1134 3007 1221 3050 soror

116 3083 210 3167 ipsius
231 3083 377 3170 Agnetis
397 3091 518 3169 petunt
542 3107 655 3149 uersus
669 3085 828 3150 Thomam
847 3086 952 3150 filium
972 3087 1084 3152 Iuonis
1106 3100 1222 3174 quater
1251 3145 1255 3154 .

114 3209 266 3253 inseras
291 3195 377 3252 terre
396 3208 470 3252 cum
490 3196 570 3273 pert
587 3187 621 3251 in
636 3189 741 3274 Braye
756 3196 795 3254 ut
810 3189 861 3253 ius
875 3189 1019 3276 ipsarum
1033 3192 1173 3278 Agnetis
1187 3203 1222 3257 et
1253 3224 1257 3230 ·

116 3291 261 3357 Cristine.
1027 3354 1030 3362 .

175 3395 218 3462 Et
234 3395 378 3460 Thomas
393 3394 485 3459 uenit
501 3402 535 3459 et
550 3394 730 3481 dicitquod
745 3403 832 3460 terra
850 3396 908 3461 illa
928 3405 977 3462 est
998 3398 1038 3463 de
1060 3397 1220 3465 dominico

115 3497 201 3564 Dom.
217 3497 331 3584 Regis,
346 3505 380 3561 et
395 3519 459 3561 non
474 3496 572 3562 debet
592 3496 746 3582 placitare
761 3521 821 3584 per
840 3500 906 3564 tale
926 3501 1026 3565 breue
1033 3500 1062 3578 ¹⁰,
1077 3511 1112 3566 et
1126 3502 1220 3567 iusti-

112 3602 198 3667 ciarii
220 3602 284 3667 hoc
307 3601 395 3666 idem
416 3609 587 3679 testantur,
603 3610 637 3668 et
652 3602 725 3668 ideo
743 3604 813 3668 sine
828 3603 890 3681 die,
905 3613 939 3669 et
953 3606 1016 3691 ipsi
1030 3607 1220 3693 perquirant

112 3727 144 3768 se
158 3707 191 3770 in
206 3705 291 3770 uilla
305 3703 362 3768 illa
376 3704 553 3770 secundum
568 3706 837 3771 consuetudinem
852 3707 930 3772 uille
946 3730 1012 3773 sue.

51 3807 80 3872 ll.
173 3809 294 3874 ¹²Prior
318 3808 499 3894 Hospitalis
521 3809 711 3875 Jerosolime
737 3811 772 3876 in
798 3811 921 3898 Anglia
939 3835 998 3898 per
1018 3821 1220 3879 attornatum

111 3935 203 3978 suum
218 3912 308 4000 petit
323 3934 437 3976 uersus
452 3913 634 3978 Walterum
654 3915 695 3980 de
710 3915 919 3980 Turberuilla
933 3917 1018 4002 quod
1034 3919 1221 3985 warentizet

140 4067 149 4098 ¹
167 4067 215 4115 Sea
226 4065 310 4114 abore
322 4064 399 4113 Cassa
411 4064 459 4115 296
470 4063 522 4114 and
534 4067 590 4117 399.
723 4063 734 4096 ⁸
752 4067 878 4126 Graccho,
890 4066 920 4126 A,
936 4065 966 4116 B.

141 4131 151 4162 ²
167 4132 241 4181 Gorr.
254 4131 336 4186 illam,
348 4130 379 4187 A,
391 4129 422 4178 B.
723 4129 734 4162 ⁹
750 4133 830 4179 Am.
844 4131 918 4179 11d:
935 4132 965 4182 Β.
979 4135 1050 4183 Μ.

139 4197 151 4228 ⁸
165 4199 197 4245 A.
209 4211 246 4246 m.
265 4197 311 4254 11;
328 4195 359 4242 B.
371 4210 407 4243 m.
420 4195 435 4244 6
446 4194 472 4244 d.
723 4195 745 4228 ¹⁰
762 4197 817 4245 The
828 4197 890 4259 only
897 4195 954 4245 writ
965 4196 988 4244 is
997 4196 1041 4245 the
1050 4197 1118 4246 little
1129 4199 1186 4248 urit
1194 4201 1222 4248 oi

141 4262 153 4294 ⁴
169 4259 291 4316 Arcuitt',
303 4259 333 4318 A,
348 4259 379 4308 B.
693 4260 763 4322 right
780 4260 863 4320 olose3
876 4261 926 4310 -for
940 4261 997 4310 this
1014 4261 1037 4309 is
1053 4264 1157 4312 ancient
1179 4265 1220 4313 de·

140 4326 341 4386 metaturae,
356 4325 386 4374 B.
694 4341 790 4375 meane.
824 4325 876 4374 For
896 4327 963 4375 later
987 4327 1152 4391 proceedings
1175 4345 1222 4378 seo

140 4393 151 4424 ⁶
167 4391 335 4446 sacedon,
346 4389 378 4438 B.
523 4420 525 4425 -
596 4417 599 4422 ·
695 4391 774 4439 (lases
785 4392 833 4442 951
845 4390 898 4440 and
909 4393 966 4442 988.

141 4456 152 4488 ⁷
170 4455 291 4516 Arcuill',
305 4455 336 4516 A,
350 4455 380 4506 Β.
729 4456 748 4488 ¹¹
765 4456 796 4504 A.
808 4471 844 4504 m.
857 4458 888 4505 lt
900 4455 930 4517 dj
948 4457 1014 4506 ΒΛ.
1092 4490 1106 4500 ..
1176 4492 1179 4500 ,
