3167 5075
384 377 448 442 534
606 391 842 454 mennatum,
863 391 927 442 nn.
952 379 1046 456 1225,
1068 393 1131 444 nu
1156 381 1271 444 9-10,

252 563 345 633 1687.
448 563 647 630 ¹Willelmus
660 564 810 629 Blundus
824 564 910 650 petit
931 579 1046 630 uersus
1063 566 1226 653 Rogemm
1249 567 1380 634 Gemuu
1398 566 1468 653 quod

271 666 328 706 ΨΜ
384 665 481 731 faciat
496 666 527 730 ei
540 666 790 731 eonsuetudines
805 676 865 731 etc.
881 689 944 752 que
959 667 991 732 ei
1005 668 1109 732 fucere
1123 668 1223 736 debet
1244 671 1285 736 de
1308 671 1401 737 libero
1420 681 1467 736 etc

383 773 419 840 in
440 771 632 849 Lauintona,
647 772 734 837 unde
754 772 843 837 idem
858 772 1042 837 Willelmus
1063 773 1144 839 dicit
1166 773 1252 860 quod
1275 783 1365 840 tenet
1383 774 1419 840 de
1436 797 1466 838 co

384 876 514 944 feodum
535 877 560 962 j.
582 877 697 941 militis
718 886 754 942 et
776 878 862 963 petit
884 876 970 962 quod
992 877 1089 942 faeiat
1111 877 1143 942 ei
1164 878 1351 965 homagium
1371 887 1467 944 stret

384 981 543 1047 releuium
558 981 599 1046 de
614 989 718 1045 morte
733 980 842 1046 uxoris
856 1003 914 1046 sue
935 980 1028 1046 cuius
1047 981 1212 1046 hereditas
1234 989 1321 1048 terra
1340 982 1394 1047 illa
1411 982 1468 1053 fuir.

384 1092 420 1149 et
434 1083 520 1170 quod
534 1083 649 1148 reddet
664 1084 695 1150 ei
709 1083 894 1170 scutagium
909 1083 950 1149 de
965 1083 1185 1170 Mungumery
1192 1093 1229 1148 et
1243 1084 1285 1150 de
1301 1084 1470 1150 Bcdefordia

384 1198 419 1254 et
434 1187 584 1275 Byham¹,
593 1188 671 1274 quia
684 1211 796 1253 omnes
809 1198 1026 1254 antecessores
1040 1189 1092 1254 sui
1106 1211 1234 1275 semper
1245 1191 1376 1254 suerunt
1386 1188 1471 1254 scisiti

382 1293 424 1358 de
439 1293 531 1360 feodo
544 1293 601 1358 illo
617 1301 651 1358 et
665 1293 801 1358 seruicio
816 1303 876 1360 etc.
891 1316 994 1380 usque
1009 1293 1051 1359 ad
1070 1303 1202 1380 tempus
1223 1315 1348 1381 guerre,
1362 1304 1395 1358 et
1413 1303 1471 1379 pust

382 1417 532 1482 guerram
554 1395 618 1460 fuit
639 1395 708 1480 ipse
731 1395 916 1461 Willelmus
938 1397 973 1461 in
999 1396 1118 1462 seisina
1139 1394 1180 1460 de
1202 1396 1307 1482 primo
1329 1393 1472 1481 scutagio·

382 1501 469 1586 quod
483 1501 598 1566 datum
612 1501 677 1566 fuit
691 1509 837 1588 tempore
853 1503 895 1567 Η.
910 1501 1012 1590 Regis
1027 1502 1084 1588 qui
1099 1525 1186 1568 nuno
1200 1513 1261 1582 est,
1271 1513 1306 1568 et
1322 1503 1381 1570 hoo
1394 1503 1474 1568 offert

383 1614 442 1669 etc.
459 1627 645 1691 percorpus
659 1603 843 1670 cuiusdam⁴
859 1613 920 1672 etc.

448 1708 492 1772 Et
513 1707 660 1794 Rogerus
679 1706 772 1773 uenit
787 1716 822 1772 et
837 1707 983 1774 defendit
998 1707 1085 1794 quod
1099 1707 1200 1774 nichil
1215 1717 1309 1776 tenet
1324 1709 1364 1776 de
1378 1731 1474 1776 conec

382 1835 537 1897 umquam
553 1811 670 1887 tenuit,
684 1812 785 1876 immo
799 1821 892 1877 tenet
906 1813 946 1878 de
962 1812 1127 1878 Willelmo
1142 1814 1294 1878 Bruwore
1311 1823 1352 1878 ut
1370 1823 1475 1880 terram

382 1917 472 1982 illam
487 1940 584 2004 quum
600 1917 717 1981 habuit
730 1940 805 1982 cum
821 1940 920 1982 uxore
935 1917 1005 1984 eius
1019 1941 1082 2004 qua
1098 1919 1180 1984 obiit
1200 1927 1236 1984 et
1250 1921 1344 1985 cuius
1358 1919 1475 1986 heredes

382 2030 460 2088 sunt
473 2022 559 2087 infra
572 2029 703 2099 etatem,
718 2021 797 2107 quia
811 2021 995 2088 Willelmus
1014 2021 1055 2088 de
1075 2023 1249 2110 Egewrthe
1263 2025 1422 2110 quondam
1434 2025 1477 2088 uir

383 2127 491 2192 uxoris
505 2149 563 2192 sue
578 2126 660 2192 obiit
674 2127 709 2192 iu
723 2149 849 2212 guerra,
865 2133 899 2191 st
920 2126 990 2212 ipso
1004 2135 1132 2191 mortuo
1148 2127 1335 2192 Willelmus
1349 2129 1475 2194 Briwerc

383 2231 469 2316 oepit
492 2239 611 2296 terram
633 2230 723 2294 illam
744 2230 779 2294 in
803 2251 936 2295 manum
958 2251 1051 2294 suam
1073 2239 1108 2296 et
1128 2229 1222 2296 dedit
1236 2231 1268 2296 ei
1283 2232 1474 2318 maritagium

379 2336 490 2400 uxoris
514 2359 581 2413 sue,
605 2343 640 2401 et
664 2335 741 2400 inde
765 2343 861 2400 uocat
885 2357 960 2400 eum
986 2335 1028 2400 ad
1053 2345 1232 2401 warantum
1259 2337 1337 2422 quia
1359 2337 1474 2402 secitei
1544 2321 1545 2358 ³

382 2441 570 2528 homagium
585 2461 688 2506 suum.

382 2599 384 2604 .
448 2546 492 2610 Et
501 2544 685 2611 Willelmus
694 2543 776 2608 dicit
786 2543 873 2630 quod
884 2564 949 2608 non
962 2542 1062 2609 debet
1076 2542 1151 2609 inde
1167 2554 1349 2610 warantum
1363 2546 1473 2614 habere.

383 2648 460 2734 quia
488 2648 576 2713 idem
605 2649 752 2733 Rogerus
780 2668 840 2731 per
868 2668 1001 2711 manum
1031 2668 1122 2711 suam
1152 2646 1295 2713 reddidit
1332 2647 1473 2735 predicto³
1543 2732 1544 2739 ἵ

383 2752 538 2817 Gsufrddo
566 2751 722 2817 seruienti
750 2773 809 2817 suo
844 2750 1029 2837 scutagium
1065 2750 1203 2815 duarum
1233 2774 1408 2817 marearum
1439 2750 1472 2815 ad

382 2857 526 2921 hostium
551 2856 683 2921 ecclesie
706 2854 748 2919 de
774 2854 981 2921 Chirchesint
1003 2854 1108 2941 primo
1130 2877 1216 2919 anno
1243 2864 1317 2941 post
1341 2878 1471 2943 grrcnum

382 2961 518 3037 finitam,
533 2969 568 3025 et
582 2960 669 3047 quod
684 2960 770 3025 idem
785 2961 933 3046 Rogerus
946 2960 1098 3045 nequiter
1112 2967 1146 3025 et
1160 2960 1196 3025 in
1210 2958 1332 3025 felonia
1345 2960 1472 3027 defendit

382 3066 414 3131 ei
436 3066 608 3131 seruicium
634 3087 731 3131 auum
756 3073 791 3130 et
816 3064 859 3131 ad
889 3064 1173 3129 exheredationem
1203 3084 1298 3129 suam
1330 3065 1403 3131 fecit
1427 3064 1472 3128 alii

383 3170 570 3258 homagium
591 3169 633 3235 de
654 3169 747 3235 feodo
768 3191 827 3235 suo
849 3170 943 3235 offert
964 3168 1176 3233 disracionare
1198 3190 1314 3233 uersus
1335 3192 1406 3234 eum
1425 3190 1474 3253 per

383 3274 512 3359 corpus⁶
526 3281 588 3337 etc.
603 3271 660 3357 qui
674 3272 734 3336 hoo
748 3271 844 3335 offert
858 3280 918 3337 eto.
934 3271 1019 3335 siout
1034 3270 1088 3335 ille
1110 3270 1167 3356 qui
1181 3278 1241 3335 stu
1258 3270 1331 3337 illos
1345 3270 1474 3336 denarioe

383 3376 514 3461 recepit,
530 3376 584 3440 uel
605 3398 664 3461 per
685 3398 801 3461 corpus
823 3373 914 3441 talis⁷
936 3374 994 3461 qui
1016 3375 1075 3441 hoc
1095 3374 1183 3440 idem
1200 3375 1287 3441 uidit
1302 3376 1385 3442 sicut
1398 3375 1473 3441 ouria
1541 3404 1542 3437 r

383 3488 443 3545 etc

448 3584 492 3649 Et
514 3584 660 3669 Rogerua
680 3582 740 3647 hoc
759 3582 905 3648 defendit
928 3592 962 3648 et
984 3582 1064 3649 dicit
1086 3582 1173 3669 quod
1195 3604 1311 3649 reuera
1330 3584 1474 3650 Robertus

377 3688 590 3774 :Creuequeor
604 3696 683 3753 tune
697 3688 876 3753 uioeoomes
890 3688 1057 3753 distrinxit
1071 3710 1148 3753 eum
1163 3710 1222 3775 per
1235 3690 1346 3755 aueria
1359 3712 1413 3754 sua
1426 3710 1472 3775 pro

382 3791 438 3855 illo
459 3790 607 3876 scutagio
627 3812 687 3877 per
707 3798 896 3876 preceptum
914 3790 1008 3857 Dum.
1024 3790 1134 3877 Regis,
1149 3791 1198 3857 ita
1211 3793 1299 3878 quod
1313 3792 1471 3858 mceoomes
1540 3818 1541 3837 ¹

380 3896 436 3962 ille
451 3894 601 3961 uendidit
614 3894 726 3961 aueriu
738 3917 806 3971 sua,
822 3902 856 3959 et
871 3894 1017 3960 nesnitsi
1038 3894 1181 3961 reddidit
1203 3896 1309 3962 eidem
1324 3896 1470 3961 Willetmo

380 3999 528 4065 denarios
550 3999 631 4073 illos,
653 4008 704 4063 set
727 3998 810 4063 bene
836 3996 897 4063 scit
926 3996 1013 4083 quod
1041 4006 1155 4083 postea
1183 3998 1312 4065 eosdem
1339 3997 1468 4064 dennnos

413 4154 422 4184 ¹
440 4155 470 4202 A.
482 4168 518 4202 m.
530 4154 574 4213 263
591 4154 621 4202 B.
634 4167 668 4205 m.
684 4153 748 4203 tud.
991 4153 1002 4186 ⁴
1020 4154 1150 4217 Guusridi,
1164 4152 1195 4203 A.

413 4218 714 4281 ”Scutagestorwslsh
725 4234 785 4280 war,
798 4220 907 4282 forsup·
990 4216 1324 4282 ⁸Theuhunrpionnamud
1333 4217 1413 4267 aton

381 4283 497 4347 pressiori
510 4286 538 4333 ot
552 4284 659 4333 stkea
673 4284 702 4333 of
717 4284 835 4346 Breautd,
854 4284 907 4334 and
990 4284 1127 4335 ‘eiusdem
1150 4287 1280 4349 Gausridr',
1301 4286 1329 4333 Δ.
1361 4281 1424 4331 Here
1445 4278 1463 4327 B

381 4348 545 4413 suppression
557 4350 586 4398 of
595 4348 710 4399 william
719 4350 905 4399 otAlbcmarle.
957 4358 1042 4413 stopa.

412 4416 422 4445 ³
440 4416 548 4472 Scutage
559 4415 588 4463 of
598 4417 670 4463 1218.
990 4415 1000 4447 ⁷
1018 4416 1128 4465 Muttini
1141 4418 1254 4479 Grdur'rr,
1268 4414 1295 4463 A.
