3167 5075
356 360 420 422 618
465 357 693 422 mrnsnom‘s
716 371 808 420 aran
830 372 869 420 m
892 372 1064 434 nonnoni,
1085 373 1151 422 an.
1176 357 1270 434 1227,
1291 373 1349 421 aa
1368 360 1408 421 lt

332 635 334 638 Ι
421 545 465 610 Et
479 544 664 610 Willelmus
677 545 757 610 dicit
775 546 863 632 quod
881 546 985 611 credit
1002 547 1110 633 ipsum
1130 569 1206 612 oeae
1220 555 1384 625 mortuum,
1398 554 1438 610 eet

354 651 478 716 nullam
493 659 614 715 sectam
630 650 787 737 producit.
832 651 909 716 Poot
924 651 1018 717 uenit
1032 651 1218 717 Willelmue
1232 659 1269 716 et
1281 648 1438 735 dicitquod

354 779 468 822 reuera
483 780 547 821 non
562 756 664 822 credit
685 757 771 843 quod
793 765 888 843 pater
905 779 984 821 surm
1005 755 1049 821 sit
1068 764 1225 833 mortuus,
1242 777 1304 820 nec
1321 754 1441 840 aliquam

354 861 529 927 ueritatem
552 862 629 926 inde
650 861 721 938 scit,
743 869 777 926 et
799 861 886 947 petit
907 860 994 946 qnod
1015 860 1117 946 possit
1138 859 1289 925 recedere
1310 858 1348 923 de
1364 857 1440 922 breui

354 987 421 1044 suo,
437 973 471 1030 et
486 965 587 1030 habet
601 965 779 1042 licenciam,
794 973 829 1030 et
843 965 917 1030 ideo
931 963 989 1029 alii
1002 964 1073 1030 sine
1087 963 1141 1029 die
1155 973 1217 1029 etc

223 1072 315 1135 1806.
420 1067 532 1132 Assisa
554 1067 647 1132 uenit
671 1067 877 1154 recognitum
898 1067 927 1132 si
952 1067 1112 1132 Ricardus
1136 1067 1224 1132 filius
1246 1065 1391 1132 Rannulfi
1414 1074 1442 1129 el

354 1171 538 1237 Willelmns
552 1172 639 1236 filius
659 1171 729 1236 eius
751 1180 786 1237 et
808 1172 891 1237 talea
912 1179 972 1238 etc
995 1171 1116 1237 iniuste
1138 1181 1198 1238 etc
1221 1171 1444 1238 diseeieiuerunt

355 1275 514 1340 Thomam
540 1275 581 1340 de
606 1275 750 1340 Becham
772 1274 937 1340 delibero
959 1283 1148 1340 tenemento
1173 1297 1233 1340 suo
1261 1275 1298 1339 in
1323 1273 1443 1339 Becham

354 1386 429 1465 post
457 1379 516 1444 ult’
546 1386 605 1444 etc.
652 1379 696 1444 Et
726 1378 886 1444 Ricardus
914 1379 1028 1444 etalii
1049 1379 1190 1444 ueniunt
1211 1387 1246 1444 et
1268 1385 1444 1465 cognoscunt

355 1483 567 1562 dieseisinam,
581 1482 660 1570 quia
674 1483 761 1549 idem
777 1483 918 1548 Thomas
931 1506 997 1548 non
1012 1483 1122 1548 tenuit
1141 1483 1173 1548 ei
1192 1484 1365 1568 quamdam
1383 1501 1443 1544 oon-

355 1585 545 1672 uencionem
561 1586 601 1650 de
617 1585 777 1650 estouerio
797 1585 943 1650 eiusdem
964 1584 1096 1650 Riomdi
1114 1584 1324 1660 inueniendo,
1336 1593 1368 1650 et
1385 1582 1444 1647 ideo

356 1687 496 1752 Thomas
510 1688 630 1752 habeat
645 1687 798 1752 seisinam
818 1710 912 1752 suam
930 1695 965 1752 et
984 1688 1042 1752 alii
1064 1687 1100 1752 in
1118 1688 1344 1753 misericordie.
1383 1687 1446 1752 Post

355 1789 448 1854 uenit
463 1788 602 1854 Thomas
618 1798 651 1855 et
666 1789 814 1855 concedit
829 1790 860 1855 ei
874 1797 1006 1854 tantum
1019 1812 1216 1876 perannum
1230 1799 1292 1855 etc

222 1909 316 1979 1807,
420 1894 532 1959 Ansina
549 1894 643 1959 uenit
664 1894 872 1982 recognitum
893 1895 921 1958 si
945 1895 1131 1960 Alexander
1152 1895 1193 1960 de
1216 1895 1352 1960 Seltona
1369 1901 1447 1980 pater

355 1995 492 2061 Robcrti
517 1996 581 2060 fuit
606 1997 737 2062 scisitus
762 1997 799 2062 in
821 1996 983 2062 dominico
1007 2019 1067 2062 eno
1092 2006 1132 2062 ut
1156 1997 1198 2063 de
1224 1998 1320 2063 feodo
1339 1997 1378 2062 de
1396 1995 1447 2081 xvj.

355 2101 436 2166 acris
451 2109 536 2166 terre
552 2108 611 2166 etc.
627 2100 662 2164 in
678 2101 837 2166 Sheltona
850 2101 904 2165 die
924 2109 994 2180 etc,
1016 2124 1115 2188 quam
1137 2109 1258 2167 terram
1278 2100 1449 2167 Gosoelinus

355 2204 437 2269 Fich
453 2213 487 2268 et
502 2203 624 2268 Basilia
638 2226 720 2268 uror
734 2203 827 2268 eius¹.
873 2203 918 2268 Et
938 2203 1002 2290 ipsi
1021 2227 1087 2268 non
1101 2204 1242 2270 ueniunt
1257 2214 1293 2269 et
1308 2213 1449 2270 testatum

356 2317 406 2374 est
421 2331 479 2395 per
492 2308 630 2374 balliuos
644 2309 738 2374 Dom.
755 2308 856 2394 Regis
870 2315 905 2373 et
919 2330 978 2394 per
993 2330 1105 2374 omnes
1124 2308 1284 2374 iuratores
1301 2309 1386 2395 quod
1398 2307 1451 2394 ipsi

356 2413 488 2478 fuerunt
506 2413 542 2478 in
562 2413 652 2478 curia
672 2421 706 2478 et
726 2413 814 2500 qnod
836 2435 891 2478 eos
912 2412 1067 2478 uiderunt
1089 2435 1195 2478 coram
1218 2413 1323 2478 banco
1341 2423 1451 2478 etcum

356 2517 403 2583 eis
417 2516 518 2582 locuti
533 2517 672 2583 fuerunt.
717 2517 762 2583 Et
775 2525 976 2583 recesserunt
990 2517 1060 2583 sine
1075 2517 1218 2598 licencia,
1232 2517 1307 2585 ideo
1321 2518 1453 2605 capiatur

356 2621 456 2686 assisa
469 2642 527 2707 per
538 2622 694 2686 delnltam
709 2644 830 2687 eorum.
867 2624 1036 2688 Juratores
1050 2622 1165 2688 dicunt
1179 2624 1268 2709 quod
1281 2622 1452 2689 Alexander

356 2726 405 2791 ita
433 2726 515 2791 obiit
544 2726 674 2791 seisitus
699 2727 784 2792 sieut
810 2727 912 2791 breue
938 2727 1019 2793 dicit
1040 2735 1075 2791 et
1096 2737 1171 2813 post
1192 2728 1377 2793 tenninnm
1417 2726 1453 2789 m

356 2830 429 2896 ideo
444 2830 607 2896 Robertue
622 2830 742 2896 habeat
756 2830 910 2897 seisinam
924 2854 1028 2914 suam,
1043 2839 1078 2897 et
1092 2831 1115 2897 J
1116 2832 1276 2897 oscelinus
1294 2833 1332 2899 in
1344 2830 1453 2898 miseri-

356 2934 465 3000 cordia
479 2943 538 3000 etc.

357 3238 419 3305 DE
441 3239 631 3304 ITINERE
653 3239 698 3305 M.
716 3240 777 3304 DE
800 3240 1129 3307 PATTESHULLA
1151 3242 1207 3309 ΕΤ
1230 3240 1457 3310 SOCIORUII

445 3343 637 3407 SUORUM
653 3344 889 3435 COMITA'I'U
903 3344 937 3409 N
940 3344 1170 3411 ORFOLKIE
1184 3346 1253 3411 AN
1253 3347 1287 3410 N
1289 3347 1318 3413 Ο
1333 3345 1458 3412 REGIS

444 3446 641 3513 HENRIOI
670 3448 784 3513 FILII
813 3448 949 3515 REGIS
978 3448 1217 3515 IOHANNIS
1247 3448 1381 3516 XII¹¹⁰'.

312 3700 318 3713 .
423 3645 535 3711 Assisa
550 3646 642 3711 uenit
657 3645 864 3733 recognitum
876 3644 905 3711 si
919 3645 1104 3711 Willelmus
1123 3646 1261 3713 clericus
1281 3649 1322 3713 de
1345 3645 1461 3731 Filcby,

295 3778 301 3790 ·
359 3750 530 3828 RobertuS‚
539 3751 696 3817 Ricardus
711 3761 745 3815 et
761 3750 962 3838 Reginaldus
977 3751 1037 3815 filii
1051 3750 1103 3816 sui
1116 3750 1239 3816 iniuste
1253 3762 1313 3817 etc
1328 3750 1460 3815 disseisi·

359 3864 479 3920 uerunt
495 3854 670 3920 Ricardum
686 3856 726 3920 de
742 3856 839 3919 Brom
855 3856 896 3921 de
912 3855 1013 3922 libero
1027 3863 1217 3921 tenemento
1231 3879 1290 3921 suo
1303 3856 1339 3922 in
1354 3855 1462 3938 Fileby

392 4008 521 4073 ¹Snpply
537 4018 629 4061 tenent.
941 4010 1012 4069 folla
1044 4010 1131 4073 Flam.
1159 4010 1351 4071 Brothercmo,
1381 4008 1463 4059 Inun-

393 4074 479 4123 ῃΙίοι.
492 4076 530 4124 Cl.
542 4076 593 4124 vol.
603 4078 626 4137 2,
637 4090 663 4138 p.
672 4076 729 4125 ala.
755 4073 891 4125 Pateehnll
941 4073 1022 4134 ditch,
1055 4075 1187 4138 Hepping,
1214 4076 1358 4137 Clarcring,
1384 4072 1463 4123 North

361 4138 414 4188 and
423 4140 511 4215 othere
521 4156 584 4190 were
595 4140 797 4191 commissioned
805 4140 846 4190 lor
854 4156 890 4190 an
941 4139 1085 4198 Greenhoe,
1097 4140 1215 4217 Blofield,
1230 4140 1313 4190 Sonth
1321 4139 1460 4194 Gaeenboe,

361 4218 420 4317 ar
437 4206 889 4333 adnectentem
939 4204 1464 4334 ternariam&

363 4304 425 4449 wilfi
454 4334 525 4413 Sept.
544 4307 649 4450 ’1232h
677 4334 888 4451 ffimmglinal
940 4335 1184 4406 Gallow.Eorehoe.
1292 4308 1299 4329 '

362 4413 392 4449 ve
412 4414 620 4464 uesaremosy
650 4415 687 4451 un
779 4416 809 4451 m
848 4416 888 4451 or·
