3167 5075
224 2969 269 3019 [ott
276 2970 308 3020 b]

355 379 419 444 556
653 389 797 454 unser,
818 385 884 444 ao.
907 379 1003 456 1226,
1023 393 1087 443 sn
1112 382 1161 445 10.

352 563 603 629 Proferteciem
625 565 747 630 emtum
770 562 813 629 Η.
835 563 1008 650 senisque
1032 569 1175 630 taetatnr
1195 573 1255 631 etc
1278 567 1371 654 quod
1386 589 1451 633 con·

352 666 449 732 cessit
474 689 586 731 omnes
612 665 780 732 libertates
806 674 841 731 et
866 667 976 732 omnis
997 667 1120 755 placita
1141 668 1184 734 ed
1208 670 1375 734 coronam¹
1398 679 1454 736 etc

351 769 520 855 sicutipse
535 769 606 833 Rex
621 768 738 834 melius
753 777 788 833 et
803 768 936 834 liberius
955 768 1072 834 habuit
1091 769 1213 836 alicubi
1231 770 1267 836 in
1281 771 1411 858 Anglia
1423 781 1454 836 et

261 869 266 878 '
350 895 410 959 per
430 881 553 939 cartam
575 873 665 938 illam
687 882 723 938 et
747 873 829 938 alias
853 881 959 940 (artes
983 882 1222 940 antecessorum
1245 875 1340 942 Dom
1363 876 1455 962 Regis

351 979 451 1043 habet
474 977 608 1042 eeclesia
630 1001 690 1043 suc
711 978 784 1042 illos
810 978 988 1045 libertates
1039 979 1091 1045 De
1120 981 1274 1066 capcione
1301 981 1455 1047 Johannis

349 1081 496 1147 defendit
510 1081 631 1168 preciso
646 1079 733 1167 quod
752 1103 811 1167 per
830 1103 907 1146 eum
925 1105 992 1147 non
1011 1083 1075 1147 fuit
1093 1093 1218 1170 ceptus,
1231 1107 1293 1150 nec
1310 1107 1373 1172 per
1385 1107 1454 1150 eum

351 1187 450 1252 finem
465 1186 550 1264 fecit,
565 1207 625 1251 nec
638 1185 680 1250 de
695 1207 733 1250 eo
748 1185 848 1250 finem
862 1186 995 1273 recepit,
1010 1209 1071 1252 nec
1088 1187 1214 1274 aliquid
1233 1189 1295 1254 scit
1313 1189 1358 1254 de
1377 1191 1455 1254 facto

350 1290 465 1356 bellini
490 1289 551 1366 sui,
575 1298 610 1356 et
633 1289 707 1355 ideo
730 1288 771 1354 de
798 1290 884 1354 fecto
906 1312 966 1355 suo
988 1296 1054 1356 non
1079 1291 1156 1356 uult
1179 1291 1375 1378 respondere
1398 1292 1457 1358 nisi

349 1391 711 1462 curiaconsidereuerit.
877 1457 879 1460 Α
1300 1459 1303 1462 ,

358 1548 361 1556 Α
416 1495 459 1560 Et
479 1495 591 1561 Abbss
610 1493 759 1581 quesitus
781 1494 810 1558 si
830 1493 881 1560 bis
902 1493 1042 1580 ceperit¹
1062 1494 1247 1582 predictum
1268 1497 1456 1575 walterum,

350 1606 385 1664 et
399 1597 427 1662 si
440 1597 491 1663 bis
505 1605 620 1683 ceptus
634 1596 698 1661 fuit
713 1619 777 1683 quo
797 1605 940 1662 wmanto
960 1597 1150 1684 priusquam
1169 1599 1234 1663 fuit
1253 1599 1457 1678 deliberatus,

349 1712 384 1769 et
398 1701 527 1790 quondo
541 1701 664 1788 recepit
677 1702 778 1766 breue
792 1701 835 1766 de
849 1701 905 1765 illo
920 1701 1137 1781 deliberando,
1150 1702 1233 1768 dicit
1246 1702 1335 1789 qnod
1349 1725 1458 1768 mucro

348 1807 391 1872 od
405 1805 579 1871 secuudum
594 1804 779 1891 capcionem
795 1806 918 1892 recepit
935 1805 1033 1872 breue
1046 1805 1139 1884 illud,
1154 1816 1189 1871 et
1203 1806 1291 1892 quod
1304 1805 1343 1871 in
1357 1807 1458 1894 prima

348 1910 499 1997 capcione
514 1908 657 1974 detinuit
671 1919 747 1974 eum
761 1909 797 1974 in
811 1909 942 1996 prisona
955 1933 1014 1996 per
1027 1910 1082 1996 xij.
1093 1911 1302 1998 septimanas,
1313 1922 1369 1978 set
1383 1921 1459 1978 tunc

347 2035 406 2100 pro
427 2035 535 2077 amore
557 2035 654 2099 quem
676 2011 793 2078 hebuit
815 2035 890 2077 cum
912 2012 1006 2079 Dom
1027 2014 1179 2080 Jobanne
1200 2023 1280 2080 tunc
1301 2015 1458 2102 Episcopo

350 2116 488 2183 Eliensi⁸
507 2116 701 2182 delibersuit
719 2114 861 2183 eundem
878 2116 1062 2182 Waltemm
1081 2118 1124 2183 ad
1143 2118 1342 2204 peticionem
1361 2119 1460 2207 ipsius

348 2219 509 2308 Episcopi

416 2325 461 2390 Et
482 2323 561 2411 quia
581 2324 694 2390 Abbas
715 2323 880 2412 cognoscit
901 2324 988 2412 quod
1008 2333 1183 2412 postquam
1205 2327 1309 2412 primo
1332 2337 1461 2414 ceperat

350 2429 458 2514 ipsum
480 2427 662 2494 Walterum
684 2436 720 2493 et
740 2428 777 2494 in
797 2428 928 2514 prisona
948 2427 1102 2508 detinuit,
1122 2429 1193 2494 sine
1218 2437 1365 2496 womnto
1386 2453 1460 2496 eum

350 2531 554 2610 deliberauit,
576 2531 704 2597 desicut
729 2541 846 2620 captus
870 2531 935 2599 fuit
959 2555 1019 2619 pro
1039 2542 1145 2599 morte
1167 2533 1318 2611 hominis,
1340 2544 1378 2601 et
1399 2558 1461 2601 non

350 2634 451 2701 habet
469 2634 545 2699 inde
566 2644 745 2701 warantum
765 2658 862 2702 suum
885 2645 1085 2722 percuntem
1104 2660 1207 2715 suam,
1221 2637 1461 2704 consideratum

350 2745 401 2805 est
415 2737 502 2823 quod
516 2737 628 2803 Abbss
639 2736 715 2803 inde
729 2737 765 2801 in
779 2738 1006 2816 misericordia,
1017 2749 1052 2803 et
1066 2738 1217 2805 similiter
1230 2740 1308 2826 quia
1322 2742 1461 2808 abduxit

349 2842 458 2927 ipsum
472 2841 655 2907 Wolterum
671 2849 764 2907 extra
778 2842 971 2908 comitatum
985 2851 1046 2909 etc
1064 2841 1070 2930 Ι

357 2980 359 2985 .
416 2946 460 3010 Et
475 2946 552 3032 quia
565 2945 703 3031 predicti
719 2946 832 3011 Simon
846 2947 887 3011 de
902 2947 1005 3012 Hales
1019 2955 1054 3013 et
1067 2946 1126 3013 olii
1144 2948 1317 3015 iusticiurii
1335 2952 1460 3017 nullam

350 3050 536 3115 babuerunt
546 3058 743 3136 potestatem
755 3050 894 3115 faciendi
904 3051 981 3116 inde
991 3051 1262 3137 inquisicionem⁴,
1271 3063 1307 3119 ct
1317 3057 1464 3122 nescitur

351 3164 464 3222 utrum
483 3155 576 3221 Dom.
591 3155 664 3221 Rex
683 3154 728 3220 sit
747 3154 784 3219 in
803 3155 922 3221 seisina
941 3156 983 3221 de
1002 3156 1156 3242 predictis
1175 3157 1396 3239 libertatibus,
1408 3160 1462 3225 uel

351 3261 379 3329 si
401 3260 489 3326 idem
509 3260 622 3325 Abbas
643 3259 687 3325 sit
712 3260 748 3323 in
773 3259 893 3325 seisina
913 3260 954 3325 de
976 3260 1037 3325 tali
1058 3260 1211 3326 libertate
1232 3262 1320 3348 quod
1341 3264 1462 3330 hebent

351 3364 512 3451 prisonem
527 3371 562 3429 et
577 3363 723 3429 homines
737 3371 849 3450 captos
866 3363 985 3429 habere
1004 3363 1106 3449 possit
1124 3364 1161 3429 in
1179 3366 1310 3452 prisone
1327 3390 1391 3433 sua
1409 3368 1463 3433 uel

351 3490 425 3546 nou,
439 3467 677 3534 consideratum
692 3475 742 3532 est
762 3466 849 3554 quod
867 3466 922 3554 xij.
938 3466 1060 3533 milites
1079 3466 1120 3533 de
1140 3469 1298 3535 comitatu
1318 3471 1380 3557 qui
1397 3494 1463 3536 non

351 3580 430 3639 sunt
451 3571 492 3637 de
514 3570 607 3636 feodo
628 3570 771 3637 Abbatis.
789 3571 844 3637 uel
863 3570 906 3635 de
926 3570 1095 3638 hundredo
1114 3594 1174 3638 suo
1192 3584 1464 3639 summoueantur

353 3674 439 3762 quod
453 3675 520 3740 sint
539 3674 600 3739 toli
618 3673 671 3739 die
692 3681 752 3741 etc.
767 3674 811 3741 cd
829 3674 1121 3763 recognoscendum
1139 3674 1170 3741 si
1187 3675 1275 3741 idem
1293 3677 1411 3742 Abhos
1429 3685 1463 3742 et

352 3778 486 3844 ecclesia
513 3800 574 3845 sua
601 3778 643 3844 de
664 3778 846 3873 ⁴Remeseia
870 3786 930 3844 etc
951 3778 1023 3871 sint
1045 3778 1082 3843 in
1104 3778 1224 3845 seisina
1247 3779 1288 3845 de
1313 3778 1463 3865 predicta

354 3882 506 3948 libertate
520 3889 580 3947 etc
595 3882 651 3947 uel
664 3904 729 3946 non
744 3889 805 3947 etc
879 3932 882 3937 J
938 3930 943 3940 .

385 4078 394 4112 ¹
413 4078 513 4142 Supply
530 4078 692 4142 pertinencia
707 4078 777 4141 opud
797 4078 882 4127 Bran·
965 4074 977 4108 ⁸
992 4073 1064 4125 John
1075 4074 1107 4125 de
1118 4075 1255 4139 Fontibus,
1267 4077 1444 4131 lew-lm

352 4148 469 4197 cestriam
480 4151 504 4193 et
515 4144 651 4207 Riwotede
662 4150 687 4193 et
704 4144 774 4205 opud
791 4142 881 4192 Glock·
936 4187 940 4195 ,
964 4139 1141 4204 ‘Seerningly
1168 4142 1214 4192 tbe
1239 4142 1410 4193 commissicu
1434 4144 1464 4193 ot

354 4210 559 4259 leoehundredum
569 4216 594 4259 et
605 4210 746 4266 dimidium,
755 4208 787 4257 B.
816 4206 882 4257 This
931 4204 991 4267 gaci
1001 4204 1116 4269 delivcry
1126 4205 1172 4256 did
1181 4212 1230 4257 not
1239 4206 1462 4259 autborixetbn

352 4274 455 4325 oharter
476 4272 500 4323 is
521 4273 549 4323 in
573 4272 669 4323 chron
692 4272 756 4324 Abb.
773 4272 879 4323 Rames.
931 4276 959 4320 to
971 4270 1030 4320 take
1041 4286 1076 4320 an
1087 4272 1194 4334 inquest
1204 4288 1233 4323 os
1244 4276 1271 4323 to
1286 4272 1333 4322 tho
1347 4274 1461 4325 neom

354 4340 436 4404 (Rolls
448 4337 540 4401 Series)
552 4353 578 4403 p.
592 4340 649 4389 222.
930 4335 1072 4386 franchise.

384 4406 534 4467 ”ceperunt
549 4404 580 4454 B.
1096 4440 1100 4446 .
