3167 5075
376 394 439 459 384
682 408 833 472 rarmrr,
855 407 919 458 nu.
945 394 1037 471 1220,
1060 408 1123 459 aa.
1146 394 1174 457 t.

373 580 415 647 ‘ad
428 580 613 667 proximum
627 571 820 646 comitatum
835 587 912 645 ante
930 579 1060 646 Natale.
1097 580 1141 645 Et
1157 588 1234 645 tunc
1248 566 1342 646 uenit
1356 567 1460 647 dolian-

372 707 431 749 ηοη
444 708 519 749 cum
534 684 607 771 lege
621 692 730 750 suaet
745 684 867 771 optulit
881 706 925 763 ss,
940 692 974 751 et
990 685 1067 772 quia
1083 708 1148 750 ηοη
1168 685 1231 751 luit
1250 693 1332 751 tuno
1349 694 1459 771 tempus

373 790 453 876 legis
478 789 601 855 scilicet
626 788 825 867 Adueutus¹,
848 789 945 855 datus
970 789 1034 854 fuit
1058 789 1105 855 eis
1130 788 1200 855 dies
1224 789 1266 854 ad
1296 789 1459 876 proximum

371 894 564 959 comitatum
589 901 664 981 post
685 894 817 972 Natale,
839 901 873 959 et
896 902 1006 958 tamen
1031 893 1074 959 ad
1096 894 1288 961 comitatum
1313 894 1355 959 ad
1380 915 1459 980 quem

371 1005 508 1063 uenerat
533 1020 608 1063 oum
636 998 707 1084 lege
732 1020 800 1075 sua,
828 997 935 1063 uoluit
959 998 1047 1064 idem
1074 996 1226 1063 Matheus
1254 998 1415 1063 remittere
1435 996 1459 1060 ei

371 1103 477 1190 legem
491 1102 610 1188 persio
624 1101 710 1189 quod
724 1101 942 1188 responderet,
957 1110 991 1167 et
1011 1109 1090 1168 tunc
1109 1101 1325 1167 considerauit
1345 1100 1460 1166 comita-

370 1212 426 1271 tus
440 1206 526 1291 quod
540 1228 606 1271 non
619 1206 684 1271 fuit
699 1206 819 1292 inipso
838 1206 971 1273 Matheo
986 1205 1027 1271 de
1042 1208 1114 1293 lege
1129 1206 1333 1285 remittenda,
1348 1214 1396 1270 set
1409 1204 1460 1269 fuit

369 1310 405 1374 in
418 1309 570 1376 Johanne
584 1311 625 1375 de
640 1310 698 1375 illa
712 1309 860 1375 facienda
877 1308 1003 1376 desicut
1022 1309 1147 1397 plegios
1164 1310 1334 1376 inuenerat
1350 1309 1389 1374 de
1402 1308 1460 1393 lege

369 1436 430 1479 sua
450 1412 620 1479 facienda².
665 1413 783 1479 Postea
805 1435 884 1478 uero
904 1413 947 1479 ad
969 1414 1161 1479 comitatum
1181 1422 1255 1500 post
1277 1412 1403 1489 Natale,
1422 1434 1460 1475 es-

369 1518 510 1583 soniauit
525 1540 559 1583 se
573 1518 750 1594 Johannes,
764 1525 800 1583 et
815 1518 892 1604 quia
904 1539 971 1583 ηοη
990 1518 1099 1603 potuit
1119 1524 1196 1582 ante
1216 1516 1341 1582 Pascha
1359 1516 1461 1581 habere

369 1621 456 1687 diem
471 1620 534 1686 nisi
553 1628 699 1707 tempore
718 1620 800 1707 legis
821 1642 885 1705 quo
904 1642 970 1685 non
991 1620 1100 1706 potuit
1121 1620 1228 1708 legem
1250 1642 1344 1685 suam
1365 1620 1460 1691 facere.

369 1724 466 1789 datus
480 1724 544 1789 fuit
558 1724 628 1789 dies
642 1722 831 1788 essoniatori
850 1744 909 1787 suo
930 1721 972 1788 ad
995 1722 1187 1787 comitatum
1206 1724 1387 1809 proximum
1401 1734 1461 1809 post

369 1828 498 1893 Pascha
536 1828 582 1893 Et
593 1827 724 1893 interim
736 1826 815 1913 quia
828 1826 969 1913 quedam
984 1848 1071 1892 soror
1084 1848 1145 1891 sua
1158 1826 1350 1913 inplacitata
1364 1826 1460 1892 fuitin

369 1931 482 1997 eodem
511 1931 668 1997 comitutu
697 1931 739 1995 de
768 1929 910 2017 quadam
940 1939 1027 1996 terra
1055 1953 1153 2017 quarn
1190 1930 1262 2017 ipsa
1298 1932 1404 1997 tenuit
1427 1930 1460 1994 de

368 2036 514 2122 predicta
542 2043 629 2101 term
653 2036 717 2100 iuit
742 2035 812 2122 ipse
834 2057 909 2100 cum
933 2056 972 2100 es
994 2034 1037 2103 ad
1060 2034 1252 2100 comitatum
1278 2036 1336 2122 qui
1357 2035 1460 2100 fuitiu

369 2139 632 2228 Quadragesimu,
659 2149 694 2205 et
722 2138 809 2205 sicut
831 2139 895 2204 fuit
920 2138 956 2204 in
979 2138 1136 2205 comitatu
1160 2163 1236 2206 oum
1265 2162 1312 2217 ea
1337 2138 1461 2205 surrexit

368 2242 454 2309 idem
471 2244 625 2310 Mothous
639 2252 674 2309 et
689 2244 873 2329 quereluuit
892 2265 1004 2309 uersus
1025 2266 1109 2323 eum,
1125 2253 1160 2309 et
1178 2244 1247 2331 ipse
1261 2243 1421 2331 respondit
1436 2241 1460 2306 ei

368 2347 454 2433 quod
468 2347 597 2414 nullum
611 2348 700 2413 diem
713 2347 830 2413 habuit
845 2356 957 2414 contra
970 2371 1055 2426 eum,
1070 2349 1148 2436 quia
1167 2348 1264 2415 datus
1284 2349 1347 2415 fuit
1361 2348 1390 2413 ei
1403 2346 1460 2411 dics
1523 2412 1524 2425 ¹

368 2471 427 2537 per
455 2451 683 2516 essoniatorem
709 2472 806 2516 suum
831 2472 890 2537 pro
915 2458 1060 2538 tempore
1084 2450 1166 2539 legis
1188 2459 1262 2538 post
1288 2452 1414 2527 Pascha,
1433 2456 1461 2514 et
1523 2476 1524 2507 i

368 2556 544 2622 essouiator
557 2579 636 2621 suus
650 2579 782 2643 presens
797 2557 861 2621 fuit
875 2564 910 2621 et
924 2555 984 2620 hoc
1002 2556 1089 2622 idem
1110 2556 1202 2634 dixit,
1217 2565 1253 2622 et
1272 2556 1332 2622 hoc
1354 2555 1461 2642 optulit

366 2659 501 2747 probare
515 2682 574 2746 per
588 2659 761 2745 quemdam
774 2660 964 2726 audientem
979 2667 1049 2736 etc,
1064 2667 1099 2724 et
1113 2659 1143 2724 si
1156 2660 1216 2725 hoc
1227 2683 1292 2724 non
1306 2659 1462 2732 sufficeret,

366 2764 504 2850 optulit·
523 2763 659 2850 probare
694 2785 754 2849 per
790 2763 964 2850 quemdam
1001 2763 1140 2828 liberum
1177 2762 1342 2829 hominem
1377 2783 1459 2828 suum

367 2867 569 2934 Willelmum
598 2866 639 2933 de
668 2868 818 2933 Nortona
845 2867 903 2953 qui
932 2866 1083 2932 interfuit
1111 2867 1170 2932 ubi
1193 2867 1267 2933 talis
1289 2867 1356 2933 dies
1376 2865 1462 2930 datus

368 2970 484 3038 fuitei
531 2973 574 3036 Et
593 2971 769 3037 comitatus
788 2970 974 3036 recordatus
997 2970 1061 3036 fuit
1081 2970 1115 3035 in
1133 2969 1338 3047 contrarium,
1352 2968 1460 3036 scilicet
1522 2969 1523 3035 l

368 3076 453 3162 quod
468 3075 585 3141 habuit
598 3075 686 3141 diem
708 3076 750 3140 ad
769 3075 863 3141 illum
884 3073 1075 3139 comitatum
1096 3080 1131 3138 et
1152 3072 1366 3139 considerauit
1388 3071 1463 3160 quod

367 3177 596 3264 responderet'.
642 3179 686 3244 Et
700 3187 780 3244 tunc
794 3177 916 3263 optulit
930 3177 1083 3242 Matheus
1097 3177 1264 3242 remittere
1279 3200 1352 3242 eum
1366 3176 1461 3262 legem

367 3304 426 3369 per
454 3283 501 3348 sic
525 3282 613 3368 quod
634 3283 850 3369 responderet.
896 3282 940 3346 Et
962 3291 1041 3346 tunc
1063 3281 1282 3346 considerauit
1302 3280 1463 3346 comitatus

368 3386 454 3471 quod
477 3385 541 3451 fuit
563 3386 598 3450 in
624 3385 758 3451 Matheo
781 3385 822 3450 de
849 3385 920 3473 lege
947 3385 1152 3464 remittenda,
1181 3386 1268 3451 unde
1291 3384 1377 3472 prius
1397 3405 1462 3447 cou-

367 3489 524 3554 siderarat
547 3489 633 3574 quod
655 3489 720 3554 fuit
743 3489 778 3554 in
804 3489 953 3555 Johenne
980 3488 1021 3554 de
1044 3488 1102 3554 illa
1123 3488 1278 3554 facienda
1323 3489 1364 3553 Et
1392 3494 1464 3550 tunc
1521 3525 1522 3550 l

367 3593 488 3679 precise
518 3592 734 3657 considerauit
763 3593 938 3658 comitatus
967 3593 1054 3680 quod
1082 3593 1298 3679 responderet
1341 3592 1384 3656 Et
1414 3589 1465 3660 itu

367 3691 457 3758 saluo
481 3692 541 3756 hoc
566 3691 652 3778 quod
674 3692 765 3778 prius
787 3692 923 3771 dixerat,
948 3692 1114 3778 respondit
1139 3700 1174 3757 et
1195 3692 1280 3757 dixit
1302 3690 1384 3778 quod
1406 3711 1464 3753 non

367 3797 483 3863 debuit
496 3797 539 3861 ad
553 3796 636 3862 illud
649 3798 750 3863 breue
769 3796 971 3883 respondere,
991 3797 1070 3883 quia
1093 3796 1161 3882 ipso
1182 3819 1242 3883 per
1260 3797 1355 3861 breue
1375 3815 1465 3859 suum

367 3902 466 3988 peciit
486 3924 542 3967 sex
563 3901 657 3967 hidas
679 3910 763 3967 terre
786 3924 861 3966 cum
883 3909 963 3988 pert.
987 3901 1021 3966 in
1044 3901 1118 3966 Κοη
1141 3901 1232 3966 etin
1254 3899 1362 3992 Hiuis’
1385 3909 1420 3964 et
1435 3899 1466 3962 in
1520 3971 1521 3988 2

368 4006 552 4072 narracione
574 4029 634 4072 sua
653 4005 753 4093 peciit
776 4014 881 4072 totum
904 4014 1023 4071 terram
1044 4006 1085 4071 de
1109 4005 1183 4071 Ken
1208 4014 1243 4070 et
1265 4001 1374 4069 Hiwis’
1397 4025 1465 4068 cum
1520 4011 1521 4014 ’

368 4119 459 4197 pert,
482 4111 609 4197 etipse
634 4111 802 4176 dohannes
828 4133 893 4175 non
918 4109 1028 4176 tenuit
1053 4119 1156 4176 totam
1182 4108 1414 4176 terramillam
1435 4107 1466 4170 in

401 4240 411 4272 ¹
428 4239 460 4288 In
471 4237 573 4289 Adsunt
584 4239 636 4289 and
648 4239 715 4289 Ient
723 4253 840 4302 onemay
849 4241 896 4289 not
947 4236 1034 4288 loroed
1045 4241 1073 4288 to
1084 4251 1184 4314 answer
1192 4251 1227 4313 pn
1239 4251 1255 4287 a
1266 4236 1314 4298 day
1324 4233 1409 4311 utici:
1419 4232 1468 4282 had

369 4319 658 4432 ”dommum
946 4299 1467 4430 tuttuututtutu

401 4433 529 4484 ³Fourth
563 4434 698 4497 objection.
739 4435 810 4485 John
844 4449 896 4485 uas
947 4433 1076 4484 business.
1519 4443 1520 4464 ³
