3167 5075
317 422 358 483 42
624 430 775 494 miuron,
797 348 864 481 ans
887 416 979 493 1224,
1001 429 1064 481 aa
1087 418 1117 480 8.

315 604 493 669 claustrum
516 611 550 667 et
571 602 606 667 in
628 602 817 666 thesaurum
839 610 874 667 et
892 596 972 666 alibi
991 601 1050 667 ubi
1064 602 1205 668 uoluerit
1219 610 1257 669 et
1268 598 1372 667 faeere
1386 611 1422 668 et

314 706 485 792 disponere
499 705 540 771 de
554 704 704 769 omnibus
718 725 781 791 que
795 704 839 769 ud
852 705 1031 770 Abbueiam
1052 706 1228 793 pertinent,
1242 714 1294 771 eet
1307 726 1422 771 reuera

178 862 183 869 .
316 808 385 894 ipse
399 808 550 895 apposuit
568 807 748 873 eenrientee
769 825 845 873 snos
865 807 909 873 ad
929 827 981 873 reo
1002 808 1174 874 forinaeeea
1195 808 1422 875 custodiendae

316 934 357 976 ne
379 910 576 997 dissipentur
595 919 647 977 eet
669 911 760 975 saluo
781 904 1006 976 custodiantur
1025 912 1068 977 ad
1089 930 1170 998 opus
1191 906 1421 977 monaehomm

315 1038 354 1081 eo
383 1016 469 1103 quod
498 1016 584 1082 idem
614 1016 725 1080 Abbae
754 1024 866 1080 contra
893 1016 1079 1082 libertatem
1108 1016 1254 1081 eiusdem
1283 1015 1421 1083 Comitia

313 1118 467 1206 apposnit
494 1119 542 1185 ibi
575 1118 718 1184 Priorem
754 1118 881 1184 deaieut
914 1119 1031 1185 eleoeio
1060 1120 1178 1185 Priario
1206 1117 1351 1205 pertinet
1378 1119 1421 1185 ad

314 1224 455 1289 eundem
467 1222 637 1302 Comitem,
647 1230 699 1287 eet
712 1218 795 1288 bene
809 1230 919 1309 potest
929 1221 1042 1288 Abhaa
1055 1222 1177 1288 inuare
1188 1222 1321 1288 domum
1334 1223 1419 1288 etin

315 1328 503 1393 thesaurum
518 1334 553 1391 et
568 1326 685 1391 habere
701 1334 804 1391 uanus
819 1325 847 1391 ei
861 1326 1010 1391 noluerit

380 1430 425 1495 Et
439 1430 550 1495 Abbas
564 1429 644 1495 dicit
658 1424 744 1516 qnod
758 1448 818 1495 nee
833 1430 902 1515 ipse
916 1449 976 1495 neo
990 1426 1042 1495 aui
1055 1429 1177 1495 intrare
1191 1437 1329 1515 ponunt
1342 1430 1421 1515 qnia

314 1532 493 1599 seruientee
515 1530 659 1597 eiusdem
683 1528 820 1598 domitis
840 1532 963 1597 habent
979 1532 1089 1597 omnia
1102 1529 1243 1597 officinia
1256 1526 1421 1598 Prioratin

306 1624 350 1701 ‘in
364 1656 464 1701 manu
484 1656 543 1701 sua
562 1634 646 1701 siout
668 1643 795 1722 portam
815 1636 970 1701 celarium
995 1642 1030 1699 et
1055 1634 1226 1722 coquinam
1252 1643 1287 1700 et
1311 1631 1421 1701 omnia

314 1739 380 1805 alia
408 1738 554 1817 officinia
583 1746 619 1803 et
647 1738 775 1825 quando
804 1738 916 1804 Abbas
946 1733 1098 1803 habuerit
1131 1738 1232 1803 talem
1267 1733 1418 1805 aeiuinanr

315 1845 445 1933 qualem
459 1844 574 1911 habuit
589 1842 728 1909 libenter
742 1844 839 1910 subiet
854 1836 940 1929 quod
955 1845 1058 1909 facere
1073 1844 1215 1921 debebit,
1226 1852 1261 1909 et
1276 1844 1419 1931 quando

314 1968 442 2035 cunque
464 1948 617 2035 placitare
639 1946 789 2013 debuerit
807 1942 849 2013 de
864 1948 1023 2014 eleoeione
1040 1948 1159 2015 Prioria
1173 1949 1256 2015 bene
1270 1948 1422 2015 ostendet

314 2052 401 2140 quod
415 2051 532 2119 eleooio
547 2048 689 2138 pertinet
703 2046 867 2137 adipsum
883 2050 1047 2117 Abbatern
1061 2060 1097 2118 et
1111 2075 1176 2117 non
1191 2052 1234 2118 ad
1249 2052 1421 2129 Comitem,

314 2166 349 2223 et
363 2156 450 2244 quod
464 2155 539 2221 inde
554 2144 678 2220 nullam
692 2154 845 2220 iniuriam
857 2156 934 2221 feeit
943 2154 1048 2221 eidem
1062 2156 1192 2222 comiti
1228 2150 1309 2221 Dies
1323 2155 1421 2221 datus

312 2270 365 2328 est
379 2262 426 2326 eis
441 2260 481 2325 de
496 2258 657 2325 audiendo
670 2258 789 2325 iudioio
804 2279 863 2325 suo
877 2268 937 2326 ete.

257 2426 264 2439 ,
379 2366 512 2431 ¹Jurata
525 2364 618 2429 uenit
632 2364 837 2450 reeognitura
855 2386 895 2429 ex
914 2382 1070 2429 consensu
1089 2364 1234 2450 purnium
1252 2364 1281 2429 ai
1300 2358 1420 2429 Heari-

267 2504 274 2517 ·
314 2493 372 2538 eus
390 2469 434 2533 de
456 2468 619 2558 Baghsote
641 2475 734 2555 pater
755 2467 904 2533 Gaufridi
923 2468 980 2555 qui
1001 2475 1052 2532 eat
1075 2468 1159 2532 infra
1181 2475 1305 2533 etatem
1327 2476 1363 2532 et
1385 2468 1421 2532 in

313 2559 461 2640 custodia
475 2571 609 2638 Roberti
624 2571 655 2636 le
669 2571 799 2637 Gloriae
816 2570 870 2636 die
889 2589 954 2657 quo
973 2571 1060 2637 idem
1080 2571 1243 2636 Henrieue
1262 2571 1345 2637 obiit
1366 2572 1421 2638 uel

313 2699 469 2765 umquam
492 2685 590 2743 antea
613 2675 730 2741 habuit
755 2695 866 2762 pomos
890 2694 965 2740 auos
986 2675 1113 2759 quietos
1134 2675 1176 2739 de
1199 2675 1362 2764 pannagio
1384 2675 1422 2740 in

314 2783 408 2848 bosco
423 2777 562 2846 Abbatis
579 2779 620 2845 de
641 2777 837 2845 Stratiordia
855 2777 891 2842 in
913 2773 1069 2843 Suineel'¹
1089 2777 1144 2842 uel
1164 2797 1231 2842 non
1252 2779 1331 2863 quia
1352 2786 1419 2843 tam

313 2885 477 2972 predictus
502 2885 663 2950 Robertua
685 2903 783 2970 quam
806 2881 971 2970 predictus
993 2880 1106 2946 Abbae
1128 2881 1215 2946 inter
1240 2902 1321 2968 quoa
1346 2903 1421 2948 eon·

313 2989 419 3055 teneio
443 2997 493 3055 est
521 2989 562 3054 de
591 2987 647 3054 illo
674 2987 836 3075 pannagio
861 2993 1040 3074 posuerunt
1062 3003 1097 3050 ee
1120 2985 1198 3051 inde
1221 2985 1256 3051 in
1278 2987 1420 3053 iuratam

312 3093 409 3159 illam.

377 3197 545 3264 Juratoree
562 3197 676 3262 dicunt
694 3193 781 3282 quod
802 3213 971 3281 nunqnam
993 3193 1148 3259 uidemnt
1170 3194 1224 3258 nel
1246 3192 1421 3260 audierunt

312 3301 398 3388 quod
412 3301 575 3388 predictus
591 3299 751 3365 Henrieus
765 3297 858 3363 daret
872 3296 1071 3384 pannagium
1090 3296 1126 3361 in
1146 3296 1235 3362 dieto
1253 3297 1349 3362 boeeo
1368 3305 1421 3363 eet

312 3407 394 3472 bene
409 3405 545 3472 eredunt
559 3403 645 3492 quod
660 3403 720 3468 hoe
734 3403 798 3469 fnit
811 3423 870 3489 per
882 3403 1032 3489 graciam.
1077 3403 1122 3467 Et
1143 3402 1222 3489 quia
1243 3399 1420 3468 (laufridus

312 3519 363 3578 eet
376 3510 461 3576 infra
474 3513 596 3575 etatem
614 3517 649 3573 et
669 3509 776 3572 iurata
795 3529 860 3572 non
881 3505 1010 3592 eapitur
1030 3503 1094 3572 nisi
1114 3507 1156 3571 de
1178 3502 1297 3571 eeiaina
1317 3507 1420 3593 patria

312 3614 363 3680 sui
377 3621 507 3680 tantum
523 3634 582 3680 nec
596 3614 636 3678 de
656 3613 727 3678 iure
746 3619 855 3698 potest
874 3612 1029 3698 placitare
1049 3619 1085 3677 et
1104 3611 1213 3698 gracia
1232 3611 1336 3677 illari
1356 3612 1420 3678 fuit

313 3718 455 3807 pertinet
469 3719 511 3784 ad
530 3717 605 3796 iua⁸,
619 3716 856 3783 consideratum
877 3717 1033 3804 estquod
1055 3717 1167 3783 Abbaa
1188 3713 1289 3782 nichil
1310 3717 1419 3804 eapiat

313 3820 476 3908 perhanc
500 3821 631 3886 aesinam
657 3819 726 3883 siue
750 3818 892 3883 iuratam
917 3827 953 3885 et
977 3819 1022 3885 ait
1050 3819 1086 3884 in
1115 3819 1333 3885 misericordia
1362 3841 1419 3906 pro

312 3924 435 3988 iniusta
449 3923 624 3989 exaccione.
670 3922 714 3986 Et
736 3920 911 3987 Gaufiidua
931 3929 1098 3988 remaneat
1119 3923 1155 3987 in
1176 3923 1296 3988 eeieina
1316 3921 1420 4010 patris

313 4027 365 4092 sui
379 4035 438 4092 eto.

192 4148 263 4211 999Ι
376 4129 399 4197 J
401 4138 495 4196 urata
508 4128 601 4195 uenit
615 4127 820 4217 recognitum
833 4148 873 4192 ex
887 4149 1042 4194 ooneensu
1056 4129 1202 4216 parcium
1217 4127 1363 4216 eiWydo
1378 4129 1418 4196 de

178 4247 274 4288 “mh''
347 4265 425 4315 ¹For
451 4263 497 4314 the
523 4261 659 4327 pleadtngr
685 4273 728 4313 aee
749 4257 838 4321 above,
889 4265 974 4323 ment,
996 4261 1099 4325 irony,
1122 4275 1175 4312 aaa
1196 4261 1344 4325 gratuitouo
1360 4262 1384 4312 ir
1400 4278 1417 4313 a

315 4333 380 4382 Ceae
391 4329 448 4381 963.
720 4361 723 4368 ·
890 4327 1011 4387 question
1033 4325 1113 4378 about
1134 4327 1213 4389 right,
1243 4331 1292 4377 not
1319 4328 1417 4390 merely

347 4396 358 4428 ²
374 4395 485 4458 Swinley
496 4409 558 4444 near
568 4392 692 4456 Bagahot.
889 4395 969 4442 about
980 4393 1067 4444 seiain.
1102 4395 1139 4442 Aa
1150 4399 1177 4443 to
1187 4394 1262 4444 when
1277 4407 1312 4443 an
1329 4391 1416 4444 inim

347 4462 358 4495 ¹
374 4461 429 4511 'I'he
445 4458 564 4523 question
580 4457 694 4509 whether
711 4457 754 4507 the
777 4473 838 4521 pay·
889 4462 960 4506 must
972 4471 1078 4516 aarum,
1091 4474 1132 4508 aee
1143 4459 1187 4508 Br.
1199 4458 1285 4508 tttt.
