3167 5075
350 409 515 461 uourouu
537 411 637 468 uren.
659 411 723 460 rm.
749 398 843 473 1222,
865 412 927 462 nn
951 402 979 464 6.
1153 400 1216 468 611

175 586 339 650 Jurctoree
353 585 467 650 dicunt
482 586 568 672 quod
583 584 716 672 quidem
737 585 900 650 Robertns
914 581 1063 653 Vicarius
1084 588 1217 656 ecclesie
1265 617 1345 669 [mo]

120 690 154 754 de
168 690 277 754 Ouetre
291 687 384 754 dedit
398 695 518 753 terrem
534 688 625 754 illem
640 686 705 753 soil.
722 695 788 751 tres
802 709 891 752 acres
911 688 953 754 de
975 696 1062 755 terra
1082 685 1217 758 ecclesie

120 793 240 857 Matheo
266 792 424 858 tenendos
449 792 490 858 de
517 791 659 858 ecclesie.
703 792 782 856 Post
808 789 946 856 mortem
972 816 1050 858 uero
1078 795 1217 881 predicti

118 896 241 961 Roberti
251 919 314 983 ¹pen
329 919 485 983 magnum
502 897 634 982 tempus
649 904 811 961 uenerunt
827 897 983 962 Canonici
1004 899 1046 963 de
1069 895 1217 986 Gurney²

118 1008 147 1064 et
159 1000 293 1086 predicti
308 1000 365 1085 iiij.
380 1023 457 1064 eum
472 999 718 1064 disseisiuorunt
732 999 818 1065 sicut
832 1000 932 1065 breue
955 1000 1044 1078 dicit,
1060 1002 1109 1067 ita
1130 1003 1216 1089 quod

118 1099 261 1165 06666161
277 1101 492 1165 feoffauerunt
503 1099 632 1165 eosdem
644 1099 820 1184 Hugonem
836 1108 870 1164 et
884 1100 972 1166 elice
1003 1102 1047 1167 Et
1057 1102 1130 1168 ideo
1141 1125 1216 1168 con-

116 1203 283 1268 sideratum
299 1211 349 1268 est
365 1204 450 1290 quod
466 1203 619 1269 Metheue
634 1203 755 1269 habeat
769 1203 921 1270 eeieinem
936 1227 1039 1284 suam,
1059 1208 1165 1273 etalii
1179 1209 1219 1280 16
1312 1220 1322 1288 J

115 1307 325 1372 misericordia
340 1316 401 1374 etc.

43 1415 85 1480 '92
173 1413 283 1478 Asana
296 1412 390 1478 uenit
404 1412 610 1499 recognitum
625 1412 653 1478 si
668 1412 853 1479 Willelmue
866 1414 954 1480 filius
969 1415 1069 1481 anie
1084 1416 1217 1483 6116166

114 1515 311 1580 6161616616
338 1525 373 1580 61
398 1515 467 1580 sine
493 1514 613 1580 iudicio
638 1515 885 1582 disseisiuerunt
910 1517 1086 1584 Ricardum
1111 1519 1216 1588 filium

115 1619 283 1684 Thurstani
304 1620 345 1685 de
368 1619 468 1684 libero
490 1627 678 1685 tenemento
700 1642 758 1685 suo
780 1620 816 1684 in
837 1620 963 1686 Hulmo
983 1631 1058 1709 post
1080 1621 1139 1688 ult'
1155 1631 1216 1690 etc

112 1724 153 1788 111
167 1724 351 1789 Willelmus
366 1731 400 1788 et
414 1723 472 1788 elii
488 1723 625 1788 ueniunt
641 1731 675 1789 et
689 1725 773 1790 bene
788 1725 969 1791 concedunt
984 1725 1126 1792 moisem.

172 1829 194 1893 J
195 1837 341 1894 urutores
355 1827 470 1893 dicunt
484 1828 571 1914 quod
586 1827 771 1893 Rennulfuu
788 1837 883 1914 peter
902 1829 1047 1915 predicte
1069 1829 1218 1896 mabilio·

111 1932 214 1997 tenuit
229 1955 287 1998 scx
302 1954 391 1997 acres
405 1941 491 1996 terre
506 1932 542 1996 in
555 1932 765 2020 maritagium
783 1955 859 1998 cum
881 1955 982 1998 uxore
1002 1956 1071 2012 sue,
1086 1942 1120 2000 et
1140 1934 1217 2000 inde

110 2035 197 2102 dedit
211 2037 360 2124 predicto
374 2036 538 2102 Willelmo
560 2036 596 2100 in
617 2036 827 2124 maritagium
849 2059 923 2102 cum
946 2037 1060 2102 eudem
1082 2038 1219 2104 Mnbilic

109 2164 203 2207 unam
230 2164 341 2207 eorem
367 2148 452 2206 terre
477 2149 512 2206 et
536 2140 613 2206 dim.
637 2149 671 2206 et
696 2141 845 2226 promisit
875 2141 922 2206 eis
951 2141 1118 2206 residuum
1143 2150 1218 2228 poet

109 2254 243 2312 mortem
275 2268 379 2311 mrem.
436 2245 554 2310 Postea
579 2266 657 2308 uero
679 2244 836 2309 remansit
859 2244 947 2309 idem
973 2245 1157 2311 Ruunulfne
1182 2246 1219 2314 in

107 2351 222 2416 seisina
238 2349 281 2415 de
296 2349 357 2435 iiij.
373 2348 455 2414 acris
471 2357 558 2413 terre
574 2355 608 2413 et
628 2348 705 2414 dim.
726 2355 760 2413 et
782 2348 892 2413 tenuit
913 2371 989 2414 cum
1010 2371 1049 2415 eo
1072 2351 1219 2416 Iuettam

105 2451 204 2518 filium
235 2475 331 2519 suam
361 2473 500 2517 sororem
529 2451 674 2539 predicte
705 2451 847 2518 Mobilie.
893 2453 937 2518 Et
963 2453 1096 2518 tandem
1125 2455 1219 2521 uenit

106 2560 272 2644 predictus
287 2558 446 2624 Ricerdue
461 2566 496 2623 et
509 2556 600 2622 illem
615 2579 673 2643 per
688 2557 894 2622 uoluntatem
911 2558 1067 2623 Rennulfi
1081 2559 1218 2646 despon-

106 2665 190 2731 seuit
205 2674 242 2730 et
258 2686 334 2729 cum
349 2685 387 2727 eo
403 2662 465 2727 fuit
481 2670 552 2726 tote
565 2661 637 2727 uita
652 2661 815 2727 11666611,
860 2662 1024 2727 Defuncto
1046 2664 1219 2742 Rennulfo,

107 2768 198 2833 uenit
213 2768 382 2854 predictus
391 2765 575 2831 Willelmus
586 2773 620 2830 et
632 2771 763 2829 tentum
777 2764 905 2831 locutus
919 2766 983 2831 fuit
997 2789 1073 2832 cum
1087 2768 1220 2853 capitali

105 2872 236 2937 domino
260 2870 349 2958 quod
371 2869 526 2935 concessit
548 2869 578 2933 ei
600 2868 656 2953 iiij.
679 2890 768 2933 acres
790 2875 875 2934 terre
900 2869 974 2935 illes
997 2870 1159 2957 predictae
1184 2872 1220 2936 et

107 2976 190 3055 dim,
206 2984 243 3042 et
261 2974 323 3039 hoc
338 2972 401 3039 fuit
415 2973 451 3038 in
465 2980 577 3038 estete.
612 2973 730 3037 Postea
740 2972 834 3038 uenit
847 2973 1007 3039 Rieurdus
1021 2998 1096 3039 cum
1111 2976 1147 3040 ui
1160 2996 1221 3041 suc

104 3082 138 3146 in
159 3090 350 3165 autumpno
372 3086 406 3144 et
429 3076 649 3142 fecit.metere
672 3076 777 3141 bleda.
822 3078 867 3142 Et
882 3077 1067 3143 Willelmus
1088 3102 1162 3143 cum
1185 3079 1221 3143 ui

104 3208 161 3253 suu
186 3187 248 3252 1116
274 3184 401 3250 amouit
428 3205 526 3269 super
547 3182 645 3248 aliem
668 3191 788 3247 terrem
812 3191 847 3247 61
877 3183 967 3248 aliud
993 3184 1132 3249 feodum.
1176 3185 1221 3249 Et

106 3290 269 3357 Ricardus
284 3288 394 3353 uelde
410 3294 503 3352 nocte
520 3286 628 3351 uelde
644 3286 696 3350 die
717 3286 852 3351 bladum
872 3286 1060 3372 reportauit.
1105 3288 1222 3363 Postee

106 3416 182 3461 uero
205 3394 252 3459 ad
277 3400 409 3477 tempus
432 3388 657 3455 seminecionis
680 3388 773 3454 uenit
796 3388 980 3453 Willelmue
999 3397 1034 3454 et
1056 3389 1163 3455 arcuit
1187 3399 1222 3455 et

104 3496 287 3563 seminauit
304 3501 423 3559 tenum
437 3492 538 3571 illam,
553 3500 587 3557 et
603 3491 760 3557 Ricardus
774 3499 889 3577 postea
908 3492 1001 3556 uenit
1023 3501 1058 3557 et
1080 3495 1222 3559 coercuit

104 3605 137 3663 et
161 3594 383 3663 reeemineuit
408 3592 653 3670 16666616
676 3594 858 3678 autumpno
882 3600 1044 3658 uenerunt
1067 3594 1224 3661 6161661

104 3710 246 3788 uterque
279 3697 461 3784 asportarit
483 3696 523 3762 de
545 3694 641 3761 bledo
664 3702 697 3760 et
728 3703 889 3781 quantum
918 3695 1037 3782 potuit,
1063 3704 1098 3762 et
1123 3698 1223 3797 tercio

103 3828 188 3871 anno
203 3802 307 3869 uenit
317 3800 500 3867 Willelmus
511 3798 729 3887 etueemineuit
741 3806 845 3864 totam
859 3807 980 3864 terrem
994 3806 1030 3865 et
1044 3801 1225 3885 oupertuuit

104 3918 214 3975 totum
246 3906 394 3982 bladum,
418 3912 452 3969 et
482 3904 559 3990 iiijw.
587 3926 672 3969 auno
701 3904 859 3981 similiter,
882 3904 970 3969 unde
999 3904 1114 3970 dicunt
1134 3907 1225 3991 quod

103 4015 260 4080 nesciunt
285 4010 360 4097 quie
382 4032 493 4076 eorum
515 4008 578 4074 fuit
600 4008 636 4073 in
657 4008 776 4075 seisine
797 4017 837 4073 ut
855 4009 896 4074 de
912 4009 1013 4075 libero
1028 4019 1224 4091 tenemento,

104 4126 154 4185 eet
168 4120 258 4185 bene
275 4116 393 4183 dicunt
407 4114 494 4202 quod
508 4114 693 4180 Runnulfue
706 4114 790 4179 obiit
804 4114 935 4181 eeisitus
950 4123 989 4180 ut
1002 4114 1044 4181 de
1058 4115 1157 4181 feodo.

136 4380 146 4413 ¹
164 4374 402 4431 duffio-Fonteiae
408 4373 504 4453 Abbep,
514 4373 647 4427 indioceoe
729 4375 741 4407 ²
757 4375 826 4450 Wife
836 4375 996 4453 eilwillium
1011 4376 1064 4428 und
1075 4391 1126 4427 one
1137 4376 1165 4427 61
1181 4377 1227 4428 116

105 4446 249 4497 orssouen.
290 4440 479 4502 1161166166,
492 4455 518 4505 p.
531 4442 602 4491 1088.
698 4440 857 4492 deioromnte
868 4441 999 4493 indicated
1010 4442 1091 4493 ebore
1101 4442 1135 4505 by
1143 4444 1216 4493 tcta.

1033 4544 1140 4608 ott-2
