<?xml version="1.0" encoding="UTF-8"?>
<!DOCTYPE html PUBLIC "-//W3C//DTD XHTML 1.0 Transitional//EN"
    "http://www.w3.org/TR/xhtml1/DTD/xhtml1-transitional.dtd">
<html xmlns="http://www.w3.org/1999/xhtml" xml:lang="en" lang="en">
 <head>
  <title>
</title>
<meta http-equiv="Content-Type" content="text/html;charset=utf-8" />
  <meta name='ocr-system' content='tesseract 3.04.00' />
  <meta name='ocr-capabilities' content='ocr_page ocr_carea ocr_par ocr_line ocrx_word'/>
</head>
<body>
  <div class='ocr_page' id='page_1' title='image "bractonsnoteboo03maitgoog_0100.png"; bbox 0 0 3167 5075; ppageno 0'>
   <div class='ocr_carea' id='block_1_1' title="bbox 306 398 1108 475">
    <p class='ocr_par' dir='ltr' id='par_1_1' title="bbox 306 398 1108 475">
     <span class='ocr_line' id='line_1_1' title="bbox 306 398 1108 475; baseline 0.006 -16"><span class='ocrx_word' id='word_1_1' title='bbox 306 400 350 459; x_wconf 82' lang='lat'><strong>88</strong></span> <span class='ocrx_word' id='word_1_2' title='bbox 620 409 762 473; x_wconf 72' lang='lat' dir='ltr'><strong>sunau,</strong></span> <span class='ocrx_word' id='word_1_3' title='bbox 786 412 853 462; x_wconf 74' lang='lat' dir='ltr'><strong>nn.</strong></span> <span class='ocrx_word' id='word_1_4' title='bbox 876 398 970 475; x_wconf 72' lang='lat'>1225,</span> <span class='ocrx_word' id='word_1_5' title='bbox 992 413 1054 464; x_wconf 70' lang='lat' dir='ltr'><strong>aa</strong></span> <span class='ocrx_word' id='word_1_6' title='bbox 1078 401 1108 464; x_wconf 88' lang='grc'><strong>9.</strong></span> 
     </span>
    </p>
   </div>
   <div class='ocr_carea' id='block_1_2' title="bbox 166 585 1413 3788">
    <p class='ocr_par' dir='ltr' id='par_1_2' title="bbox 302 585 1413 1173">
     <span class='ocr_line' id='line_1_2' title="bbox 305 585 1412 673; baseline 0.005 -21"><span class='ocrx_word' id='word_1_7' title='bbox 305 587 463 653; x_wconf 82' lang='lat' dir='ltr'><strong>comitatu</strong></span> <span class='ocrx_word' id='word_1_8' title='bbox 489 586 633 673; x_wconf 88' lang='lat' dir='ltr'><strong>loquitur</strong></span> <span class='ocrx_word' id='word_1_9' title='bbox 657 585 699 652; x_wconf 89' lang='lat' dir='ltr'><strong>de</strong></span> <span class='ocrx_word' id='word_1_10' title='bbox 725 608 763 653; x_wconf 91' lang='lat' dir='ltr'><strong>eo</strong></span> <span class='ocrx_word' id='word_1_11' title='bbox 789 594 825 652; x_wconf 92' lang='lat' dir='ltr'><strong>et</strong></span> <span class='ocrx_word' id='word_1_12' title='bbox 845 585 887 654; x_wconf 91' lang='lat' dir='ltr'><strong>de</strong></span> <span class='ocrx_word' id='word_1_13' title='bbox 909 588 1087 655; x_wconf 79' lang='lat' dir='ltr'><strong>Eustachia</strong></span> <span class='ocrx_word' id='word_1_14' title='bbox 1106 610 1206 655; x_wconf 85' lang='lat' dir='ltr'><strong>uxore</strong></span> <span class='ocrx_word' id='word_1_15' title='bbox 1227 589 1300 655; x_wconf 87' lang='lat' dir='ltr'><strong>eius</strong></span> <span class='ocrx_word' id='word_1_16' title='bbox 1319 590 1412 658; x_wconf 82' lang='lat' dir='ltr'><strong>euius</strong></span> 
     </span>
     <span class='ocr_line' id='line_1_3' title="bbox 305 688 1412 779; baseline 0.005 -25"><span class='ocrx_word' id='word_1_17' title='bbox 305 688 469 755; x_wconf 76' lang='lat' dir='ltr'><strong>hereditas</strong></span> <span class='ocrx_word' id='word_1_18' title='bbox 489 697 577 756; x_wconf 79' lang='lat' dir='ltr'><strong>terra</strong></span> <span class='ocrx_word' id='word_1_19' title='bbox 597 689 654 755; x_wconf 81' lang='lat' dir='ltr'><strong>illa</strong></span> <span class='ocrx_word' id='word_1_20' title='bbox 675 696 726 754; x_wconf 85' lang='lat' dir='ltr'><strong>est</strong></span> <span class='ocrx_word' id='word_1_21' title='bbox 745 698 781 755; x_wconf 93' lang='lat' dir='ltr'><strong>et</strong></span> <span class='ocrx_word' id='word_1_22' title='bbox 801 689 902 755; x_wconf 90' lang='lat' dir='ltr'><strong>breue</strong></span> <span class='ocrx_word' id='word_1_23' title='bbox 922 712 1019 756; x_wconf 86' lang='lat' dir='ltr'><strong>suum</strong></span> <span class='ocrx_word' id='word_1_24' title='bbox 1033 691 1075 758; x_wconf 91' lang='lat' dir='ltr'><strong>de</strong></span> <span class='ocrx_word' id='word_1_25' title='bbox 1089 692 1218 779; x_wconf 75' lang='lat' dir='ltr'><strong>loquela</strong></span> <span class='ocrx_word' id='word_1_26' title='bbox 1231 692 1412 759; x_wconf 77' lang='lat' dir='ltr'><strong>amonendo</strong></span> 
     </span>
     <span class='ocr_line' id='line_1_4' title="bbox 304 790 1412 881; baseline 0.002 -23"><span class='ocrx_word' id='word_1_27' title='bbox 304 790 346 858; x_wconf 89' lang='lat' dir='ltr'><strong>de</strong></span> <span class='ocrx_word' id='word_1_28' title='bbox 368 792 525 859; x_wconf 82' lang='lat' dir='ltr'><strong>comitatu</strong></span> <span class='ocrx_word' id='word_1_29' title='bbox 546 814 612 857; x_wconf 91' lang='lat' dir='ltr'><strong>non</strong></span> <span class='ocrx_word' id='word_1_30' title='bbox 632 791 778 879; x_wconf 87' lang='lat' dir='ltr'><strong>loquitur</strong></span> <span class='ocrx_word' id='word_1_31' title='bbox 798 791 862 858; x_wconf 85' lang='lat' dir='ltr'><strong>nisi</strong></span> <span class='ocrx_word' id='word_1_32' title='bbox 883 791 924 859; x_wconf 92' lang='lat' dir='ltr'><strong>de</strong></span> <span class='ocrx_word' id='word_1_33' title='bbox 945 794 1016 881; x_wconf 91' lang='lat' dir='ltr'><strong>ipso</strong></span> <span class='ocrx_word' id='word_1_34' title='bbox 1037 802 1179 873; x_wconf 84' lang='lat' dir='ltr'><strong>tantum,</strong></span> <span class='ocrx_word' id='word_1_35' title='bbox 1196 802 1233 861; x_wconf 90' lang='lat' dir='ltr'><strong>et</strong></span> <span class='ocrx_word' id='word_1_36' title='bbox 1251 794 1326 861; x_wconf 89' lang='lat' dir='ltr'><strong>ideo</strong></span> <span class='ocrx_word' id='word_1_37' title='bbox 1346 818 1412 861; x_wconf 89' lang='lat' dir='ltr'><strong>non</strong></span> 
     </span>
     <span class='ocr_line' id='line_1_5' title="bbox 304 894 1413 982; baseline 0.004 -21"><span class='ocrx_word' id='word_1_38' title='bbox 304 896 378 962; x_wconf 89' lang='lat' dir='ltr'><strong>uult</strong></span> <span class='ocrx_word' id='word_1_39' title='bbox 398 894 440 961; x_wconf 85' lang='lat' dir='ltr'><strong>ad</strong></span> <span class='ocrx_word' id='word_1_40' title='bbox 459 895 559 962; x_wconf 88' lang='lat' dir='ltr'><strong>breue</strong></span> <span class='ocrx_word' id='word_1_41' title='bbox 579 894 735 982; x_wconf 72' lang='lat' dir='ltr'><strong>originale</strong></span> <span class='ocrx_word' id='word_1_42' title='bbox 754 895 949 982; x_wconf 88' lang='lat' dir='ltr'><strong>respondere</strong></span> <span class='ocrx_word' id='word_1_43' title='bbox 968 897 1032 963; x_wconf 83' lang='lat' dir='ltr'><strong>nisi</strong></span> <span class='ocrx_word' id='word_1_44' title='bbox 1051 897 1142 964; x_wconf 82' lang='lat' dir='ltr'><strong>curia</strong></span> <span class='ocrx_word' id='word_1_45' title='bbox 1159 898 1413 965; x_wconf 82' lang='lat' dir='ltr'><strong>oonsiderauerit</strong></span> 
     </span>
     <span class='ocr_line' id='line_1_6' title="bbox 304 998 1411 1069; baseline 0.003 -4"><span class='ocrx_word' id='word_1_46' title='bbox 304 999 431 1067; x_wconf 85' lang='lat' dir='ltr'><strong>desiout</strong></span> <span class='ocrx_word' id='word_1_47' title='bbox 454 998 631 1067; x_wconf 79' lang='lat' dir='ltr'><strong>Eustochio</strong></span> <span class='ocrx_word' id='word_1_48' title='bbox 654 1022 735 1065; x_wconf 88' lang='lat' dir='ltr'><strong>uxor</strong></span> <span class='ocrx_word' id='word_1_49' title='bbox 760 1000 832 1065; x_wconf 88' lang='lat' dir='ltr'><strong>eius</strong></span> <span class='ocrx_word' id='word_1_50' title='bbox 857 1001 981 1067; x_wconf 87' lang='lat' dir='ltr'><strong>nullam</strong></span> <span class='ocrx_word' id='word_1_51' title='bbox 1003 1001 1103 1068; x_wconf 85' lang='lat' dir='ltr'><strong>habet</strong></span> <span class='ocrx_word' id='word_1_52' title='bbox 1124 1002 1411 1069; x_wconf 86' lang='lat' dir='ltr'><strong>summonieionem</strong></span> 
     </span>
     <span class='ocr_line' id='line_1_7' title="bbox 302 1104 473 1173; baseline 0.012 -4"><span class='ocrx_word' id='word_1_53' title='bbox 302 1127 364 1171; x_wconf 89' lang='lat' dir='ltr'><strong>neo</strong></span> <span class='ocrx_word' id='word_1_54' title='bbox 378 1104 473 1173; x_wconf 89' lang='lat' dir='ltr'><strong>diem.</strong></span> 
     </span>
    </p>

    <p class='ocr_par' dir='ltr' id='par_1_3' title="bbox 302 1206 1413 1608">
     <span class='ocr_line' id='line_1_8' title="bbox 371 1206 1413 1296; baseline 0.002 -23"><span class='ocrx_word' id='word_1_55' title='bbox 371 1208 415 1273; x_wconf 85' lang='lat' dir='ltr'><strong>Et</strong></span> <span class='ocrx_word' id='word_1_56' title='bbox 440 1207 615 1274; x_wconf 76' lang='lat' dir='ltr'><strong>(laufridus</strong></span> <span class='ocrx_word' id='word_1_57' title='bbox 637 1207 717 1273; x_wconf 86' lang='lat' dir='ltr'><strong>dicit</strong></span> <span class='ocrx_word' id='word_1_58' title='bbox 739 1206 827 1295; x_wconf 93' lang='lat' dir='ltr'><strong>quod</strong></span> <span class='ocrx_word' id='word_1_59' title='bbox 847 1208 908 1274; x_wconf 86' lang='lat' dir='ltr'><strong>hoe</strong></span> <span class='ocrx_word' id='word_1_60' title='bbox 931 1230 999 1275; x_wconf 90' lang='lat' dir='ltr'><strong>non</strong></span> <span class='ocrx_word' id='word_1_61' title='bbox 1020 1208 1120 1275; x_wconf 90' lang='lat' dir='ltr'><strong>debet</strong></span> <span class='ocrx_word' id='word_1_62' title='bbox 1141 1210 1174 1275; x_wconf 91' lang='lat' dir='ltr'><strong>ei</strong></span> <span class='ocrx_word' id='word_1_63' title='bbox 1195 1230 1310 1275; x_wconf 87' lang='lat' dir='ltr'><strong>nooere</strong></span> <span class='ocrx_word' id='word_1_64' title='bbox 1334 1210 1413 1296; x_wconf 77' lang='lat' dir='ltr'><strong>quia</strong></span> 
     </span>
     <span class='ocr_line' id='line_1_9' title="bbox 303 1311 1411 1380; baseline 0.001 -3"><span class='ocrx_word' id='word_1_65' title='bbox 303 1312 391 1378; x_wconf 86' lang='lat' dir='ltr'><strong>idem</strong></span> <span class='ocrx_word' id='word_1_66' title='bbox 416 1311 587 1378; x_wconf 83' lang='lat' dir='ltr'><strong>Hubertns</strong></span> <span class='ocrx_word' id='word_1_67' title='bbox 610 1312 689 1377; x_wconf 85' lang='lat' dir='ltr'><strong>feeit</strong></span> <span class='ocrx_word' id='word_1_68' title='bbox 712 1312 963 1379; x_wconf 86' lang='lat' dir='ltr'><strong>oonuenoionem</strong></span> <span class='ocrx_word' id='word_1_69' title='bbox 988 1314 1079 1380; x_wconf 82' lang='lat' dir='ltr'><strong>illam</strong></span> <span class='ocrx_word' id='word_1_70' title='bbox 1103 1335 1179 1380; x_wconf 87' lang='lat' dir='ltr'><strong>oum</strong></span> <span class='ocrx_word' id='word_1_71' title='bbox 1202 1335 1242 1379; x_wconf 91' lang='lat' dir='ltr'><strong>eo</strong></span> <span class='ocrx_word' id='word_1_72' title='bbox 1266 1321 1302 1379; x_wconf 87' lang='lat' dir='ltr'><strong>et</strong></span> <span class='ocrx_word' id='word_1_73' title='bbox 1326 1312 1411 1379; x_wconf 90' lang='lat' dir='ltr'><strong>bene</strong></span> 
     </span>
     <span class='ocr_line' id='line_1_10' title="bbox 303 1416 1412 1502; baseline 0 -20"><span class='ocrx_word' id='word_1_74' title='bbox 303 1424 411 1502; x_wconf 88' lang='lat' dir='ltr'><strong>potest</strong></span> <span class='ocrx_word' id='word_1_75' title='bbox 425 1416 495 1482; x_wconf 89' lang='lat' dir='ltr'><strong>sine</strong></span> <span class='ocrx_word' id='word_1_76' title='bbox 510 1438 608 1481; x_wconf 88' lang='lat' dir='ltr'><strong>uxore</strong></span> <span class='ocrx_word' id='word_1_77' title='bbox 623 1437 683 1481; x_wconf 83' lang='lat' dir='ltr'><strong>sua</strong></span> <span class='ocrx_word' id='word_1_78' title='bbox 696 1416 728 1480; x_wconf 89' lang='lat' dir='ltr'><strong>ei</strong></span> <span class='ocrx_word' id='word_1_79' title='bbox 741 1416 992 1483; x_wconf 86' lang='lat' dir='ltr'><strong>conuenoionem</strong></span> <span class='ocrx_word' id='word_1_80' title='bbox 1006 1417 1096 1482; x_wconf 89' lang='lat' dir='ltr'><strong>illam</strong></span> <span class='ocrx_word' id='word_1_81' title='bbox 1116 1425 1228 1483; x_wconf 89' lang='lat' dir='ltr'><strong>tenere</strong></span> <span class='ocrx_word' id='word_1_82' title='bbox 1247 1424 1320 1482; x_wconf 84' lang='lat' dir='ltr'><strong>tota</strong></span> <span class='ocrx_word' id='word_1_83' title='bbox 1338 1416 1412 1482; x_wconf 79' lang='lat' dir='ltr'><strong>uita</strong></span> 
     </span>
     <span class='ocr_line' id='line_1_11' title="bbox 302 1518 1104 1608; baseline -0.001 -21"><span class='ocrx_word' id='word_1_84' title='bbox 302 1543 362 1587; x_wconf 85' lang='lat' dir='ltr'><strong>sua</strong></span> <span class='ocrx_word' id='word_1_85' title='bbox 376 1520 441 1586; x_wconf 87' lang='lat' dir='ltr'><strong>soil.</strong></span> <span class='ocrx_word' id='word_1_86' title='bbox 456 1520 559 1607; x_wconf 87' lang='lat' dir='ltr'><strong>ipsius</strong></span> <span class='ocrx_word' id='word_1_87' title='bbox 574 1518 737 1585; x_wconf 86' lang='lat' dir='ltr'><strong>Gaufridi¹</strong></span> <span class='ocrx_word' id='word_1_88' title='bbox 752 1520 830 1607; x_wconf 83' lang='lat' dir='ltr'><strong>quio</strong></span> <span class='ocrx_word' id='word_1_89' title='bbox 843 1543 908 1586; x_wconf 93' lang='lat' dir='ltr'><strong>non</strong></span> <span class='ocrx_word' id='word_1_90' title='bbox 921 1521 996 1608; x_wconf 88' lang='lat' dir='ltr'><strong>plus</strong></span> <span class='ocrx_word' id='word_1_91' title='bbox 1010 1522 1104 1607; x_wconf 86' lang='lat' dir='ltr'><strong>petit.</strong></span> 
     </span>
    </p>

    <p class='ocr_par' dir='ltr' id='par_1_4' title="bbox 299 1622 1409 1920">
     <span class='ocr_line' id='line_1_12' title="bbox 367 1622 1409 1711; baseline 0.001 -23"><span class='ocrx_word' id='word_1_92' title='bbox 367 1622 412 1688; x_wconf 93' lang='lat' dir='ltr'><strong>Et</strong></span> <span class='ocrx_word' id='word_1_93' title='bbox 427 1623 597 1689; x_wconf 87' lang='lat' dir='ltr'><strong>Hubertus</strong></span> <span class='ocrx_word' id='word_1_94' title='bbox 612 1622 792 1709; x_wconf 83' lang='lat' dir='ltr'><strong>dicitquod</strong></span> <span class='ocrx_word' id='word_1_95' title='bbox 808 1623 908 1688; x_wconf 90' lang='lat' dir='ltr'><strong>breue</strong></span> <span class='ocrx_word' id='word_1_96' title='bbox 923 1623 1079 1711; x_wconf 83' lang='lat' dir='ltr'><strong>originale</strong></span> <span class='ocrx_word' id='word_1_97' title='bbox 1093 1622 1240 1710; x_wconf 87' lang='lat' dir='ltr'><strong>loquitur</strong></span> <span class='ocrx_word' id='word_1_98' title='bbox 1252 1622 1294 1688; x_wconf 90' lang='lat' dir='ltr'><strong>de</strong></span> <span class='ocrx_word' id='word_1_99' title='bbox 1308 1645 1409 1690; x_wconf 81' lang='lat' dir='ltr'><strong>uxom</strong></span> 
     </span>
     <span class='ocr_line' id='line_1_13' title="bbox 300 1725 1409 1813; baseline -0.004 -18"><span class='ocrx_word' id='word_1_100' title='bbox 300 1750 360 1795; x_wconf 83' lang='lat' dir='ltr'><strong>sua</strong></span> <span class='ocrx_word' id='word_1_101' title='bbox 374 1736 409 1794; x_wconf 89' lang='lat' dir='ltr'><strong>et</strong></span> <span class='ocrx_word' id='word_1_102' title='bbox 423 1734 513 1793; x_wconf 79' lang='lat' dir='ltr'><strong>carte</strong></span> <span class='ocrx_word' id='word_1_103' title='bbox 525 1726 672 1813; x_wconf 88' lang='lat' dir='ltr'><strong>loquitur</strong></span> <span class='ocrx_word' id='word_1_104' title='bbox 684 1725 726 1793; x_wconf 89' lang='lat' dir='ltr'><strong>de</strong></span> <span class='ocrx_word' id='word_1_105' title='bbox 742 1749 841 1791; x_wconf 90' lang='lat' dir='ltr'><strong>uxore</strong></span> <span class='ocrx_word' id='word_1_106' title='bbox 861 1726 932 1793; x_wconf 86' lang='lat' dir='ltr'><strong>eius</strong></span> <span class='ocrx_word' id='word_1_107' title='bbox 952 1735 987 1792; x_wconf 87' lang='lat' dir='ltr'><strong>et</strong></span> <span class='ocrx_word' id='word_1_108' title='bbox 1005 1726 1080 1794; x_wconf 91' lang='lat' dir='ltr'><strong>ideo</strong></span> <span class='ocrx_word' id='word_1_109' title='bbox 1099 1726 1169 1793; x_wconf 88' lang='lat' dir='ltr'><strong>sine</strong></span> <span class='ocrx_word' id='word_1_110' title='bbox 1188 1750 1229 1794; x_wconf 82' lang='lat' dir='ltr'><strong>ea</strong></span> <span class='ocrx_word' id='word_1_111' title='bbox 1247 1750 1313 1793; x_wconf 89' lang='lat' dir='ltr'><strong>non</strong></span> <span class='ocrx_word' id='word_1_112' title='bbox 1332 1727 1409 1792; x_wconf 86' lang='lat' dir='ltr'><strong>uult</strong></span> 
     </span>
     <span class='ocr_line' id='line_1_14' title="bbox 299 1831 1190 1920; baseline 0.001 -23"><span class='ocrx_word' id='word_1_113' title='bbox 299 1832 491 1920; x_wconf 86' lang='lat' dir='ltr'><strong>respondere</strong></span> <span class='ocrx_word' id='word_1_114' title='bbox 505 1832 548 1897; x_wconf 79' lang='lat' dir='ltr'><strong>od</strong></span> <span class='ocrx_word' id='word_1_115' title='bbox 562 1832 622 1896; x_wconf 86' lang='lat' dir='ltr'><strong>hoo</strong></span> <span class='ocrx_word' id='word_1_116' title='bbox 636 1831 736 1897; x_wconf 85' lang='lat' dir='ltr'><strong>breue</strong></span> <span class='ocrx_word' id='word_1_117' title='bbox 751 1831 815 1896; x_wconf 88' lang='lat' dir='ltr'><strong>nisi</strong></span> <span class='ocrx_word' id='word_1_118' title='bbox 829 1832 919 1896; x_wconf 86' lang='lat' dir='ltr'><strong>ouria</strong></span> <span class='ocrx_word' id='word_1_119' title='bbox 932 1831 1190 1898; x_wconf 81' lang='lat' dir='ltr'><strong>coneidereuerit</strong></span> 
     </span>
    </p>

    <p class='ocr_par' dir='ltr' id='par_1_5' title="bbox 298 1934 1408 2313">
     <span class='ocr_line' id='line_1_15' title="bbox 365 1934 1408 2024; baseline 0 -22"><span class='ocrx_word' id='word_1_120' title='bbox 365 1938 410 2002; x_wconf 90' lang='lat' dir='ltr'><strong>Et</strong></span> <span class='ocrx_word' id='word_1_121' title='bbox 424 1935 501 2024; x_wconf 80' lang='lat' dir='ltr'><strong>quia</strong></span> <span class='ocrx_word' id='word_1_122' title='bbox 514 1936 614 2002; x_wconf 90' lang='lat' dir='ltr'><strong>breue</strong></span> <span class='ocrx_word' id='word_1_123' title='bbox 629 1934 784 2023; x_wconf 81' lang='lat' dir='ltr'><strong>originale</strong></span> <span class='ocrx_word' id='word_1_124' title='bbox 800 1934 945 2023; x_wconf 87' lang='lat' dir='ltr'><strong>loquitur</strong></span> <span class='ocrx_word' id='word_1_125' title='bbox 958 1935 999 2002; x_wconf 91' lang='lat' dir='ltr'><strong>de</strong></span> <span class='ocrx_word' id='word_1_126' title='bbox 1014 1936 1166 2002; x_wconf 85' lang='lat' dir='ltr'><strong>Huberto</strong></span> <span class='ocrx_word' id='word_1_127' title='bbox 1180 1943 1215 2001; x_wconf 89' lang='lat' dir='ltr'><strong>et</strong></span> <span class='ocrx_word' id='word_1_128' title='bbox 1230 1935 1408 2002; x_wconf 81' lang='lat' dir='ltr'><strong>Eustachin</strong></span> 
     </span>
     <span class='ocr_line' id='line_1_16' title="bbox 300 2038 1407 2129; baseline 0.001 -24"><span class='ocrx_word' id='word_1_129' title='bbox 300 2048 335 2105; x_wconf 87' lang='lat' dir='ltr'><strong>et</strong></span> <span class='ocrx_word' id='word_1_130' title='bbox 353 2039 453 2127; x_wconf 82' lang='lat' dir='ltr'><strong>pone¹</strong></span> <span class='ocrx_word' id='word_1_131' title='bbox 467 2047 599 2105; x_wconf 84' lang='lat' dir='ltr'><strong>tautum</strong></span> <span class='ocrx_word' id='word_1_132' title='bbox 618 2038 659 2105; x_wconf 92' lang='lat' dir='ltr'><strong>de</strong></span> <span class='ocrx_word' id='word_1_133' title='bbox 681 2039 834 2105; x_wconf 87' lang='lat' dir='ltr'><strong>Huberto</strong></span> <span class='ocrx_word' id='word_1_134' title='bbox 855 2039 1093 2105; x_wconf 81' lang='lat' dir='ltr'><strong>consideratum</strong></span> <span class='ocrx_word' id='word_1_135' title='bbox 1113 2040 1271 2127; x_wconf 83' lang='lat' dir='ltr'><strong>estquod</strong></span> <span class='ocrx_word' id='word_1_136' title='bbox 1291 2040 1407 2129; x_wconf 84' lang='lat' dir='ltr'><strong>Hugo⁸</strong></span> 
     </span>
     <span class='ocr_line' id='line_1_17' title="bbox 299 2142 1407 2231; baseline 0.001 -22"><span class='ocrx_word' id='word_1_137' title='bbox 299 2168 364 2210; x_wconf 95' lang='lat' dir='ltr'><strong>non</strong></span> <span class='ocrx_word' id='word_1_138' title='bbox 384 2144 577 2231; x_wconf 78' lang='lat' dir='ltr'><strong>respondeat</strong></span> <span class='ocrx_word' id='word_1_139' title='bbox 592 2143 633 2208; x_wconf 88' lang='lat' dir='ltr'><strong>ad</strong></span> <span class='ocrx_word' id='word_1_140' title='bbox 649 2143 710 2209; x_wconf 88' lang='lat' dir='ltr'><strong>hoc</strong></span> <span class='ocrx_word' id='word_1_141' title='bbox 723 2143 824 2209; x_wconf 90' lang='lat' dir='ltr'><strong>breue</strong></span> <span class='ocrx_word' id='word_1_142' title='bbox 839 2150 874 2207; x_wconf 87' lang='lat' dir='ltr'><strong>et</strong></span> <span class='ocrx_word' id='word_1_143' title='bbox 888 2142 962 2209; x_wconf 91' lang='lat' dir='ltr'><strong>ideo</strong></span> <span class='ocrx_word' id='word_1_144' title='bbox 976 2143 1046 2209; x_wconf 86' lang='lat' dir='ltr'><strong>sine</strong></span> <span class='ocrx_word' id='word_1_145' title='bbox 1061 2143 1116 2209; x_wconf 89' lang='lat' dir='ltr'><strong>die</strong></span> <span class='ocrx_word' id='word_1_146' title='bbox 1130 2152 1166 2209; x_wconf 91' lang='lat' dir='ltr'><strong>et</strong></span> <span class='ocrx_word' id='word_1_147' title='bbox 1180 2144 1358 2210; x_wconf 82' lang='lat' dir='ltr'><strong>Goulridus</strong></span> <span class='ocrx_word' id='word_1_148' title='bbox 1371 2145 1407 2209; x_wconf 91' lang='lat' dir='ltr'><strong>in</strong></span> 
     </span>
     <span class='ocr_line' id='line_1_18' title="bbox 298 2246 522 2313; baseline 0 0"><span class='ocrx_word' id='word_1_149' title='bbox 298 2246 522 2313; x_wconf 69' lang='lat' dir='ltr'><strong>misericordie</strong></span> 
     </span>
    </p>

    <p class='ocr_par' dir='ltr' id='par_1_6' title="bbox 363 2348 846 2415">
     <span class='ocr_line' id='line_1_19' title="bbox 363 2348 846 2415; baseline 0 0"><span class='ocrx_word' id='word_1_150' title='bbox 363 2351 481 2415; x_wconf 83' lang='lat' dir='ltr'><strong>Postea</strong></span> <span class='ocrx_word' id='word_1_151' title='bbox 494 2348 679 2415; x_wconf 83' lang='lat' dir='ltr'><strong>concordati</strong></span> <span class='ocrx_word' id='word_1_152' title='bbox 693 2356 770 2413; x_wconf 86' lang='lat' dir='ltr'><strong>sunt</strong></span> <span class='ocrx_word' id='word_1_153' title='bbox 785 2356 846 2415; x_wconf 77' lang='lat' dir='ltr'><strong>ete</strong></span> 
     </span>
    </p>

    <p class='ocr_par' dir='ltr' id='par_1_7' title="bbox 167 2452 1407 2542">
     <span class='ocr_line' id='line_1_20' title="bbox 167 2452 1407 2542; baseline 0 -23"><span class='ocrx_word' id='word_1_154' title='bbox 167 2464 262 2532; x_wconf 81' lang='lat'>1059,</span> <span class='ocrx_word' id='word_1_155' title='bbox 363 2453 542 2519; x_wconf 82' lang='lat' dir='ltr'><strong>‘Henrious</strong></span> <span class='ocrx_word' id='word_1_156' title='bbox 554 2453 594 2519; x_wconf 91' lang='lat' dir='ltr'><strong>de</strong></span> <span class='ocrx_word' id='word_1_157' title='bbox 606 2452 782 2542; x_wconf 80' lang='lat' dir='ltr'><strong>Aldilegha</strong></span> <span class='ocrx_word' id='word_1_158' title='bbox 792 2453 1009 2519; x_wconf 84' lang='lat' dir='ltr'><strong>summonitus</strong></span> <span class='ocrx_word' id='word_1_159' title='bbox 1019 2454 1084 2519; x_wconf 83' lang='lat' dir='ltr'><strong>fuit</strong></span> <span class='ocrx_word' id='word_1_160' title='bbox 1094 2452 1137 2519; x_wconf 83' lang='lat' dir='ltr'><strong>ad</strong></span> <span class='ocrx_word' id='word_1_161' title='bbox 1147 2452 1407 2541; x_wconf 87' lang='lat' dir='ltr'><strong>respondendum</strong></span> 
     </span>
    </p>

    <p class='ocr_par' dir='ltr' id='par_1_8' title="bbox 176 2556 1407 2852">
     <span class='ocr_line' id='line_1_21' title="bbox 176 2556 1407 2645; baseline 0.002 -23"><span class='ocrx_word' id='word_1_162' title='bbox 176 2566 247 2607; x_wconf 63' lang='lat' dir='ltr'><strong>RM-</strong></span> <span class='ocrx_word' id='word_1_163' title='bbox 299 2556 462 2623; x_wconf 86' lang='lat' dir='ltr'><strong>Willelmo</strong></span> <span class='ocrx_word' id='word_1_164' title='bbox 483 2557 523 2622; x_wconf 91' lang='lat' dir='ltr'><strong>de</strong></span> <span class='ocrx_word' id='word_1_165' title='bbox 543 2557 704 2643; x_wconf 85' lang='lat' dir='ltr'><strong>Gomages</strong></span> <span class='ocrx_word' id='word_1_166' title='bbox 726 2579 825 2644; x_wconf 87' lang='lat' dir='ltr'><strong>quem</strong></span> <span class='ocrx_word' id='word_1_167' title='bbox 845 2557 1027 2645; x_wconf 75' lang='lat' dir='ltr'><strong>ingressum</strong></span> <span class='ocrx_word' id='word_1_168' title='bbox 1050 2557 1150 2623; x_wconf 83' lang='lat' dir='ltr'><strong>habet</strong></span> <span class='ocrx_word' id='word_1_169' title='bbox 1171 2557 1207 2623; x_wconf 91' lang='lat' dir='ltr'><strong>in</strong></span> <span class='ocrx_word' id='word_1_170' title='bbox 1228 2557 1407 2624; x_wconf 80' lang='lat' dir='ltr'><strong>medietate</strong></span> 
     </span>
     <span class='ocr_line' id='line_1_22' title="bbox 298 2660 1406 2749; baseline 0.002 -23"><span class='ocrx_word' id='word_1_171' title='bbox 298 2661 435 2727; x_wconf 87' lang='lat' dir='ltr'><strong>manerii</strong></span> <span class='ocrx_word' id='word_1_172' title='bbox 450 2660 490 2726; x_wconf 90' lang='lat' dir='ltr'><strong>de</strong></span> <span class='ocrx_word' id='word_1_173' title='bbox 511 2661 700 2727; x_wconf 81' lang='lat' dir='ltr'><strong>Ootesmore</strong></span> <span class='ocrx_word' id='word_1_174' title='bbox 718 2670 778 2727; x_wconf 81' lang='lat' dir='ltr'><strong>eta</strong></span> <span class='ocrx_word' id='word_1_175' title='bbox 794 2661 882 2726; x_wconf 91' lang='lat' dir='ltr'><strong>unde</strong></span> <span class='ocrx_word' id='word_1_176' title='bbox 901 2661 988 2727; x_wconf 93' lang='lat' dir='ltr'><strong>idem</strong></span> <span class='ocrx_word' id='word_1_177' title='bbox 1009 2662 1157 2749; x_wconf 83' lang='lat' dir='ltr'><strong>queritur</strong></span> <span class='ocrx_word' id='word_1_178' title='bbox 1177 2661 1263 2749; x_wconf 90' lang='lat' dir='ltr'><strong>quod</strong></span> <span class='ocrx_word' id='word_1_179' title='bbox 1283 2662 1406 2728; x_wconf 85' lang='lat' dir='ltr'><strong>iniuste</strong></span> 
     </span>
     <span class='ocr_line' id='line_1_23' title="bbox 298 2763 578 2852; baseline 0 -22"><span class='ocrx_word' id='word_1_180' title='bbox 298 2763 478 2830; x_wconf 85' lang='lat' dir='ltr'><strong>disseisitus</strong></span> <span class='ocrx_word' id='word_1_181' title='bbox 493 2773 551 2831; x_wconf 89' lang='lat' dir='ltr'><strong>est.</strong></span> <span class='ocrx_word' id='word_1_182' title='bbox 571 2764 578 2852; x_wconf 78' lang='grc' dir='ltr'>Ι</span> 
     </span>
    </p>

    <p class='ocr_par' dir='ltr' id='par_1_9' title="bbox 182 2868 1408 3560">
     <span class='ocr_line' id='line_1_24' title="bbox 182 2868 1408 2956; baseline -0.005 -18"><span class='ocrx_word' id='word_1_183' title='bbox 182 2897 241 2949; x_wconf 76' lang='lat' dir='ltr'><strong>[us]</strong></span> <span class='ocrx_word' id='word_1_184' title='bbox 363 2868 408 2935; x_wconf 90' lang='lat' dir='ltr'><strong>Et</strong></span> <span class='ocrx_word' id='word_1_185' title='bbox 431 2870 594 2935; x_wconf 89' lang='lat' dir='ltr'><strong>Hemious</strong></span> <span class='ocrx_word' id='word_1_186' title='bbox 618 2868 712 2935; x_wconf 88' lang='lat' dir='ltr'><strong>uenit</strong></span> <span class='ocrx_word' id='word_1_187' title='bbox 735 2876 770 2936; x_wconf 87' lang='lat' dir='ltr'><strong>at</strong></span> <span class='ocrx_word' id='word_1_188' title='bbox 796 2868 877 2934; x_wconf 82' lang='lat' dir='ltr'><strong>dicit</strong></span> <span class='ocrx_word' id='word_1_189' title='bbox 902 2868 989 2956; x_wconf 91' lang='lat' dir='ltr'><strong>quod</strong></span> <span class='ocrx_word' id='word_1_190' title='bbox 1013 2869 1114 2935; x_wconf 83' lang='lat' dir='ltr'><strong>habet</strong></span> <span class='ocrx_word' id='word_1_191' title='bbox 1139 2868 1321 2956; x_wconf 74' lang='lat' dir='ltr'><strong>ingressum</strong></span> <span class='ocrx_word' id='word_1_192' title='bbox 1345 2890 1408 2954; x_wconf 87' lang='lat' dir='ltr'><strong>per</strong></span> 
     </span>
     <span class='ocr_line' id='line_1_25' title="bbox 297 2972 1406 3061; baseline 0 -23"><span class='ocrx_word' id='word_1_193' title='bbox 297 2973 390 3040; x_wconf 91' lang='lat' dir='ltr'><strong>Dom.</strong></span> <span class='ocrx_word' id='word_1_194' title='bbox 406 2973 531 3061; x_wconf 86' lang='lat' dir='ltr'><strong>Regem</strong></span> <span class='ocrx_word' id='word_1_195' title='bbox 546 2997 605 3060; x_wconf 89' lang='lat' dir='ltr'><strong>per</strong></span> <span class='ocrx_word' id='word_1_196' title='bbox 618 2975 718 3040; x_wconf 87' lang='lat' dir='ltr'><strong>finem</strong></span> <span class='ocrx_word' id='word_1_197' title='bbox 733 2995 831 3061; x_wconf 90' lang='lat' dir='ltr'><strong>quem</strong></span> <span class='ocrx_word' id='word_1_198' title='bbox 846 2973 941 3040; x_wconf 82' lang='lat' dir='ltr'><strong>feeit⁸</strong></span> <span class='ocrx_word' id='word_1_199' title='bbox 954 2997 1028 3040; x_wconf 85' lang='lat' dir='ltr'><strong>eum</strong></span> <span class='ocrx_word' id='word_1_200' title='bbox 1043 2997 1082 3040; x_wconf 91' lang='lat' dir='ltr'><strong>eo</strong></span> <span class='ocrx_word' id='word_1_201' title='bbox 1097 2974 1162 3040; x_wconf 89' lang='lat' dir='ltr'><strong>soil</strong></span> <span class='ocrx_word' id='word_1_202' title='bbox 1175 2974 1216 3040; x_wconf 92' lang='lat' dir='ltr'><strong>de</strong></span> <span class='ocrx_word' id='word_1_203' title='bbox 1231 2972 1273 3038; x_wconf 84' lang='lat' dir='ltr'><strong>xl.</strong></span> <span class='ocrx_word' id='word_1_204' title='bbox 1288 2973 1406 3038; x_wconf 81' lang='lat' dir='ltr'><strong>mamis</strong></span> 
     </span>
     <span class='ocr_line' id='line_1_26' title="bbox 297 3075 1405 3162; baseline -0.001 -20"><span class='ocrx_word' id='word_1_205' title='bbox 297 3075 355 3162; x_wconf 90' lang='lat' dir='ltr'><strong>qui</strong></span> <span class='ocrx_word' id='word_1_206' title='bbox 369 3077 442 3143; x_wconf 82' lang='lat' dir='ltr'><strong>finis</strong></span> <span class='ocrx_word' id='word_1_207' title='bbox 457 3076 653 3143; x_wconf 80' lang='lat' dir='ltr'><strong>inrotulatus</strong></span> <span class='ocrx_word' id='word_1_208' title='bbox 667 3086 718 3144; x_wconf 85' lang='lat' dir='ltr'><strong>est</strong></span> <span class='ocrx_word' id='word_1_209' title='bbox 732 3077 774 3143; x_wconf 85' lang='lat' dir='ltr'><strong>ad</strong></span> <span class='ocrx_word' id='word_1_210' title='bbox 788 3078 983 3143; x_wconf 83' lang='lat' dir='ltr'><strong>soaooarium</strong></span> <span class='ocrx_word' id='word_1_211' title='bbox 997 3077 1056 3142; x_wconf 93' lang='lat' dir='ltr'><strong>ubi</strong></span> <span class='ocrx_word' id='word_1_212' title='bbox 1067 3077 1206 3142; x_wconf 77' lang='lat' dir='ltr'><strong>intrauit</strong></span> <span class='ocrx_word' id='word_1_213' title='bbox 1216 3076 1253 3142; x_wconf 92' lang='lat' dir='ltr'><strong>in</strong></span> <span class='ocrx_word' id='word_1_214' title='bbox 1262 3076 1405 3141; x_wconf 75' lang='lat' dir='ltr'><strong>soltam‘.</strong></span> 
     </span>
     <span class='ocr_line' id='line_1_27' title="bbox 297 3178 1405 3269; baseline 0 -25"><span class='ocrx_word' id='word_1_215' title='bbox 297 3179 415 3245; x_wconf 77' lang='lat' dir='ltr'><strong>Postea</strong></span> <span class='ocrx_word' id='word_1_216' title='bbox 428 3181 573 3269; x_wconf 82' lang='lat' dir='ltr'><strong>precepit</strong></span> <span class='ocrx_word' id='word_1_217' title='bbox 588 3180 681 3247; x_wconf 91' lang='lat' dir='ltr'><strong>Dom.</strong></span> <span class='ocrx_word' id='word_1_218' title='bbox 693 3181 765 3246; x_wconf 85' lang='lat' dir='ltr'><strong>Rex</strong></span> <span class='ocrx_word' id='word_1_219' title='bbox 777 3181 863 3268; x_wconf 89' lang='lat' dir='ltr'><strong>quod</strong></span> <span class='ocrx_word' id='word_1_220' title='bbox 874 3181 982 3246; x_wconf 85' lang='lat' dir='ltr'><strong>dictus</strong></span> <span class='ocrx_word' id='word_1_221' title='bbox 991 3179 1176 3246; x_wconf 85' lang='lat' dir='ltr'><strong>Willelmus</strong></span> <span class='ocrx_word' id='word_1_222' title='bbox 1188 3178 1231 3244; x_wconf 87' lang='lat' dir='ltr'><strong>de</strong></span> <span class='ocrx_word' id='word_1_223' title='bbox 1242 3179 1405 3268; x_wconf 67' lang='lat' dir='ltr'><strong>(lomagna</strong></span> 
     </span>
     <span class='ocr_line' id='line_1_28' title="bbox 297 3284 1406 3372; baseline 0.001 -23"><span class='ocrx_word' id='word_1_224' title='bbox 297 3285 397 3349; x_wconf 90' lang='lat' dir='ltr'><strong>talem</strong></span> <span class='ocrx_word' id='word_1_225' title='bbox 412 3284 562 3351; x_wconf 78' lang='lat' dir='ltr'><strong>saisinam</strong></span> <span class='ocrx_word' id='word_1_226' title='bbox 577 3285 713 3352; x_wconf 86' lang='lat' dir='ltr'><strong>haberet</strong></span> <span class='ocrx_word' id='word_1_227' title='bbox 728 3285 768 3351; x_wconf 93' lang='lat' dir='ltr'><strong>de</strong></span> <span class='ocrx_word' id='word_1_228' title='bbox 783 3294 871 3353; x_wconf 80' lang='lat' dir='ltr'><strong>terra</strong></span> <span class='ocrx_word' id='word_1_229' title='bbox 884 3285 925 3352; x_wconf 93' lang='lat' dir='ltr'><strong>de</strong></span> <span class='ocrx_word' id='word_1_230' title='bbox 937 3287 1126 3353; x_wconf 82' lang='lat' dir='ltr'><strong>Ootesmora</strong></span> <span class='ocrx_word' id='word_1_231' title='bbox 1140 3284 1270 3372; x_wconf 91' lang='lat' dir='ltr'><strong>qualem</strong></span> <span class='ocrx_word' id='word_1_232' title='bbox 1285 3284 1406 3350; x_wconf 80' lang='lat' dir='ltr'><strong>habuit</strong></span> 
     </span>
     <span class='ocr_line' id='line_1_29' title="bbox 297 3386 1406 3475; baseline -0.002 -21"><span class='ocrx_word' id='word_1_233' title='bbox 297 3387 426 3474; x_wconf 88' lang='lat' dir='ltr'><strong>quando</strong></span> <span class='ocrx_word' id='word_1_234' title='bbox 440 3396 561 3454; x_wconf 89' lang='lat' dir='ltr'><strong>terram</strong></span> <span class='ocrx_word' id='word_1_235' title='bbox 575 3387 665 3455; x_wconf 86' lang='lat' dir='ltr'><strong>illam</strong></span> <span class='ocrx_word' id='word_1_236' title='bbox 681 3388 768 3475; x_wconf 85' lang='lat' dir='ltr'><strong>oepit</strong></span> <span class='ocrx_word' id='word_1_237' title='bbox 782 3389 818 3454; x_wconf 89' lang='lat' dir='ltr'><strong>in</strong></span> <span class='ocrx_word' id='word_1_238' title='bbox 833 3411 966 3455; x_wconf 90' lang='lat' dir='ltr'><strong>manum</strong></span> <span class='ocrx_word' id='word_1_239' title='bbox 981 3409 1082 3454; x_wconf 85' lang='lat' dir='ltr'><strong>suam.</strong></span> <span class='ocrx_word' id='word_1_240' title='bbox 1127 3387 1171 3453; x_wconf 85' lang='lat' dir='ltr'><strong>Et</strong></span> <span class='ocrx_word' id='word_1_241' title='bbox 1188 3386 1263 3452; x_wconf 85' lang='lat' dir='ltr'><strong>ideo</strong></span> <span class='ocrx_word' id='word_1_242' title='bbox 1283 3387 1406 3453; x_wconf 76' lang='lat' dir='ltr'><strong>habeut</strong></span> 
     </span>
     <span class='ocr_line' id='line_1_30' title="bbox 296 3515 456 3560; baseline -0.006 0"><span class='ocrx_word' id='word_1_243' title='bbox 296 3515 456 3560; x_wconf 80' lang='lat' dir='ltr'><strong>sersrnnm.</strong></span> 
     </span>
    </p>

    <p class='ocr_par' dir='ltr' id='par_1_10' title="bbox 166 3593 1403 3682">
     <span class='ocr_line' id='line_1_31' title="bbox 166 3593 1403 3682; baseline 0.002 -26"><span class='ocrx_word' id='word_1_244' title='bbox 166 3593 259 3658; x_wconf 88' lang='grc'><strong>1060.</strong></span> <span class='ocrx_word' id='word_1_245' title='bbox 360 3597 455 3664; x_wconf 86' lang='lat' dir='ltr'><strong>&#39;Dies</strong></span> <span class='ocrx_word' id='word_1_246' title='bbox 469 3595 566 3663; x_wconf 80' lang='lat' dir='ltr'><strong>datus</strong></span> <span class='ocrx_word' id='word_1_247' title='bbox 580 3605 630 3663; x_wconf 84' lang='lat' dir='ltr'><strong>est</strong></span> <span class='ocrx_word' id='word_1_248' title='bbox 646 3595 771 3663; x_wconf 85' lang='lat' dir='ltr'><strong>Simoni</strong></span> <span class='ocrx_word' id='word_1_249' title='bbox 790 3595 832 3661; x_wconf 91' lang='lat' dir='ltr'><strong>de</strong></span> <span class='ocrx_word' id='word_1_250' title='bbox 852 3595 884 3662; x_wconf 85' lang='lat' dir='ltr'><strong>S.</strong></span> <span class='ocrx_word' id='word_1_251' title='bbox 900 3594 990 3661; x_wconf 83' lang='lat' dir='ltr'><strong>Lioio</strong></span> <span class='ocrx_word' id='word_1_252' title='bbox 1010 3617 1068 3682; x_wconf 89' lang='lat' dir='ltr'><strong>per</strong></span> <span class='ocrx_word' id='word_1_253' title='bbox 1087 3602 1290 3660; x_wconf 79' lang='lat' dir='ltr'><strong>ottomatnm</strong></span> <span class='ocrx_word' id='word_1_254' title='bbox 1304 3615 1403 3659; x_wconf 87' lang='lat' dir='ltr'><strong>snum</strong></span> 
     </span>
    </p>

    <p class='ocr_par' dir='ltr' id='par_1_11' title="bbox 175 3692 1405 3788">
     <span class='ocr_line' id='line_1_32' title="bbox 175 3692 1405 3788; baseline -0.004 -19"><span class='ocrx_word' id='word_1_255' title='bbox 175 3692 245 3736; x_wconf 55' lang='grc' dir='ltr'><strong>Μ*</strong></span> <span class='ocrx_word' id='word_1_256' title='bbox 295 3701 422 3788; x_wconf 84' lang='lat' dir='ltr'><strong>petenti</strong></span> <span class='ocrx_word' id='word_1_257' title='bbox 450 3709 486 3768; x_wconf 90' lang='lat' dir='ltr'><strong>et</strong></span> <span class='ocrx_word' id='word_1_258' title='bbox 514 3701 678 3768; x_wconf 82' lang='lat' dir='ltr'><strong>Willelmo</strong></span> <span class='ocrx_word' id='word_1_259' title='bbox 707 3701 748 3768; x_wconf 91' lang='lat' dir='ltr'><strong>de</strong></span> <span class='ocrx_word' id='word_1_260' title='bbox 782 3699 936 3766; x_wconf 84' lang='lat' dir='ltr'><strong>Fortibus</strong></span> <span class='ocrx_word' id='word_1_261' title='bbox 969 3698 1092 3765; x_wconf 85' lang='lat' dir='ltr'><strong>Gomiti</strong></span> <span class='ocrx_word' id='word_1_262' title='bbox 1127 3697 1169 3764; x_wconf 90' lang='lat' dir='ltr'><strong>de</strong></span> <span class='ocrx_word' id='word_1_263' title='bbox 1201 3698 1405 3764; x_wconf 77' lang='lat' dir='ltr'><strong>Albemarlin</strong></span> 
     </span>
    </p>
   </div>
   <div class='ocr_carea' id='block_1_3' title="bbox 294 3799 1403 3996">
    <p class='ocr_par' dir='ltr' id='par_1_12' title="bbox 294 3799 1403 3996">
     <span class='ocr_line' id='line_1_33' title="bbox 294 3799 1403 3892; baseline -0.005 -22"><span class='ocrx_word' id='word_1_264' title='bbox 294 3805 424 3871; x_wconf 87' lang='lat' dir='ltr'><strong>tenenti</strong></span> <span class='ocrx_word' id='word_1_265' title='bbox 444 3805 485 3871; x_wconf 91' lang='lat' dir='ltr'><strong>de</strong></span> <span class='ocrx_word' id='word_1_266' title='bbox 507 3804 627 3892; x_wconf 85' lang='lat' dir='ltr'><strong>placito</strong></span> <span class='ocrx_word' id='word_1_267' title='bbox 648 3812 733 3870; x_wconf 85' lang='lat' dir='ltr'><strong>terre</strong></span> <span class='ocrx_word' id='word_1_268' title='bbox 755 3805 816 3870; x_wconf 82' lang='lat' dir='ltr'><strong>teli</strong></span> <span class='ocrx_word' id='word_1_269' title='bbox 837 3803 891 3869; x_wconf 89' lang='lat' dir='ltr'><strong>die</strong></span> <span class='ocrx_word' id='word_1_270' title='bbox 913 3811 972 3869; x_wconf 80' lang='lat' dir='ltr'><strong>ete</strong></span> <span class='ocrx_word' id='word_1_271' title='bbox 995 3802 1045 3868; x_wconf 91' lang='lat' dir='ltr'><strong>ita</strong></span> <span class='ocrx_word' id='word_1_272' title='bbox 1069 3800 1155 3888; x_wconf 92' lang='lat' dir='ltr'><strong>quod</strong></span> <span class='ocrx_word' id='word_1_273' title='bbox 1178 3801 1269 3866; x_wconf 84' lang='lat' dir='ltr'><strong>saluo</strong></span> <span class='ocrx_word' id='word_1_274' title='bbox 1293 3799 1403 3866; x_wconf 90' lang='lat' dir='ltr'><strong>eidem</strong></span> 
     </span>
     <span class='ocr_line' id='line_1_34' title="bbox 295 3904 1403 3996; baseline -0.005 -21"><span class='ocrx_word' id='word_1_275' title='bbox 295 3907 422 3976; x_wconf 87' lang='lat' dir='ltr'><strong>Simoni</strong></span> <span class='ocrx_word' id='word_1_276' title='bbox 451 3909 537 3996; x_wconf 93' lang='lat' dir='ltr'><strong>quod</strong></span> <span class='ocrx_word' id='word_1_277' title='bbox 566 3915 645 3974; x_wconf 87' lang='lat' dir='ltr'><strong>tuno</strong></span> <span class='ocrx_word' id='word_1_278' title='bbox 673 3908 831 3975; x_wconf 88' lang='lat' dir='ltr'><strong>allooetur</strong></span> <span class='ocrx_word' id='word_1_279' title='bbox 855 3908 887 3974; x_wconf 91' lang='lat' dir='ltr'><strong>ei</strong></span> <span class='ocrx_word' id='word_1_280' title='bbox 912 3906 999 3996; x_wconf 91' lang='lat' dir='ltr'><strong>quod</strong></span> <span class='ocrx_word' id='word_1_281' title='bbox 1025 3906 1142 3974; x_wconf 79' lang='lat' dir='ltr'><strong>Comes</strong></span> <span class='ocrx_word' id='word_1_282' title='bbox 1166 3904 1308 3970; x_wconf 81' lang='lat' dir='ltr'><strong>surrexit</strong></span> <span class='ocrx_word' id='word_1_283' title='bbox 1329 3904 1403 3970; x_wconf 83' lang='lat' dir='ltr'><strong>sine</strong></span> 
     </span>
    </p>
   </div>
   <div class='ocr_carea' id='block_1_4' title="bbox 295 4115 1405 4501">
    <p class='ocr_par' dir='ltr' id='par_1_13' title="bbox 295 4115 1405 4501">
     <span class='ocr_line' id='line_1_35' title="bbox 328 4115 1403 4182; baseline -0.004 -9"><span class='ocrx_word' id='word_1_284' title='bbox 328 4123 338 4156; x_wconf 87' lang='lat'>1</span> <span class='ocrx_word' id='word_1_285' title='bbox 355 4123 390 4174; x_wconf 82' lang='lat' dir='ltr'><strong>so</strong></span> <span class='ocrx_word' id='word_1_286' title='bbox 401 4121 432 4172; x_wconf 82' lang='lat' dir='ltr'><strong>s.</strong></span> <span class='ocrx_word' id='word_1_287' title='bbox 904 4120 964 4170; x_wconf 74' lang='lat' dir='ltr'><strong>⁸oo</strong></span> <span class='ocrx_word' id='word_1_288' title='bbox 975 4121 1033 4171; x_wconf 73' lang='lat' dir='ltr'><strong>oo.</strong></span> <span class='ocrx_word' id='word_1_289' title='bbox 1043 4120 1117 4170; x_wconf 79' lang='lat' dir='ltr'><strong>man.</strong></span> <span class='ocrx_word' id='word_1_290' title='bbox 1138 4115 1403 4182; x_wconf 60' lang='lat' dir='ltr'><strong>nominatum.</strong></span> 
     </span>
     <span class='ocr_line' id='line_1_36' title="bbox 327 4185 1053 4252; baseline -0.004 -14"><span class='ocrx_word' id='word_1_291' title='bbox 327 4189 412 4238; x_wconf 85' lang='lat' dir='ltr'><strong>¹The</strong></span> <span class='ocrx_word' id='word_1_292' title='bbox 425 4187 483 4238; x_wconf 82' lang='lat' dir='ltr'><strong>urit</strong></span> <span class='ocrx_word' id='word_1_293' title='bbox 499 4187 527 4237; x_wconf 86' lang='lat' dir='ltr'><strong>ol</strong></span> <span class='ocrx_word' id='word_1_294' title='bbox 542 4187 612 4238; x_wconf 87' lang='lat' dir='ltr'><strong>Pone</strong></span> <span class='ocrx_word' id='word_1_295' title='bbox 627 4187 760 4252; x_wconf 79' lang='lat' dir='ltr'><strong>removlng</strong></span> <span class='ocrx_word' id='word_1_296' title='bbox 776 4185 823 4239; x_wconf 76' lang='lat' dir='ltr'><strong>tho</strong></span> <span class='ocrx_word' id='word_1_297' title='bbox 872 4185 923 4237; x_wconf 76' lang='lat' dir='ltr'><strong>rol.</strong></span> <span class='ocrx_word' id='word_1_298' title='bbox 936 4186 960 4244; x_wconf 85' lang='lat'><strong>1,</strong></span> <span class='ocrx_word' id='word_1_299' title='bbox 971 4201 997 4250; x_wconf 88' lang='lat' dir='ltr'><strong>p.</strong></span> <span class='ocrx_word' id='word_1_300' title='bbox 1012 4187 1053 4238; x_wconf 72' lang='lat'><strong>96.</strong></span> 
     </span>
     <span class='ocr_line' id='line_1_37' title="bbox 295 4248 1404 4317; baseline -0.007 -11"><span class='ocrx_word' id='word_1_301' title='bbox 295 4268 355 4306; x_wconf 75' lang='lat' dir='ltr'><strong>osso</strong></span> <span class='ocrx_word' id='word_1_302' title='bbox 365 4255 433 4303; x_wconf 77' lang='lat' dir='ltr'><strong>from</strong></span> <span class='ocrx_word' id='word_1_303' title='bbox 445 4252 490 4304; x_wconf 79' lang='lat' dir='ltr'><strong>the</strong></span> <span class='ocrx_word' id='word_1_304' title='bbox 499 4255 598 4317; x_wconf 71' lang='lat' dir='ltr'><strong>oounty</strong></span> <span class='ocrx_word' id='word_1_305' title='bbox 607 4257 689 4304; x_wconf 84' lang='lat' dir='ltr'><strong>oonrt.</strong></span> <span class='ocrx_word' id='word_1_306' title='bbox 903 4249 915 4284; x_wconf 80' lang='lat'>⁸</span> <span class='ocrx_word' id='word_1_307' title='bbox 930 4249 1080 4314; x_wconf 74' lang='lat' dir='ltr'><strong>Henryhnd</strong></span> <span class='ocrx_word' id='word_1_308' title='bbox 1086 4248 1192 4300; x_wconf 66' lang='lat' dir='ltr'><strong>entend</strong></span> <span class='ocrx_word' id='word_1_309' title='bbox 1199 4248 1258 4299; x_wconf 80' lang='lat' dir='ltr'><strong>into</strong></span> <span class='ocrx_word' id='word_1_310' title='bbox 1265 4252 1404 4313; x_wconf 72' lang='lat' dir='ltr'><strong>pryment,</strong></span> 
     </span>
     <span class='ocr_line' id='line_1_38' title="bbox 328 4313 1405 4382; baseline -0.003 -13"><span class='ocrx_word' id='word_1_311' title='bbox 328 4319 426 4369; x_wconf 74' lang='lat' dir='ltr'><strong>⁸(lorr.</strong></span> <span class='ocrx_word' id='word_1_312' title='bbox 455 4319 591 4370; x_wconf 69' lang='lat' dir='ltr'><strong>sueram.</strong></span> <span class='ocrx_word' id='word_1_313' title='bbox 629 4319 652 4369; x_wconf 87' lang='lat' dir='ltr'>B</span> <span class='ocrx_word' id='word_1_314' title='bbox 683 4317 754 4382; x_wconf 77' lang='lat' dir='ltr'><strong>gives</strong></span> <span class='ocrx_word' id='word_1_315' title='bbox 785 4331 821 4369; x_wconf 91' lang='lat' dir='ltr'><strong>no</strong></span> <span class='ocrx_word' id='word_1_316' title='bbox 870 4315 1306 4380; x_wconf 70' lang='lat' dir='ltr'><strong>hedbogunpsyinginstalmenta</strong></span> <span class='ocrx_word' id='word_1_317' title='bbox 1328 4313 1405 4366; x_wconf 78' lang='lat' dir='ltr'><strong>Hero</strong></span> 
     </span>
     <span class='ocr_line' id='line_1_39' title="bbox 295 4381 985 4500; baseline -0.006 -66"><span class='ocrx_word' id='word_1_318' title='bbox 295 4381 647 4500; x_wconf 49' lang='lat' dir='ltr'><strong>mangnlorffisdjndgment.</strong></span> <span class='ocrx_word' id='word_1_319' title='bbox 870 4381 985 4446; x_wconf 79' lang='lat' dir='ltr'><strong>Batopr.</strong></span> 
     </span>
     <span class='ocr_line' id='line_1_40' title="bbox 377 4463 515 4501; baseline -0.007 -1"><span class='ocrx_word' id='word_1_320' title='bbox 377 4463 431 4501; x_wconf 89' lang='lat' dir='ltr'><strong>.m.</strong></span> <span class='ocrx_word' id='word_1_321' title='bbox 508 4485 515 4499; x_wconf 89' lang='lat'><strong>.</strong></span> 
     </span>
    </p>
   </div>
   <div class='ocr_carea' id='block_1_5' title="bbox 0 0 1588 5075">
    <p class='ocr_par' dir='ltr' id='par_1_14' title="bbox 0 0 1588 5075">
     <span class='ocr_line' id='line_1_41' title="bbox 0 0 1588 5075; baseline 0 2"><span class='ocrx_word' id='word_1_322' title='bbox 0 0 1588 5075; x_wconf 95' lang='lat' dir='ltr'><strong> </strong></span> 
     </span>
    </p>
   </div>
  </div>
 </body>
</html>
