<?xml version="1.0" encoding="UTF-8"?>
<!DOCTYPE html PUBLIC "-//W3C//DTD XHTML 1.0 Transitional//EN"
    "http://www.w3.org/TR/xhtml1/DTD/xhtml1-transitional.dtd">
<html xmlns="http://www.w3.org/1999/xhtml" xml:lang="en" lang="en">
 <head>
  <title>
</title>
<meta http-equiv="Content-Type" content="text/html;charset=utf-8" />
  <meta name='ocr-system' content='tesseract 3.04.00' />
  <meta name='ocr-capabilities' content='ocr_page ocr_carea ocr_par ocr_line ocrx_word'/>
</head>
<body>
  <div class='ocr_page' id='page_1' title='image "bractonsnoteboo03maitgoog_0160.png"; bbox 0 0 3167 5075; ppageno 0'>
   <div class='ocr_carea' id='block_1_1' title="bbox 271 393 1258 474">
    <p class='ocr_par' dir='ltr' id='par_1_1' title="bbox 271 393 1258 474">
     <span class='ocr_line' id='line_1_1' title="bbox 271 393 1258 474; baseline -0.003 -13"><span class='ocrx_word' id='word_1_1' title='bbox 271 408 275 417; x_wconf 92' lang='lat'>·</span> <span class='ocrx_word' id='word_1_2' title='bbox 332 399 393 465; x_wconf 76' lang='lat'>146</span> <span class='ocrx_word' id='word_1_3' title='bbox 442 435 445 444; x_wconf 89' lang='lat'>-</span> <span class='ocrx_word' id='word_1_4' title='bbox 503 410 620 463; x_wconf 76' lang='lat' dir='ltr'>eoum</span> <span class='ocrx_word' id='word_1_5' title='bbox 641 393 1258 474; x_wconf 71' lang='lat' dir='ltr'>mon‚sn.1234-5,su18-19.</span> 
     </span>
    </p>
   </div>
   <div class='ocr_carea' id='block_1_2' title="bbox 329 581 1569 1495">
    <p class='ocr_par' dir='ltr' id='par_1_2' title="bbox 329 581 1569 1495">
     <span class='ocr_line' id='line_1_2' title="bbox 394 581 1444 670; baseline -0.004 -20"><span class='ocrx_word' id='word_1_6' title='bbox 394 584 418 650; x_wconf 88' lang='lat' dir='ltr'><strong>J</strong></span> <span class='ocrx_word' id='word_1_7' title='bbox 418 593 563 650; x_wconf 80' lang='lat' dir='ltr'>oratores</span> <span class='ocrx_word' id='word_1_8' title='bbox 576 583 691 650; x_wconf 87' lang='lat' dir='ltr'>dicunt</span> <span class='ocrx_word' id='word_1_9' title='bbox 705 582 792 670; x_wconf 92' lang='lat' dir='ltr'>quod</span> <span class='ocrx_word' id='word_1_10' title='bbox 806 584 891 648; x_wconf 88' lang='lat' dir='ltr'>siout</span> <span class='ocrx_word' id='word_1_11' title='bbox 905 581 1042 648; x_wconf 88' lang='lat' dir='ltr'>eredunt</span> <span class='ocrx_word' id='word_1_12' title='bbox 1058 590 1092 647; x_wconf 91' lang='lat' dir='ltr'>et</span> <span class='ocrx_word' id='word_1_13' title='bbox 1106 582 1269 667; x_wconf 84' lang='lat' dir='ltr'>inquirere</span> <span class='ocrx_word' id='word_1_14' title='bbox 1284 590 1444 667; x_wconf 81' lang='lat' dir='ltr'>potenmt</span> 
     </span>
     <span class='ocr_line' id='line_1_3' title="bbox 331 684 1446 775; baseline -0.004 -22"><span class='ocrx_word' id='word_1_15' title='bbox 331 687 575 775; x_wconf 80' lang='lat' dir='ltr'>quodquidam</span> <span class='ocrx_word' id='word_1_16' title='bbox 601 687 805 774; x_wconf 69' lang='lat' dir='ltr'>predecessor</span> <span class='ocrx_word' id='word_1_17' title='bbox 830 686 932 773; x_wconf 87' lang='lat' dir='ltr'>ipsius</span> <span class='ocrx_word' id='word_1_18' title='bbox 959 684 1077 751; x_wconf 91' lang='lat' dir='ltr'>Prioris</span> <span class='ocrx_word' id='word_1_19' title='bbox 1106 684 1147 750; x_wconf 91' lang='lat' dir='ltr'>de</span> <span class='ocrx_word' id='word_1_20' title='bbox 1173 684 1446 772; x_wconf 82' lang='lat' dir='ltr'>Wullingefordis</span> 
     </span>
     <span class='ocr_line' id='line_1_4' title="bbox 331 787 1444 879; baseline -0.004 -23"><span class='ocrx_word' id='word_1_21' title='bbox 331 790 531 877; x_wconf 84' lang='lat' dir='ltr'>presentuuit</span> <span class='ocrx_word' id='word_1_22' title='bbox 546 792 653 879; x_wconf 85' lang='lat' dir='ltr'>ipsum</span> <span class='ocrx_word' id='word_1_23' title='bbox 668 790 775 856; x_wconf 83' lang='lat' dir='ltr'>Adam</span> <span class='ocrx_word' id='word_1_24' title='bbox 790 798 826 854; x_wconf 88' lang='lat' dir='ltr'>et</span> <span class='ocrx_word' id='word_1_25' title='bbox 844 790 929 855; x_wconf 86' lang='lat' dir='ltr'>sieut</span> <span class='ocrx_word' id='word_1_26' title='bbox 948 788 1085 855; x_wconf 84' lang='lat' dir='ltr'>credunt</span> <span class='ocrx_word' id='word_1_27' title='bbox 1099 788 1186 873; x_wconf 91' lang='lat' dir='ltr'>quod</span> <span class='ocrx_word' id='word_1_28' title='bbox 1201 787 1308 854; x_wconf 83' lang='lat' dir='ltr'>Adam</span> <span class='ocrx_word' id='word_1_29' title='bbox 1324 788 1444 853; x_wconf 86' lang='lat' dir='ltr'>habuit</span> 
     </span>
     <span class='ocr_line' id='line_1_5' title="bbox 329 892 1443 985; baseline -0.005 -23"><span class='ocrx_word' id='word_1_30' title='bbox 329 896 510 985; x_wconf 86' lang='lat' dir='ltr'>ingressum</span> <span class='ocrx_word' id='word_1_31' title='bbox 532 896 567 961; x_wconf 92' lang='lat' dir='ltr'>in</span> <span class='ocrx_word' id='word_1_32' title='bbox 589 895 757 962; x_wconf 79' lang='lat' dir='ltr'>eeclesiam</span> <span class='ocrx_word' id='word_1_33' title='bbox 778 895 870 960; x_wconf 82' lang='lat' dir='ltr'>illem</span> <span class='ocrx_word' id='word_1_34' title='bbox 890 916 949 981; x_wconf 89' lang='lat' dir='ltr'>per</span> <span class='ocrx_word' id='word_1_35' title='bbox 967 893 1151 980; x_wconf 86' lang='lat' dir='ltr'>predictum</span> <span class='ocrx_word' id='word_1_36' title='bbox 1174 892 1443 979; x_wconf 82' lang='lat' dir='ltr'>predecessorem,</span> 
     </span>
     <span class='ocr_line' id='line_1_6' title="bbox 331 995 1443 1083; baseline -0.004 -18"><span class='ocrx_word' id='word_1_37' title='bbox 331 1007 365 1065; x_wconf 88' lang='lat' dir='ltr'>et</span> <span class='ocrx_word' id='word_1_38' title='bbox 379 999 466 1065; x_wconf 92' lang='lat' dir='ltr'>idem</span> <span class='ocrx_word' id='word_1_39' title='bbox 482 998 589 1064; x_wconf 81' lang='lat' dir='ltr'>Adam</span> <span class='ocrx_word' id='word_1_40' title='bbox 604 998 639 1063; x_wconf 92' lang='lat' dir='ltr'>in</span> <span class='ocrx_word' id='word_1_41' title='bbox 657 997 729 1063; x_wconf 83' lang='lat' dir='ltr'>uite</span> <span class='ocrx_word' id='word_1_42' title='bbox 749 1020 809 1062; x_wconf 82' lang='lat' dir='ltr'>suo</span> <span class='ocrx_word' id='word_1_43' title='bbox 830 997 891 1062; x_wconf 90' lang='lat' dir='ltr'>hoc</span> <span class='ocrx_word' id='word_1_44' title='bbox 910 995 1063 1083; x_wconf 86' lang='lat' dir='ltr'>cognouit</span> <span class='ocrx_word' id='word_1_45' title='bbox 1083 995 1163 1060; x_wconf 92' lang='lat' dir='ltr'>dum</span> <span class='ocrx_word' id='word_1_46' title='bbox 1182 996 1277 1074; x_wconf 88' lang='lat' dir='ltr'>uixit,</span> <span class='ocrx_word' id='word_1_47' title='bbox 1293 1005 1328 1061; x_wconf 91' lang='lat' dir='ltr'>et</span> <span class='ocrx_word' id='word_1_48' title='bbox 1347 995 1443 1061; x_wconf 81' lang='lat' dir='ltr'>certi-</span> 
     </span>
     <span class='ocr_line' id='line_1_7' title="bbox 331 1100 1442 1191; baseline -0.003 -22"><span class='ocrx_word' id='word_1_49' title='bbox 331 1104 480 1169; x_wconf 86' lang='lat' dir='ltr'>tudinem</span> <span class='ocrx_word' id='word_1_50' title='bbox 506 1125 657 1191; x_wconf 82' lang='lat' dir='ltr'>magnum</span> <span class='ocrx_word' id='word_1_51' title='bbox 687 1102 808 1168; x_wconf 83' lang='lat' dir='ltr'>hebere</span> <span class='ocrx_word' id='word_1_52' title='bbox 837 1124 902 1167; x_wconf 90' lang='lat' dir='ltr'>non</span> <span class='ocrx_word' id='word_1_53' title='bbox 928 1107 1083 1187; x_wconf 86' lang='lat' dir='ltr'>poterunt</span> <span class='ocrx_word' id='word_1_54' title='bbox 1109 1100 1186 1187; x_wconf 81' lang='lat' dir='ltr'>quie</span> <span class='ocrx_word' id='word_1_55' title='bbox 1214 1101 1302 1166; x_wconf 91' lang='lat' dir='ltr'>idem</span> <span class='ocrx_word' id='word_1_56' title='bbox 1333 1100 1442 1166; x_wconf 71' lang='lat' dir='ltr'>Adam</span> 
     </span>
     <span class='ocr_line' id='line_1_8' title="bbox 331 1203 1442 1295; baseline -0.004 -22"><span class='ocrx_word' id='word_1_57' title='bbox 331 1208 416 1273; x_wconf 87' lang='lat' dir='ltr'>uixit</span> <span class='ocrx_word' id='word_1_58' title='bbox 431 1207 580 1295; x_wconf 83' lang='lat' dir='ltr'>persono¹</span> <span class='ocrx_word' id='word_1_59' title='bbox 595 1230 653 1294; x_wconf 90' lang='lat' dir='ltr'>per</span> <span class='ocrx_word' id='word_1_60' title='bbox 667 1230 691 1273; x_wconf 87' lang='lat' dir='ltr'>o.</span> <span class='ocrx_word' id='word_1_61' title='bbox 708 1205 830 1272; x_wconf 57' lang='lat' dir='ltr'>annosi</span> <span class='ocrx_word' id='word_1_62' title='bbox 882 1206 927 1270; x_wconf 87' lang='lat' dir='ltr'>Et</span> <span class='ocrx_word' id='word_1_63' title='bbox 947 1204 1020 1270; x_wconf 92' lang='lat' dir='ltr'>ideo</span> <span class='ocrx_word' id='word_1_64' title='bbox 1040 1203 1131 1269; x_wconf 87' lang='lat' dir='ltr'>Prior</span> <span class='ocrx_word' id='word_1_65' title='bbox 1150 1204 1270 1270; x_wconf 78' lang='lat' dir='ltr'>habeat</span> <span class='ocrx_word' id='word_1_66' title='bbox 1289 1204 1442 1269; x_wconf 79' lang='lat' dir='ltr'>seisinam</span> 
     </span>
     <span class='ocr_line' id='line_1_9' title="bbox 332 1305 1569 1402; baseline -0.005 -25"><span class='ocrx_word' id='word_1_67' title='bbox 332 1320 473 1377; x_wconf 83' lang='lat' dir='ltr'>suamet</span> <span class='ocrx_word' id='word_1_68' title='bbox 494 1311 641 1399; x_wconf 85' lang='lat' dir='ltr'>Rogems</span> <span class='ocrx_word' id='word_1_69' title='bbox 660 1311 695 1375; x_wconf 92' lang='lat' dir='ltr'>in</span> <span class='ocrx_word' id='word_1_70' title='bbox 716 1308 941 1387; x_wconf 77' lang='lat' dir='ltr'>misericordia,</span> <span class='ocrx_word' id='word_1_71' title='bbox 956 1316 991 1373; x_wconf 88' lang='lat' dir='ltr'>et</span> <span class='ocrx_word' id='word_1_72' title='bbox 1011 1306 1178 1393; x_wconf 85' lang='lat' dir='ltr'>perquiret</span> <span class='ocrx_word' id='word_1_73' title='bbox 1197 1306 1261 1372; x_wconf 89' lang='lat' dir='ltr'>sibi</span> <span class='ocrx_word' id='word_1_74' title='bbox 1280 1308 1381 1372; x_wconf 89' lang='lat' dir='ltr'>breue</span> <span class='ocrx_word' id='word_1_75' title='bbox 1400 1305 1444 1372; x_wconf 90' lang='lat' dir='ltr'>de</span> <span class='ocrx_word' id='word_1_76' title='bbox 1568 1355 1569 1402; x_wconf 60' lang='lat' dir='ltr'>t</span> 
     </span>
     <span class='ocr_line' id='line_1_10' title="bbox 331 1412 1445 1495; baseline -0.004 -13"><span class='ocrx_word' id='word_1_77' title='bbox 331 1424 419 1482; x_wconf 83' lang='lat' dir='ltr'>recto</span> <span class='ocrx_word' id='word_1_78' title='bbox 430 1416 458 1482; x_wconf 91' lang='lat' dir='ltr'>si</span> <span class='ocrx_word' id='word_1_79' title='bbox 469 1416 617 1495; x_wconf 85' lang='lat' dir='ltr'>uoluerit,</span> <span class='ocrx_word' id='word_1_80' title='bbox 630 1424 664 1482; x_wconf 90' lang='lat' dir='ltr'>et</span> <span class='ocrx_word' id='word_1_81' title='bbox 680 1415 770 1481; x_wconf 89' lang='lat' dir='ltr'>Prior</span> <span class='ocrx_word' id='word_1_82' title='bbox 784 1414 904 1480; x_wconf 80' lang='lat' dir='ltr'>hebeat</span> <span class='ocrx_word' id='word_1_83' title='bbox 918 1415 1018 1480; x_wconf 90' lang='lat' dir='ltr'>breue</span> <span class='ocrx_word' id='word_1_84' title='bbox 1033 1413 1075 1479; x_wconf 84' lang='lat' dir='ltr'>ed</span> <span class='ocrx_word' id='word_1_85' title='bbox 1090 1414 1241 1479; x_wconf 82' lang='lat' dir='ltr'>Electum</span> <span class='ocrx_word' id='word_1_86' title='bbox 1256 1412 1445 1479; x_wconf 84' lang='lat' dir='ltr'>Linoolnie⁸</span> 
     </span>
    </p>
   </div>
   <div class='ocr_carea' id='block_1_3' title="bbox 201 1518 1449 4112">
    <p class='ocr_par' dir='ltr' id='par_1_3' title="bbox 334 1530 393 1587">
     <span class='ocr_line' id='line_1_11' title="bbox 334 1530 393 1587; baseline 0.017 -1"><span class='ocrx_word' id='word_1_87' title='bbox 334 1530 393 1587; x_wconf 87' lang='lat' dir='ltr'>eto.</span> 
     </span>
    </p>

    <p class='ocr_par' dir='ltr' id='par_1_4' title="bbox 201 1518 1444 1739">
     <span class='ocr_line' id='line_1_12' title="bbox 201 1518 1444 1739; baseline -0.003 -50"><span class='ocrx_word' id='word_1_88' title='bbox 201 1600 285 1739; x_wconf 41' lang='lat' dir='ltr'>{¹52ss</span> <span class='ocrx_word' id='word_1_89' title='bbox 397 1518 442 1689; x_wconf 61' lang='lat' dir='ltr'>‘ii</span> <span class='ocrx_word' id='word_1_90' title='bbox 470 1622 586 1689; x_wconf 80' lang='lat' dir='ltr'>Comes</span> <span class='ocrx_word' id='word_1_91' title='bbox 612 1620 753 1689; x_wconf 73' lang='lat' dir='ltr'>Oestn&#39;e‘</span> <span class='ocrx_word' id='word_1_92' title='bbox 779 1619 995 1686; x_wconf 74' lang='lat' dir='ltr'>summonitus</span> <span class='ocrx_word' id='word_1_93' title='bbox 1021 1620 1084 1684; x_wconf 81' lang='lat' dir='ltr'>fuit</span> <span class='ocrx_word' id='word_1_94' title='bbox 1110 1619 1152 1684; x_wconf 85' lang='lat' dir='ltr'>ed</span> <span class='ocrx_word' id='word_1_95' title='bbox 1181 1619 1444 1707; x_wconf 89' lang='lat' dir='ltr'>respondendum</span> 
     </span>
    </p>

    <p class='ocr_par' dir='ltr' id='par_1_5' title="bbox 209 1718 1449 3464">
     <span class='ocr_line' id='line_1_13' title="bbox 209 1718 1446 1815; baseline -0.003 -22"><span class='ocrx_word' id='word_1_96' title='bbox 209 1718 294 1812; x_wconf 53' lang='grc' dir='ltr'>Μ’</span> <span class='ocrx_word' id='word_1_97' title='bbox 333 1728 468 1815; x_wconf 88' lang='lat' dir='ltr'>Hugoni</span> <span class='ocrx_word' id='word_1_98' title='bbox 483 1727 523 1792; x_wconf 90' lang='lat' dir='ltr'>de</span> <span class='ocrx_word' id='word_1_99' title='bbox 539 1726 717 1805; x_wconf 80' lang='lat' dir='ltr'>Albinieeo,</span> <span class='ocrx_word' id='word_1_100' title='bbox 732 1724 782 1791; x_wconf 92' lang='lat' dir='ltr'>W.</span> <span class='ocrx_word' id='word_1_101' title='bbox 800 1724 922 1791; x_wconf 86' lang='lat' dir='ltr'>Comiti</span> <span class='ocrx_word' id='word_1_102' title='bbox 936 1724 977 1789; x_wconf 90' lang='lat' dir='ltr'>de</span> <span class='ocrx_word' id='word_1_103' title='bbox 993 1724 1132 1789; x_wconf 81' lang='lat' dir='ltr'>Ferariis</span> <span class='ocrx_word' id='word_1_104' title='bbox 1151 1733 1186 1790; x_wconf 91' lang='lat' dir='ltr'>et</span> <span class='ocrx_word' id='word_1_105' title='bbox 1206 1725 1331 1813; x_wconf 78' lang='lat' dir='ltr'>Agneti</span> <span class='ocrx_word' id='word_1_106' title='bbox 1350 1726 1446 1790; x_wconf 85' lang='lat' dir='ltr'>uxori</span> 
     </span>
     <span class='ocr_line' id='line_1_14' title="bbox 332 1829 1446 1916; baseline 0 -20"><span class='ocrx_word' id='word_1_107' title='bbox 332 1831 402 1896; x_wconf 90' lang='lat' dir='ltr'>eius</span> <span class='ocrx_word' id='word_1_108' title='bbox 432 1839 466 1896; x_wconf 92' lang='lat' dir='ltr'>et</span> <span class='ocrx_word' id='word_1_109' title='bbox 501 1830 644 1895; x_wconf 82' lang='lat' dir='ltr'>Hewisie</span> <span class='ocrx_word' id='word_1_110' title='bbox 681 1829 721 1895; x_wconf 92' lang='lat' dir='ltr'>de</span> <span class='ocrx_word' id='word_1_111' title='bbox 759 1830 895 1916; x_wconf 81' lang='lat' dir='ltr'>Quenoy</span> <span class='ocrx_word' id='word_1_112' title='bbox 931 1829 1103 1895; x_wconf 84' lang='lat' dir='ltr'>Comitisse</span> <span class='ocrx_word' id='word_1_113' title='bbox 1140 1829 1306 1895; x_wconf 89' lang='lat' dir='ltr'>Linoolnie</span> <span class='ocrx_word' id='word_1_114' title='bbox 1343 1852 1446 1916; x_wconf 77' lang='lat' dir='ltr'>quere</span> 
     </span>
     <span class='ocr_line' id='line_1_15' title="bbox 332 1933 1446 2024; baseline -0.001 -23"><span class='ocrx_word' id='word_1_115' title='bbox 332 1935 486 2001; x_wconf 82' lang='lat' dir='ltr'>deforeiat</span> <span class='ocrx_word' id='word_1_116' title='bbox 516 1935 563 2000; x_wconf 88' lang='lat' dir='ltr'>eis</span> <span class='ocrx_word' id='word_1_117' title='bbox 593 1933 821 2000; x_wconf 84' lang='lat' dir='ltr'>rsoionubilem</span> <span class='ocrx_word' id='word_1_118' title='bbox 850 1941 977 2020; x_wconf 77' lang='lat' dir='ltr'>partem</span> <span class='ocrx_word' id='word_1_119' title='bbox 1012 1956 1075 2020; x_wconf 90' lang='lat' dir='ltr'>que</span> <span class='ocrx_word' id='word_1_120' title='bbox 1112 1955 1167 1999; x_wconf 94' lang='lat' dir='ltr'>eos</span> <span class='ocrx_word' id='word_1_121' title='bbox 1203 1935 1365 2024; x_wconf 85' lang='lat' dir='ltr'>contingit</span> <span class='ocrx_word' id='word_1_122' title='bbox 1400 1935 1446 2000; x_wconf 91' lang='lat' dir='ltr'>de</span> 
     </span>
     <span class='ocr_line' id='line_1_16' title="bbox 332 2036 1447 2125; baseline -0.002 -19"><span class='ocrx_word' id='word_1_123' title='bbox 332 2040 514 2107; x_wconf 77' lang='lat' dir='ltr'>hereditate</span> <span class='ocrx_word' id='word_1_124' title='bbox 532 2039 688 2105; x_wconf 84' lang='lat' dir='ltr'>Ronnulfi</span> <span class='ocrx_word' id='word_1_125' title='bbox 709 2037 872 2125; x_wconf 79' lang='lat' dir='ltr'>quondum</span> <span class='ocrx_word' id='word_1_126' title='bbox 894 2036 1031 2103; x_wconf 87' lang='lat' dir='ltr'>Comitis</span> <span class='ocrx_word' id='word_1_127' title='bbox 1052 2037 1177 2103; x_wconf 83' lang='lat' dir='ltr'>Cestn&#39;e</span> <span class='ocrx_word' id='word_1_128' title='bbox 1197 2045 1232 2102; x_wconf 88' lang='lat' dir='ltr'>et</span> <span class='ocrx_word' id='word_1_129' title='bbox 1253 2039 1340 2103; x_wconf 90' lang='lat' dir='ltr'>unde</span> <span class='ocrx_word' id='word_1_130' title='bbox 1360 2038 1447 2104; x_wconf 88' lang='lat' dir='ltr'>obiit</span> 
     </span>
     <span class='ocr_line' id='line_1_17' title="bbox 332 2140 1445 2231; baseline -0.002 -22"><span class='ocrx_word' id='word_1_131' title='bbox 332 2144 401 2231; x_wconf 89' lang='lat' dir='ltr'>ipse</span> <span class='ocrx_word' id='word_1_132' title='bbox 424 2142 554 2209; x_wconf 83' lang='lat' dir='ltr'>seisitus</span> <span class='ocrx_word' id='word_1_133' title='bbox 575 2142 611 2206; x_wconf 90' lang='lat' dir='ltr'>in</span> <span class='ocrx_word' id='word_1_134' title='bbox 632 2141 790 2207; x_wconf 78' lang='lat' dir='ltr'>comitatu</span> <span class='ocrx_word' id='word_1_135' title='bbox 815 2140 949 2217; x_wconf 84' lang='lat' dir='ltr'>Oestrie,</span> <span class='ocrx_word' id='word_1_136' title='bbox 971 2148 1160 2226; x_wconf 82' lang='lat' dir='ltr'>computato</span> <span class='ocrx_word' id='word_1_137' title='bbox 1182 2148 1293 2206; x_wconf 80' lang='lat' dir='ltr'>tomen</span> <span class='ocrx_word' id='word_1_138' title='bbox 1319 2140 1445 2207; x_wconf 88' lang='lat' dir='ltr'>eisdem</span> 
     </span>
     <span class='ocr_line' id='line_1_18' title="bbox 332 2243 1448 2335; baseline -0.002 -24"><span class='ocrx_word' id='word_1_139' title='bbox 332 2246 476 2335; x_wconf 86' lang='lat' dir='ltr'>Hugoni,</span> <span class='ocrx_word' id='word_1_140' title='bbox 500 2244 624 2332; x_wconf 84' lang='lat' dir='ltr'>Agneti</span> <span class='ocrx_word' id='word_1_141' title='bbox 651 2252 685 2309; x_wconf 91' lang='lat' dir='ltr'>et</span> <span class='ocrx_word' id='word_1_142' title='bbox 711 2243 855 2309; x_wconf 85' lang='lat' dir='ltr'>Hewisie</span> <span class='ocrx_word' id='word_1_143' title='bbox 881 2251 974 2329; x_wconf 78' lang='lat' dir='ltr'>parte</span> <span class='ocrx_word' id='word_1_144' title='bbox 1001 2265 1061 2308; x_wconf 80' lang='lat' dir='ltr'>sua</span> <span class='ocrx_word' id='word_1_145' title='bbox 1086 2266 1185 2330; x_wconf 84' lang='lat' dir='ltr'>quem</span> <span class='ocrx_word' id='word_1_146' title='bbox 1208 2266 1295 2308; x_wconf 87' lang='lat' dir='ltr'>nuno</span> <span class='ocrx_word' id='word_1_147' title='bbox 1319 2244 1448 2309; x_wconf 81' lang='lat' dir='ltr'>hebent</span> 
     </span>
     <span class='ocr_line' id='line_1_19' title="bbox 331 2348 1445 2437; baseline -0.004 -20"><span class='ocrx_word' id='word_1_148' title='bbox 331 2352 410 2418; x_wconf 78' lang='lat' dir='ltr'>alibi</span> <span class='ocrx_word' id='word_1_149' title='bbox 425 2351 465 2417; x_wconf 88' lang='lat' dir='ltr'>de</span> <span class='ocrx_word' id='word_1_150' title='bbox 480 2350 627 2437; x_wconf 83' lang='lat' dir='ltr'>predicte</span> <span class='ocrx_word' id='word_1_151' title='bbox 646 2348 829 2414; x_wconf 77' lang='lat' dir='ltr'>hereditate</span> <span class='ocrx_word' id='word_1_152' title='bbox 852 2348 954 2435; x_wconf 90' lang='lat' dir='ltr'>ipsius</span> <span class='ocrx_word' id='word_1_153' title='bbox 975 2348 1121 2428; x_wconf 84' lang='lat' dir='ltr'>Comitis,</span> <span class='ocrx_word' id='word_1_154' title='bbox 1136 2357 1325 2435; x_wconf 82' lang='lat' dir='ltr'>computate</span> <span class='ocrx_word' id='word_1_155' title='bbox 1339 2349 1445 2414; x_wconf 78' lang='lat' dir='ltr'>eciam</span> 
     </span>
     <span class='ocr_line' id='line_1_20' title="bbox 332 2453 1447 2542; baseline -0.001 -21"><span class='ocrx_word' id='word_1_156' title='bbox 332 2456 438 2521; x_wconf 91' lang='lat' dir='ltr'>eidem</span> <span class='ocrx_word' id='word_1_157' title='bbox 463 2454 585 2521; x_wconf 86' lang='lat' dir='ltr'>Oomiti</span> <span class='ocrx_word' id='word_1_158' title='bbox 608 2453 734 2520; x_wconf 83' lang='lat' dir='ltr'>Oestrie</span> <span class='ocrx_word' id='word_1_159' title='bbox 758 2461 852 2541; x_wconf 81' lang='lat' dir='ltr'>perte</span> <span class='ocrx_word' id='word_1_160' title='bbox 874 2476 935 2518; x_wconf 83' lang='lat' dir='ltr'>sue</span> <span class='ocrx_word' id='word_1_161' title='bbox 957 2453 1145 2519; x_wconf 82' lang='lat' dir='ltr'>ruoionabili</span> <span class='ocrx_word' id='word_1_162' title='bbox 1168 2454 1210 2518; x_wconf 91' lang='lat' dir='ltr'>de</span> <span class='ocrx_word' id='word_1_163' title='bbox 1233 2462 1321 2520; x_wconf 82' lang='lat' dir='ltr'>terre</span> <span class='ocrx_word' id='word_1_164' title='bbox 1343 2478 1447 2542; x_wconf 78' lang='lat' dir='ltr'>quam</span> 
     </span>
     <span class='ocr_line' id='line_1_21' title="bbox 332 2553 1446 2638; baseline 0.001 -12"><span class='ocrx_word' id='word_1_165' title='bbox 332 2584 419 2626; x_wconf 89' lang='lat' dir='ltr'>nuno</span> <span class='ocrx_word' id='word_1_166' title='bbox 441 2567 533 2625; x_wconf 91' lang='lat' dir='ltr'>tenet</span> <span class='ocrx_word' id='word_1_167' title='bbox 554 2558 634 2624; x_wconf 81' lang='lat' dir='ltr'>alibi</span> <span class='ocrx_word' id='word_1_168' title='bbox 651 2553 696 2623; x_wconf 72' lang='lat' dir='ltr'>&#39;de</span> <span class='ocrx_word' id='word_1_169' title='bbox 718 2557 832 2624; x_wconf 84' lang='lat' dir='ltr'>eedem</span> <span class='ocrx_word' id='word_1_170' title='bbox 854 2559 1037 2624; x_wconf 83' lang='lat' dir='ltr'>hereditate</span> <span class='ocrx_word' id='word_1_171' title='bbox 1064 2567 1135 2638; x_wconf 74' lang='lat' dir='ltr'>eto,</span> <span class='ocrx_word' id='word_1_172' title='bbox 1157 2568 1192 2624; x_wconf 88' lang='lat' dir='ltr'>et</span> <span class='ocrx_word' id='word_1_173' title='bbox 1217 2559 1304 2625; x_wconf 92' lang='lat' dir='ltr'>unde</span> <span class='ocrx_word' id='word_1_174' title='bbox 1327 2560 1446 2627; x_wconf 89' lang='lat' dir='ltr'>dieunt</span> 
     </span>
     <span class='ocr_line' id='line_1_22' title="bbox 332 2663 1447 2754; baseline 0.001 -23"><span class='ocrx_word' id='word_1_175' title='bbox 332 2666 419 2754; x_wconf 92' lang='lat' dir='ltr'>quod</span> <span class='ocrx_word' id='word_1_176' title='bbox 443 2665 609 2752; x_wconf 82' lang='lat' dir='ltr'>predictus</span> <span class='ocrx_word' id='word_1_177' title='bbox 635 2664 751 2731; x_wconf 82' lang='lat' dir='ltr'>Comes</span> <span class='ocrx_word' id='word_1_178' title='bbox 778 2663 905 2730; x_wconf 82' lang='lat' dir='ltr'>Cestrie</span> <span class='ocrx_word' id='word_1_179' title='bbox 931 2665 1031 2729; x_wconf 82' lang='lat' dir='ltr'>hebet</span> <span class='ocrx_word' id='word_1_180' title='bbox 1058 2664 1093 2729; x_wconf 93' lang='lat' dir='ltr'>in</span> <span class='ocrx_word' id='word_1_181' title='bbox 1123 2665 1274 2731; x_wconf 76' lang='lat' dir='ltr'>tenensis</span> <span class='ocrx_word' id='word_1_182' title='bbox 1302 2667 1447 2752; x_wconf 70' lang='lat' dir='ltr'>ospitale</span> 
     </span>
     <span class='ocr_line' id='line_1_23' title="bbox 332 2767 1446 2857; baseline 0.001 -21"><span class='ocrx_word' id='word_1_183' title='bbox 332 2771 533 2857; x_wconf 80' lang='lat' dir='ltr'>mesuagium</span> <span class='ocrx_word' id='word_1_184' title='bbox 547 2768 681 2846; x_wconf 76' lang='lat' dir='ltr'>Cesti-ie,</span> <span class='ocrx_word' id='word_1_185' title='bbox 693 2776 727 2833; x_wconf 88' lang='lat' dir='ltr'>et</span> <span class='ocrx_word' id='word_1_186' title='bbox 742 2768 842 2855; x_wconf 84' lang='lat' dir='ltr'>Hugo</span> <span class='ocrx_word' id='word_1_187' title='bbox 857 2767 898 2832; x_wconf 89' lang='lat' dir='ltr'>de</span> <span class='ocrx_word' id='word_1_188' title='bbox 913 2767 1082 2834; x_wconf 84' lang='lat' dir='ltr'>Albiniseo</span> <span class='ocrx_word' id='word_1_189' title='bbox 1097 2769 1197 2835; x_wconf 83' lang='lat' dir='ltr'>habet</span> <span class='ocrx_word' id='word_1_190' title='bbox 1209 2769 1446 2837; x_wconf 74' lang='lat' dir='ltr'>Conuentriam</span> 
     </span>
     <span class='ocr_line' id='line_1_24' title="bbox 332 2872 1447 2963; baseline 0 -22"><span class='ocrx_word' id='word_1_191' title='bbox 332 2899 406 2941; x_wconf 86' lang='lat' dir='ltr'>eum</span> <span class='ocrx_word' id='word_1_192' title='bbox 429 2874 501 2940; x_wconf 79' lang='lat' dir='ltr'>eliis</span> <span class='ocrx_word' id='word_1_193' title='bbox 523 2874 626 2952; x_wconf 88' lang='lat' dir='ltr'>terris,</span> <span class='ocrx_word' id='word_1_194' title='bbox 648 2872 833 2938; x_wconf 89' lang='lat' dir='ltr'>Willelmus</span> <span class='ocrx_word' id='word_1_195' title='bbox 855 2872 896 2938; x_wconf 91' lang='lat' dir='ltr'>de</span> <span class='ocrx_word' id='word_1_196' title='bbox 919 2873 1059 2938; x_wconf 81' lang='lat' dir='ltr'>Fersriis</span> <span class='ocrx_word' id='word_1_197' title='bbox 1080 2883 1115 2938; x_wconf 91' lang='lat' dir='ltr'>et</span> <span class='ocrx_word' id='word_1_198' title='bbox 1137 2875 1248 2963; x_wconf 81' lang='lat' dir='ltr'>Agnes</span> <span class='ocrx_word' id='word_1_199' title='bbox 1268 2897 1352 2940; x_wconf 84' lang='lat' dir='ltr'>uxor</span> <span class='ocrx_word' id='word_1_200' title='bbox 1373 2876 1447 2941; x_wconf 85' lang='lat' dir='ltr'>eius</span> 
     </span>
     <span class='ocr_line' id='line_1_25' title="bbox 332 2978 1447 3067; baseline -0.001 -22"><span class='ocrx_word' id='word_1_201' title='bbox 332 2980 455 3045; x_wconf 86' lang='lat' dir='ltr'>hebent</span> <span class='ocrx_word' id='word_1_202' title='bbox 471 2979 713 3067; x_wconf 82' lang='lat' dir='ltr'>Certesleghem</span> <span class='ocrx_word' id='word_1_203' title='bbox 728 3001 803 3044; x_wconf 86' lang='lat' dir='ltr'>oum</span> <span class='ocrx_word' id='word_1_204' title='bbox 818 2978 890 3043; x_wconf 85' lang='lat' dir='ltr'>aliis</span> <span class='ocrx_word' id='word_1_205' title='bbox 911 2979 1014 3056; x_wconf 88' lang='lat' dir='ltr'>terris,</span> <span class='ocrx_word' id='word_1_206' title='bbox 1029 2986 1064 3042; x_wconf 93' lang='lat' dir='ltr'>et</span> <span class='ocrx_word' id='word_1_207' title='bbox 1083 2979 1228 3046; x_wconf 81' lang='lat' dir='ltr'>Huwisie</span> <span class='ocrx_word' id='word_1_208' title='bbox 1247 2980 1289 3044; x_wconf 93' lang='lat' dir='ltr'>de</span> <span class='ocrx_word' id='word_1_209' title='bbox 1308 2980 1447 3067; x_wconf 82' lang='lat' dir='ltr'>Quenoy</span> 
     </span>
     <span class='ocr_line' id='line_1_26' title="bbox 333 3081 1449 3171; baseline -0.001 -21"><span class='ocrx_word' id='word_1_210' title='bbox 333 3084 433 3150; x_wconf 79' lang='lat' dir='ltr'>hebet</span> <span class='ocrx_word' id='word_1_211' title='bbox 454 3083 663 3171; x_wconf 84' lang='lat' dir='ltr'>Bullingbroo</span> <span class='ocrx_word' id='word_1_212' title='bbox 684 3105 758 3164; x_wconf 84' lang='lat' dir='ltr'>oum</span> <span class='ocrx_word' id='word_1_213' title='bbox 779 3081 852 3147; x_wconf 83' lang='lat' dir='ltr'>eliis</span> <span class='ocrx_word' id='word_1_214' title='bbox 872 3082 975 3160; x_wconf 89' lang='lat' dir='ltr'>terris,</span> <span class='ocrx_word' id='word_1_215' title='bbox 995 3091 1030 3147; x_wconf 89' lang='lat' dir='ltr'>et</span> <span class='ocrx_word' id='word_1_216' title='bbox 1050 3105 1161 3148; x_wconf 88' lang='lat' dir='ltr'>omnes</span> <span class='ocrx_word' id='word_1_217' title='bbox 1179 3083 1215 3147; x_wconf 93' lang='lat' dir='ltr'>in</span> <span class='ocrx_word' id='word_1_218' title='bbox 1234 3083 1396 3160; x_wconf 77' lang='lat' dir='ltr'>terraneis,</span> <span class='ocrx_word' id='word_1_219' title='bbox 1411 3095 1449 3149; x_wconf 85' lang='lat' dir='ltr'>et</span> 
     </span>
     <span class='ocr_line' id='line_1_27' title="bbox 332 3186 1447 3275; baseline 0 -21"><span class='ocrx_word' id='word_1_220' title='bbox 332 3189 419 3254; x_wconf 92' lang='lat' dir='ltr'>unde</span> <span class='ocrx_word' id='word_1_221' title='bbox 439 3195 558 3275; x_wconf 88' lang='lat' dir='ltr'>petunt</span> <span class='ocrx_word' id='word_1_222' title='bbox 578 3187 620 3252; x_wconf 84' lang='lat' dir='ltr'>eb</span> <span class='ocrx_word' id='word_1_223' title='bbox 640 3186 752 3253; x_wconf 86' lang='lat' dir='ltr'>eodem</span> <span class='ocrx_word' id='word_1_224' title='bbox 774 3187 903 3254; x_wconf 81' lang='lat' dir='ltr'>Gemite</span> <span class='ocrx_word' id='word_1_225' title='bbox 924 3186 1050 3253; x_wconf 88' lang='lat' dir='ltr'>Oestn&#39;e</span> <span class='ocrx_word' id='word_1_226' title='bbox 1068 3187 1103 3252; x_wconf 91' lang='lat' dir='ltr'>id</span> <span class='ocrx_word' id='word_1_227' title='bbox 1121 3188 1208 3275; x_wconf 91' lang='lat' dir='ltr'>quod</span> <span class='ocrx_word' id='word_1_228' title='bbox 1226 3187 1274 3253; x_wconf 85' lang='lat' dir='ltr'>eis</span> <span class='ocrx_word' id='word_1_229' title='bbox 1291 3187 1385 3254; x_wconf 87' lang='lat' dir='ltr'>deest</span> <span class='ocrx_word' id='word_1_230' title='bbox 1405 3189 1447 3255; x_wconf 95' lang='lat' dir='ltr'>de</span> 
     </span>
     <span class='ocr_line' id='line_1_28' title="bbox 333 3292 1448 3380; baseline 0 -21"><span class='ocrx_word' id='word_1_231' title='bbox 333 3292 520 3359; x_wconf 77' lang='lat' dir='ltr'>racionabili</span> <span class='ocrx_word' id='word_1_232' title='bbox 534 3300 627 3379; x_wconf 84' lang='lat' dir='ltr'>purte</span> <span class='ocrx_word' id='word_1_233' title='bbox 642 3292 785 3378; x_wconf 89' lang='lat' dir='ltr'>ipsorum</span> <span class='ocrx_word' id='word_1_234' title='bbox 806 3315 870 3379; x_wconf 88' lang='lat' dir='ltr'>que</span> <span class='ocrx_word' id='word_1_235' title='bbox 890 3315 944 3358; x_wconf 88' lang='lat' dir='ltr'>eos</span> <span class='ocrx_word' id='word_1_236' title='bbox 958 3292 1120 3380; x_wconf 75' lang='lat' dir='ltr'>contingit</span> <span class='ocrx_word' id='word_1_237' title='bbox 1134 3292 1176 3358; x_wconf 92' lang='lat' dir='ltr'>de</span> <span class='ocrx_word' id='word_1_238' title='bbox 1190 3292 1374 3358; x_wconf 79' lang='lat' dir='ltr'>hereditate</span> <span class='ocrx_word' id='word_1_239' title='bbox 1388 3294 1448 3360; x_wconf 82' lang='lat' dir='ltr'>ills</span> 
     </span>
     <span class='ocr_line' id='line_1_29' title="bbox 332 3397 690 3464; baseline -0.003 -1"><span class='ocrx_word' id='word_1_240' title='bbox 332 3398 368 3463; x_wconf 93' lang='lat' dir='ltr'>in</span> <span class='ocrx_word' id='word_1_241' title='bbox 382 3397 539 3463; x_wconf 84' lang='lat' dir='ltr'>comitatu</span> <span class='ocrx_word' id='word_1_242' title='bbox 556 3397 690 3464; x_wconf 83' lang='lat' dir='ltr'>Oestn&#39;e.</span> 
     </span>
    </p>

    <p class='ocr_par' dir='ltr' id='par_1_6' title="bbox 333 3499 1448 4112">
     <span class='ocr_line' id='line_1_30' title="bbox 399 3499 1447 3588; baseline 0.005 -23"><span class='ocrx_word' id='word_1_243' title='bbox 399 3501 443 3566; x_wconf 86' lang='lat' dir='ltr'>Et</span> <span class='ocrx_word' id='word_1_244' title='bbox 466 3500 582 3567; x_wconf 82' lang='lat' dir='ltr'>Comes</span> <span class='ocrx_word' id='word_1_245' title='bbox 607 3499 732 3566; x_wconf 83' lang='lat' dir='ltr'>Oestrie</span> <span class='ocrx_word' id='word_1_246' title='bbox 756 3521 816 3588; x_wconf 90' lang='lat' dir='ltr'>per</span> <span class='ocrx_word' id='word_1_247' title='bbox 838 3509 1039 3567; x_wconf 83' lang='lat' dir='ltr'>ettometum</span> <span class='ocrx_word' id='word_1_248' title='bbox 1065 3525 1161 3567; x_wconf 88' lang='lat' dir='ltr'>suum</span> <span class='ocrx_word' id='word_1_249' title='bbox 1185 3502 1280 3567; x_wconf 91' lang='lat' dir='ltr'>uenit</span> <span class='ocrx_word' id='word_1_250' title='bbox 1302 3511 1338 3568; x_wconf 91' lang='lat' dir='ltr'>et</span> <span class='ocrx_word' id='word_1_251' title='bbox 1364 3502 1447 3570; x_wconf 85' lang='lat' dir='ltr'>dicit</span> 
     </span>
     <span class='ocr_line' id='line_1_31' title="bbox 333 3604 1446 3694; baseline 0.001 -22"><span class='ocrx_word' id='word_1_252' title='bbox 333 3606 419 3694; x_wconf 93' lang='lat' dir='ltr'>quod</span> <span class='ocrx_word' id='word_1_253' title='bbox 441 3629 505 3670; x_wconf 92' lang='lat' dir='ltr'>non</span> <span class='ocrx_word' id='word_1_254' title='bbox 528 3605 626 3670; x_wconf 85' lang='lat' dir='ltr'>debet</span> <span class='ocrx_word' id='word_1_255' title='bbox 647 3604 689 3670; x_wconf 86' lang='lat' dir='ltr'>ad</span> <span class='ocrx_word' id='word_1_256' title='bbox 711 3605 771 3671; x_wconf 89' lang='lat' dir='ltr'>hoo</span> <span class='ocrx_word' id='word_1_257' title='bbox 793 3605 893 3671; x_wconf 91' lang='lat' dir='ltr'>breue</span> <span class='ocrx_word' id='word_1_258' title='bbox 914 3606 1107 3693; x_wconf 90' lang='lat' dir='ltr'>respondere</span> <span class='ocrx_word' id='word_1_259' title='bbox 1125 3629 1185 3672; x_wconf 89' lang='lat' dir='ltr'>neo</span> <span class='ocrx_word' id='word_1_260' title='bbox 1204 3607 1246 3672; x_wconf 82' lang='lat' dir='ltr'>ad</span> <span class='ocrx_word' id='word_1_261' title='bbox 1266 3609 1446 3673; x_wconf 90' lang='lat' dir='ltr'>summoni-</span> 
     </span>
     <span class='ocr_line' id='line_1_32' title="bbox 333 3710 1447 3800; baseline 0.002 -23"><span class='ocrx_word' id='word_1_262' title='bbox 333 3711 457 3777; x_wconf 81' lang='lat' dir='ltr'>oionem</span> <span class='ocrx_word' id='word_1_263' title='bbox 472 3711 568 3776; x_wconf 84' lang='lat' dir='ltr'>istem</span> <span class='ocrx_word' id='word_1_264' title='bbox 583 3711 661 3796; x_wconf 83' lang='lat' dir='ltr'>quie</span> <span class='ocrx_word' id='word_1_265' title='bbox 676 3710 768 3776; x_wconf 91' lang='lat' dir='ltr'>Dom.</span> <span class='ocrx_word' id='word_1_266' title='bbox 786 3710 903 3778; x_wconf 80' lang='lat' dir='ltr'>Comes</span> <span class='ocrx_word' id='word_1_267' title='bbox 922 3733 987 3776; x_wconf 90' lang='lat' dir='ltr'>non</span> <span class='ocrx_word' id='word_1_268' title='bbox 1007 3712 1081 3776; x_wconf 90' lang='lat' dir='ltr'>uult</span> <span class='ocrx_word' id='word_1_269' title='bbox 1100 3712 1243 3798; x_wconf 74' lang='lat' dir='ltr'>aliquam</span> <span class='ocrx_word' id='word_1_270' title='bbox 1257 3713 1447 3800; x_wconf 84' lang='lat' dir='ltr'>reoolligere</span> 
     </span>
     <span class='ocr_line' id='line_1_33' title="bbox 333 3814 1447 3884; baseline 0.003 -4"><span class='ocrx_word' id='word_1_271' title='bbox 333 3815 619 3880; x_wconf 88' lang='lat' dir='ltr'>summonioionem</span> <span class='ocrx_word' id='word_1_272' title='bbox 639 3814 680 3880; x_wconf 93' lang='lat' dir='ltr'>de</span> <span class='ocrx_word' id='word_1_273' title='bbox 700 3814 795 3881; x_wconf 85' lang='lat' dir='ltr'>terris</span> <span class='ocrx_word' id='word_1_274' title='bbox 814 3823 849 3880; x_wconf 87' lang='lat' dir='ltr'>et</span> <span class='ocrx_word' id='word_1_275' title='bbox 869 3817 1066 3882; x_wconf 87' lang='lat' dir='ltr'>tenementis</span> <span class='ocrx_word' id='word_1_276' title='bbox 1085 3816 1120 3881; x_wconf 93' lang='lat' dir='ltr'>in</span> <span class='ocrx_word' id='word_1_277' title='bbox 1140 3817 1298 3882; x_wconf 81' lang='lat' dir='ltr'>eomitetu</span> <span class='ocrx_word' id='word_1_278' title='bbox 1317 3817 1447 3884; x_wconf 76' lang='lat' dir='ltr'>Cestrie</span> 
     </span>
     <span class='ocr_line' id='line_1_34' title="bbox 334 3919 1448 4008; baseline 0.002 -22"><span class='ocrx_word' id='word_1_279' title='bbox 334 3944 397 4008; x_wconf 88' lang='lat' dir='ltr'>que</span> <span class='ocrx_word' id='word_1_280' title='bbox 423 3921 509 3986; x_wconf 84' lang='lat' dir='ltr'>fecte</span> <span class='ocrx_word' id='word_1_281' title='bbox 532 3920 575 3985; x_wconf 92' lang='lat' dir='ltr'>sit</span> <span class='ocrx_word' id='word_1_282' title='bbox 598 3919 677 3986; x_wconf 81' lang='lat' dir='ltr'>olibi</span> <span class='ocrx_word' id='word_1_283' title='bbox 700 3929 792 3985; x_wconf 81' lang='lat' dir='ltr'>extre</span> <span class='ocrx_word' id='word_1_284' title='bbox 815 3920 1007 3985; x_wconf 86' lang='lat' dir='ltr'>oomitetum</span> <span class='ocrx_word' id='word_1_285' title='bbox 1034 3921 1168 3999; x_wconf 82' lang='lat' dir='ltr'>Oestrr&#39;e,</span> <span class='ocrx_word' id='word_1_286' title='bbox 1193 3930 1229 3986; x_wconf 90' lang='lat' dir='ltr'>et</span> <span class='ocrx_word' id='word_1_287' title='bbox 1253 3921 1338 3987; x_wconf 87' lang='lat' dir='ltr'>bene</span> <span class='ocrx_word' id='word_1_288' title='bbox 1364 3921 1448 3988; x_wconf 88' lang='lat' dir='ltr'>dicit</span> 
     </span>
     <span class='ocr_line' id='line_1_35' title="bbox 334 4023 1447 4112; baseline 0.003 -22"><span class='ocrx_word' id='word_1_289' title='bbox 334 4024 420 4112; x_wconf 90' lang='lat' dir='ltr'>quod</span> <span class='ocrx_word' id='word_1_290' title='bbox 435 4023 534 4090; x_wconf 90' lang='lat' dir='ltr'>breue</span> <span class='ocrx_word' id='word_1_291' title='bbox 549 4024 643 4091; x_wconf 85' lang='lat' dir='ltr'>Dour.</span> <span class='ocrx_word' id='word_1_292' title='bbox 659 4023 759 4112; x_wconf 84' lang='lat' dir='ltr'>Regis</span> <span class='ocrx_word' id='word_1_293' title='bbox 773 4047 839 4089; x_wconf 91' lang='lat' dir='ltr'>non</span> <span class='ocrx_word' id='word_1_294' title='bbox 853 4024 954 4090; x_wconf 88' lang='lat' dir='ltr'>currit</span> <span class='ocrx_word' id='word_1_295' title='bbox 974 4026 1009 4090; x_wconf 93' lang='lat' dir='ltr'>in</span> <span class='ocrx_word' id='word_1_296' title='bbox 1029 4025 1175 4112; x_wconf 85' lang='lat' dir='ltr'>predicto</span> <span class='ocrx_word' id='word_1_297' title='bbox 1195 4027 1353 4092; x_wconf 81' lang='lat' dir='ltr'>comitatu</span> <span class='ocrx_word' id='word_1_298' title='bbox 1375 4051 1447 4106; x_wconf 85' lang='lat' dir='ltr'>suo,</span> 
     </span>
    </p>
   </div>
   <div class='ocr_carea' id='block_1_4' title="bbox 335 4128 1448 4218">
    <p class='ocr_par' dir='ltr' id='par_1_7' title="bbox 335 4128 1448 4218">
     <span class='ocr_line' id='line_1_36' title="bbox 335 4128 1448 4218; baseline 0.001 -22"><span class='ocrx_word' id='word_1_299' title='bbox 335 4153 395 4196; x_wconf 88' lang='lat' dir='ltr'>neo</span> <span class='ocrx_word' id='word_1_300' title='bbox 417 4129 492 4195; x_wconf 91' lang='lat' dir='ltr'>uult</span> <span class='ocrx_word' id='word_1_301' title='bbox 514 4128 556 4194; x_wconf 82' lang='lat' dir='ltr'>ed</span> <span class='ocrx_word' id='word_1_302' title='bbox 579 4129 660 4195; x_wconf 79' lang='lat' dir='ltr'>tales</span> <span class='ocrx_word' id='word_1_303' title='bbox 683 4129 954 4195; x_wconf 87' lang='lat' dir='ltr'>summonioiones</span> <span class='ocrx_word' id='word_1_304' title='bbox 974 4129 1176 4216; x_wconf 87' lang='lat' dir='ltr'>respondere,</span> <span class='ocrx_word' id='word_1_305' title='bbox 1189 4139 1241 4196; x_wconf 92' lang='lat' dir='ltr'>set</span> <span class='ocrx_word' id='word_1_306' title='bbox 1254 4132 1343 4217; x_wconf 90' lang='lat' dir='ltr'>petit</span> <span class='ocrx_word' id='word_1_307' title='bbox 1357 4132 1448 4218; x_wconf 90' lang='lat' dir='ltr'>quod</span> 
     </span>
    </p>
   </div>
   <div class='ocr_carea' id='block_1_5' title="bbox 367 4264 1449 4513">
    <p class='ocr_par' dir='ltr' id='par_1_8' title="bbox 367 4264 1449 4513">
     <span class='ocr_line' id='line_1_37' title="bbox 367 4264 1447 4379; baseline 0.004 -63"><span class='ocrx_word' id='word_1_308' title='bbox 367 4265 379 4362; x_wconf 53' lang='grc' dir='ltr'>ζ</span> <span class='ocrx_word' id='word_1_309' title='bbox 395 4264 494 4379; x_wconf 55' lang='lat' dir='ltr'>SnpRly</span> <span class='ocrx_word' id='word_1_310' title='bbox 505 4267 533 4316; x_wconf 82' lang='lat' dir='ltr'>iu</span> <span class='ocrx_word' id='word_1_311' title='bbox 544 4267 628 4316; x_wconf 81' lang='lat' dir='ltr'>rudem</span> <span class='ocrx_word' id='word_1_312' title='bbox 640 4267 752 4324; x_wconf 75' lang='lat' dir='ltr'>ecclesio,</span> <span class='ocrx_word' id='word_1_313' title='bbox 765 4266 797 4315; x_wconf 78' lang='lat' dir='ltr'>A.</span> <span class='ocrx_word' id='word_1_314' title='bbox 945 4266 956 4299; x_wconf 76' lang='lat'>⁸</span> <span class='ocrx_word' id='word_1_315' title='bbox 973 4265 1044 4316; x_wconf 82' lang='lat' dir='ltr'>John</span> <span class='ocrx_word' id='word_1_316' title='bbox 1056 4267 1142 4343; x_wconf 44' lang='lat' dir='ltr'>Soot·</span> <span class='ocrx_word' id='word_1_317' title='bbox 1160 4267 1196 4315; x_wconf 81' lang='lat' dir='ltr'>As</span> <span class='ocrx_word' id='word_1_318' title='bbox 1211 4269 1240 4317; x_wconf 81' lang='lat' dir='ltr'>to</span> <span class='ocrx_word' id='word_1_319' title='bbox 1256 4267 1302 4318; x_wconf 82' lang='lat' dir='ltr'>tho</span> <span class='ocrx_word' id='word_1_320' title='bbox 1318 4269 1447 4332; x_wconf 70' lang='lat' dir='ltr'>punition</span> 
     </span>
     <span class='ocr_line' id='line_1_38' title="bbox 368 4331 1449 4513; baseline 0.006 -66"><span class='ocrx_word' id='word_1_321' title='bbox 368 4394 380 4494; x_wconf 54' lang='grc' dir='ltr'><strong>Ξ</strong></span> <span class='ocrx_word' id='word_1_322' title='bbox 394 4331 550 4513; x_wconf 41' lang='lat' dir='ltr'>&amp;siff</span> <span class='ocrx_word' id='word_1_323' title='bbox 562 4410 663 4448; x_wconf 79' lang='lat' dir='ltr'>oonsee.</span> <span class='ocrx_word' id='word_1_324' title='bbox 675 4397 768 4448; x_wconf 71' lang='lat' dir='ltr'>Mune</span> <span class='ocrx_word' id='word_1_325' title='bbox 780 4397 852 4447; x_wconf 71' lang='lat'>1235.</span> <span class='ocrx_word' id='word_1_326' title='bbox 912 4332 1013 4448; x_wconf 58' lang='lat' dir='ltr'>iimiri</span> <span class='ocrx_word' id='word_1_327' title='bbox 1022 4331 1358 4464; x_wconf 44' lang='lat' dir='ltr'>se‘daiiirtini’iririltidietji.</span> <span class='ocrx_word' id='word_1_328' title='bbox 1371 4336 1449 4454; x_wconf 40' lang='lat' dir='ltr'>&amp;a</span> 
     </span>
    </p>
   </div>
   <div class='ocr_carea' id='block_1_6' title="bbox 0 0 1594 5075">
    <p class='ocr_par' dir='ltr' id='par_1_9' title="bbox 0 0 1594 5075">
     <span class='ocr_line' id='line_1_39' title="bbox 0 0 1594 5075; baseline 0 0"><span class='ocrx_word' id='word_1_329' title='bbox 0 0 1594 5075; x_wconf 95' lang='lat' dir='ltr'> </span> 
     </span>
    </p>
   </div>
  </div>
 </body>
</html>
