3167 5075
401 400 543 462 nicias,
568 388 836 462 an.1226,i.a.
861 390 911 452 10.
1153 391 1215 451 543

121 571 310 657 presentauit
325 571 477 636 ultimam
492 595 662 658 personam
683 597 747 661 que
768 583 897 641 mortua
917 586 967 642 est
987 577 1029 643 ad
1050 577 1217 643 ecclesiam

121 677 157 741 de
170 677 386 765 Eggestomia‚
400 701 464 764 que
479 687 576 743 uacat
590 685 661 756 etc,
678 679 772 744 cuius
790 679 1037 745 adnocacionem
1058 680 1218 745 Radulfus

121 782 216 848 Morin
229 782 348 847 clamat
363 805 476 848 uersus
497 782 675 848 Radulfum
695 784 801 849 filium
821 785 979 850 Bemardi
1000 793 1034 849 et
1055 784 1086 850 S.
1103 783 1218 850 Archi·

120 888 294 974 episcopum
311 887 603 952 Cantuariensem².
650 889 694 953 Et
714 889 877 954 Radulfus
897 889 991 954 uenit
1002 911 1061 974 per
1075 895 1219 953 attoma-

119 1000 183 1057 tum
197 988 230 1057 et
244 993 328 1058 bene
343 993 499 1058 concessit
515 993 656 1058 assisam.

177 1093 218 1157 Et
232 1094 327 1160 Dom.
342 1095 587 1160 Cantuariensis
602 1103 699 1161 uocat
713 1095 756 1161 ad
772 1105 952 1164 warantum
973 1097 1161 1162 Priorissam
1177 1097 1218 1162 de

119 1197 297 1276 Harewode,
321 1207 356 1264 st
382 1221 445 1284 que
472 1199 503 1264 ei
530 1200 728 1278 warantizat
751 1210 786 1266 et
812 1202 892 1267 dicit
919 1203 1005 1289 quod
1028 1203 1129 1267 assisa
1153 1223 1219 1266 non

118 1299 207 1364 debet
220 1300 297 1365 inde
318 1301 397 1379 fieri,
411 1302 490 1387 quia
509 1303 581 1388 ipsa
601 1312 636 1367 et
655 1304 812 1369 moniales
832 1327 889 1370 sue
910 1305 1033 1370 habent
1052 1305 1219 1370 eeclesiam

116 1403 198 1468 illam
212 1427 252 1468 ex
268 1404 352 1469 dono
367 1405 498 1470 Radulfi
519 1406 626 1470 Morin
645 1406 749 1491 patris
770 1407 873 1492 ipsius
894 1409 1032 1474 Radulfi.
1077 1411 1123 1474 Et
1143 1409 1219 1474 inde

116 1507 228 1591 profert
256 1516 382 1572 cartam
411 1507 514 1593 ipsius
544 1508 677 1572 Radulfi
707 1531 770 1595 que
801 1511 922 1575 donum
951 1511 1034 1576 illud
1069 1521 1218 1578 testatur.

118 1611 234 1676 Profert
263 1611 367 1676 eciam
397 1611 524 1676 litteras
553 1621 705 1698 patentes
734 1613 836 1699 ipsius
865 1616 993 1680 Radulfi
1025 1616 1127 1702 patris
1156 1639 1220 1702 qus

117 1724 274 1781 testantur
288 1716 374 1801 quod
393 1716 597 1802 presentauit
617 1717 680 1802 ipsi
701 1718 860 1805 Episcopo
882 1718 1044 1806 predictas
1065 1721 1220 1786 moniales

116 1819 153 1883 ad
166 1819 334 1885 ecclesiam
348 1821 446 1886 illam.

175 1923 400 1988 EtRadulfus
421 1922 608 2010 dicitquod
630 1933 718 1989 carte
740 1925 795 1989 ille
818 1947 883 1990 non
905 1924 1027 1991 debent
1050 1926 1081 1990 ei
1105 1949 1219 1992 nocere

115 2049 169 2092 nec
195 2026 394 2092 monialibus
422 2028 542 2105 ualere,
571 2027 649 2114 quia
677 2037 751 2114 post
780 2037 886 2093 cartas
915 2028 988 2093 illas
1016 2029 1220 2115 presentauit

115 2129 269 2195 Radulfus
292 2137 388 2215 pater
409 2151 488 2194 suus
510 2130 685 2215 quemdam
708 2131 901 2196 Michaelem
925 2131 1076 2196 clericum
1099 2133 1156 2218 qui
1178 2133 1220 2198 ad

115 2234 387 2319 presentacionem
402 2256 495 2300 suam
510 2235 575 2300 fuit
594 2235 762 2313 admissus,
779 2245 813 2302 et
829 2246 977 2322 preterca
994 2238 1049 2302 ille
1065 2238 1220 2303 moniales
1341 2237 1343 2242 ’

115 2361 277 2425 nunquam
301 2337 427 2424 aliquid
447 2338 634 2404 habuerunt
656 2339 692 2404 in
714 2341 849 2405 ecclesia
868 2341 925 2407 illa
944 2365 1003 2428 per
1023 2353 1128 2408 cartas
1148 2343 1220 2408 illas
1332 2349 1335 2354 ’

115 2442 173 2506 nisi
186 2451 321 2506 tantum
335 2463 394 2528 per
411 2441 519 2526 ipsum
539 2442 828 2529 Archiepiscopum
849 2445 905 2530 qui
928 2445 1123 2510 auctoritate
1145 2469 1220 2510 con·

115 2545 177 2609 eilii
199 2545 343 2611 contulit
365 2545 412 2609 eis
434 2545 564 2609 nomine
586 2547 750 2631 pensionis
772 2558 807 2613 et
830 2549 959 2615 nomine
982 2550 1132 2615 beneficii
1154 2560 1221 2616 tres

116 2671 232 2715 marcas
245 2670 381 2714 annuas
426 2650 471 2713 Et
485 2649 561 2714 inde
576 2651 698 2735 profert
718 2660 841 2716 cartam
860 2652 961 2739 ipsius
976 2653 1220 2741 Archiepiscopi

115 2776 173 2839 que
188 2755 248 2819 hoc
265 2762 415 2819 testatur.

172 2860 218 2923 Et
232 2880 334 2944 super
348 2857 408 2922 hoc
422 2858 516 2922 uenit
531 2857 692 2925 Radulfus
710 2858 797 2922 lilius
817 2858 975 2923 Bernardi
989 2868 1023 2923 ct
1038 2860 1118 2925 dicit
1133 2860 1220 2947 quod

115 2960 249 3027 Thomas
265 2962 355 3026 filius
366 2961 524 3027 Bemardi
537 2971 721 3028 antecessor
731 2964 1021 3048 suuspresentauit
1036 2962 1217 3050 predictum

115 3066 305 3133 llichaelem
320 3063 363 3129 ad
382 3064 519 3130 eandem
540 3065 708 3129 ecclesiam
727 3073 900 3151 postquam
922 3066 1056 3130 dederat
1079 3065 1219 3130 Radulfo

114 3170 215 3235 Morin
236 3170 328 3257 patri
346 3177 467 3234 terram
489 3169 530 3234 de
551 3170 773 3256 Eggestornia,
793 3178 828 3233 et
848 3170 924 3234 inde
948 3170 1041 3256 ponit
1064 3192 1098 3235 se
1122 3192 1220 3255 super

114 3298 250 3341 assisam.

173 3380 218 3443 m
232 3376 397 3443 Radulfus
411 3375 517 3441 Morin
531 3376 612 3441 dicit
627 3376 714 3463 qnod
728 3376 817 3441 idem
837 3376 977 3441 Thomas
996 3375 1088 3441 dedit
1108 3398 1219 3442 mane·

112 3484 192 3551 rium
215 3484 402 3572 predictum
425 3505 500 3547 cum
524 3482 738 3547 aduocacione
762 3482 894 3547 ecclesie
918 3490 1045 3547 etcum
1070 3482 1219 3547 omnibus

112 3588 180 3653 aliis
202 3597 286 3676 pert.
313 3586 381 3651 suis
406 3585 548 3650 Radulfo
569 3585 677 3649 Morin
698 3585 785 3671 patri
812 3606 879 3662 suo,
902 3584 960 3671 qui
989 3585 1129 3649 eundem
1156 3587 1218 3650 Mi-

113 3690 254 3756 chaelem
290 3688 495 3775 presentauit
524 3696 599 3774 post
627 3688 790 3773 predictas
820 3696 933 3764 cartas,
963 3696 997 3752 et
1026 3687 1103 3752 inde
1132 3687 1219 3773 petit

112 3794 270 3860 assisam'.

174 3897 218 3961 Et
237 3894 314 3961 ideo
334 3893 572 3959 consideratum
591 3900 642 3959 est
662 3892 749 3979 quod
769 3891 870 3957 assisa
889 3892 1042 3979 procedat
1057 3900 1091 3957 et
1107 3892 1219 3959 ueniat

113 4002 168 4067 tali
181 4002 237 4067 die
252 4000 297 4066 ad
311 3998 604 4085 recognoscendum
619 3998 650 4063 si
663 3999 824 4063 Radulfus
844 3998 951 4063 Morin
969 4006 1063 4085 pater
1081 3998 1219 4085 predicti

113 4104 241 4168 Radulfi
265 4100 470 4188 presentauit
490 4122 660 4187 personam
680 4100 723 4165 ad
742 4100 923 4187 predictam
943 4100 1109 4167 ecclesiam
1131 4112 1218 4189 post-

113 4230 207 4293 quam
222 4205 371 4294 predicte
386 4212 474 4269 oarte
489 4204 574 4269 facte
590 4205 722 4268 fitemnt
737 4204 790 4268 uel
806 4226 878 4268 non.

277 4404 559 4470 ¹Stephanaagton.
790 4407 1011 4472 ena-eseam.
