3167 5075
366 390 430 455 226
582 396 700 450 cornu
721 396 821 456 ansa
843 393 908 444 nn.
932 375 1092 455 rrae-7,
1112 392 1175 443 aa
1198 380 1248 443 21.

365 572 536 640 Matillidis
561 569 645 637 illud
669 569 716 634 eis
738 567 853 633 statim
875 565 999 643 reddat,
1022 572 1058 629 et
1082 564 1111 630 si
1132 565 1254 651 aliquid
1276 564 1321 630 sit
1346 564 1470 630 motum

365 686 478 745 contra
498 674 749 743 conuencionem
771 680 903 736 uastum
924 670 979 735 uel
1001 667 1091 734 aliud
1112 678 1285 756 postquam
1305 668 1395 735 inter
1415 691 1471 733 eos
1548 665 1549 740 l

365 782 518 847 conuenit
533 780 592 845 hoc
607 777 799 845 emendetur
814 785 875 839 etc.

431 886 462 951 J.
486 884 603 951 Comes
626 880 751 949 Oestrie
778 886 813 944 et
839 875 1078 964 Huntingdone
1099 876 1316 941 summonitus
1337 876 1402 941 fnit
1428 875 1471 941 ad
1548 892 1549 931 t

254 978 267 1009 ⁰
310 998 316 1009 '
367 988 626 1077 respondendum
641 983 776 1072 Hugoni
796 983 837 1048 de
851 980 1040 1068 Albyninm,
1055 980 1105 1046 W.
1123 979 1245 1046 comiti
1258 979 1299 1045 de
1315 980 1472 1045 Ferrarii«

367 1102 402 1159 et
424 1092 547 1180 Agneti
567 1090 659 1157 uxori
679 1089 749 1153 eins
771 1096 807 1151 et
829 1086 972 1151 Hawisie
995 1084 1167 1152 Comitisse
1188 1084 1355 1150 Linoolnie
1370 1108 1471 1172 quare
1548 1110 1549 1127 ¹

366 1196 521 1262 deforciat
536 1195 583 1260 eis
597 1190 825 1258 racionabilem
840 1198 967 1275 partem
981 1210 1074 1253 suam
1088 1210 1152 1274 que
1172 1210 1226 1253 eos
1245 1188 1406 1275 contingit
1429 1188 1472 1253 de

368 1300 549 1365 hereditate
569 1296 724 1363 Rannulfi
746 1293 909 1381 quondam
932 1291 1069 1359 Comitis
1091 1290 1217 1358 Oestrie
1237 1299 1274 1357 et
1294 1291 1382 1357 unde
1400 1290 1473 1377 ipse
1548 1287 1549 1290 ’

367 1402 450 1467 obiit
469 1401 599 1467 seisitus
618 1400 653 1463 in
673 1398 831 1463 comitatu
853 1396 979 1462 Oestrie
998 1394 1203 1481 computata*
1222 1404 1332 1459 tamen
1346 1394 1471 1459 eisdem

368 1504 511 1592 Hugoni,
525 1503 699 1579 Willelmo,
721 1500 846 1587 Agneti
867 1507 902 1565 et
924 1498 1068 1563 Hawisie
1089 1506 1182 1585 parte
1204 1520 1264 1564 sua
1284 1498 1474 1563 racionabili

367 1608 409 1674 de
429 1615 516 1672 terra
537 1628 634 1692 quam
657 1627 744 1669 nunc
766 1610 882 1668 tenent
901 1602 981 1668 alibi
1001 1602 1041 1666 de
1062 1601 1244 1667 hereditate
1259 1601 1389 1684 eadem..
1428 1601 1473 1665 Et

369 1709 485 1777 Comes
503 1708 583 1773 alias
602 1706 768 1793 respondit
786 1704 874 1793 quod
893 1705 1000 1770 noluit
1018 1704 1061 1769 ad
1080 1703 1142 1769 hoc
1161 1702 1277 1769 breue⁸
1297 1704 1361 1768 nisi
1381 1704 1475 1769 curia
1548 1688 1549 1709 ¹

368 1811 618 1880 considerauerit
648 1819 683 1875 et
711 1810 781 1874 sine
810 1808 1067 1874 consideracione
1096 1807 1225 1892 parium
1253 1829 1384 1873 suorum
1413 1830 1475 1893 per
1548 1795 1549 1818 ³

368 1917 654 1984 summonitionem
676 1916 797 1979 factam
818 1914 854 1977 in
875 1912 1033 1978 comitatu
1055 1912 1303 1998 Norhamptone
1321 1919 1357 1976 et
1376 1911 1474 1975 terris
1548 1937 1549 2008 p

368 2031 403 2089 et
424 2020 490 2087 ton'
513 2020 601 2087 Oom’
627 2018 747 2086 Cestr’‘
770 2018 829 2083 ubi
853 2017 967 2083 breuia
991 2018 1084 2081 Dum
1109 2016 1209 2102 Regis
1232 2037 1298 2080 non
1326 2023 1473 2080 currunt
1548 2067 1549 2074 ,

369 2126 413 2190 Et
428 2124 568 2211 quisita
581 2122 740 2187 usitatum
756 2129 807 2186 est
822 2120 989 2206 hucusque
1004 2118 1091 2205 quod
1110 2141 1203 2205 pares
1222 2118 1275 2185 sui
1294 2118 1400 2185 etalii
1415 2117 1473 2204 qui

368 2228 536 2293 libertates
562 2226 684 2291 babent
707 2224 890 2289 consimiles
911 2224 997 2289 sicut
1019 2223 1197 2310 Episcopus
1218 2223 1473 2289 Dunholmensis

368 2340 403 2397 et
433 2330 548 2398 Comes
578 2329 786 2395 Marescallus
814 2328 1010 2415 respondent
1033 2329 1074 2394 de
1098 2328 1193 2394 terris
1216 2337 1251 2394 et
1276 2328 1472 2393 tenementis

368 2433 453 2500 infra
467 2433 634 2498 libertates
653 2454 728 2496 suas
748 2453 806 2517 per
824 2432 1095 2497 summoniciones
1109 2431 1210 2497 factas
1224 2432 1266 2497 ad
1281 2439 1385 2497 terras
1397 2454 1472 2497 suas

370 2548 405 2606 et
434 2546 622 2604 tenementa
647 2545 740 2602 extra
769 2535 938 2602 libertates
962 2560 1046 2615 suas,
1068 2537 1141 2603 ideo
1162 2537 1402 2603 consideratum
1423 2545 1473 2602 est

370 2643 457 2730 quod
471 2641 672 2729 respondeat.
720 2642 764 2706 Et
779 2642 896 2708 Comes
911 2640 992 2707 dicit
1007 2641 1093 2728 quod
1107 2663 1172 2706 non
1187 2642 1322 2707 uidetur
1335 2642 1368 2706 ei
1386 2640 1471 2728 quod

370 2747 489 2813 debeat
510 2745 552 2812 ad
574 2745 634 2810 hoc
662 2745 763 2811 breue
792 2743 985 2830 respondere
1013 2744 1084 2809 sine
1110 2744 1284 2811 comitissa
1307 2744 1472 2810 Linoolnie

370 2874 434 2939 que
457 2859 508 2916 est
527 2850 688 2936 particeps
703 2847 922 2935 predictorum
937 2847 1097 2934 Hugonis
1112 2848 1270 2914 Willelmi
1283 2859 1320 2915 et
1333 2849 1472 2937 Agnetis

370 2965 405 3021 et
428 2957 497 3021 sine
521 2979 586 3042 qua
608 2955 671 3042 ipsi
696 2978 761 3020 non
784 2954 907 3020 debent
930 2953 1037 3020 audiri
1065 2977 1140 3021 cum
1169 2955 1236 3020 sint
1265 2957 1360 3042 quasi
1387 2976 1471 3020 unus

369 3060 470 3125 heres
515 3059 559 3124 Et
574 3059 651 3145 quia
666 3059 841 3126 comitissa
854 3058 1053 3124 summonita
1066 3059 1130 3123 fuit
1143 3067 1178 3124 et
1192 3059 1242 3124 ita
1254 3058 1343 3145 quod
1357 3056 1471 3122 babuit

369 3164 457 3229 diem
485 3163 521 3228 in
550 3163 639 3229 curia
668 3175 841 3250 postquam
875 3163 1057 3249 comparuit
1091 3186 1150 3250 per
1177 3163 1470 3237 ammonicionem,

369 3265 605 3332 consideratum
629 3275 679 3331 est
703 3266 790 3353 quod
812 3266 869 3331 alii
892 3289 958 3331 non
981 3266 1203 3353 impediantur
1226 3267 1269 3332 de
1292 3277 1385 3354 parte
1412 3287 1471 3330 sna

369 3369 519 3458 quamuis
528 3369 701 3437 comitissa
709 3370 803 3456 sequi
814 3371 963 3436 noluerit
1002 3370 1046 3435 Et
1060 3369 1134 3436 ideo
1147 3367 1302 3457 procedat
1315 3369 1469 3456 placitum

367 3473 410 3540 de
424 3473 497 3539 aliis
511 3481 547 3538 et
562 3471 669 3539 Com’³
681 3473 717 3537 in
732 3473 958 3538 misericordia

433 3577 551 3643 Postea
569 3578 663 3643 uenit
686 3577 804 3644 Cernes
825 3586 861 3644 ct
882 3578 964 3644 dicit
984 3578 1072 3666 quod
1092 3599 1159 3644 non
1180 3576 1315 3643 uidetur
1335 3577 1367 3644 ei
1384 3574 1469 3662 qnod

367 3681 487 3748 debeat
512 3702 618 3746 coram
643 3679 737 3747 Dom.
762 3682 852 3769 Rege
875 3682 1070 3769 respondere
1097 3705 1174 3748 cum
1202 3681 1360 3769 placitum
1387 3679 1469 3745 illud

368 3785 412 3850 eit
426 3805 604 3861 commune,
620 3792 655 3849 et
668 3783 729 3849 hoc
744 3793 795 3849 est
809 3784 981 3851 manifeste
995 3793 1108 3852 contra
1122 3786 1293 3850 libertates
1307 3803 1468 3850 concessas

368 3895 403 3953 et
428 3896 540 3952 contra
564 3895 687 3952 cartam
709 3887 804 3953 Dom.
831 3889 932 3976 Regis
957 3889 1044 3976 quod
1069 3889 1254 3955 communia
1278 3888 1398 3975 placita
1418 3909 1471 3951 ae-

402 4039 500 4088 ¹Gorr.
523 4041 612 4090 Norbt.
641 4039 693 4090 For
708 4056 780 4090 more
797 4041 827 4090 ol
845 4041 900 4091 this
974 4041 1074 4090 ‘Corn
1092 4039 1123 4089 de
1143 4042 1216 4089 terris
1234 4045 1260 4088 et
1283 4041 1421 4089 aucmentis
1439 4039 1471 4087 in

369 4107 465 4154 matter
474 4105 588 4155 seeCase
597 4106 660 4156 112⁷
669 4105 811 4157 andMS.t.
820 4107 899 4166 1831),
941 4109 1064 4156 maritam
1076 4106 1178 4156 Gertn'e.
1209 4103 1471 4154 ThaEarlhasboen

371 4169 454 4222 191b.
944 4168 1099 4220 summoned
1125 4169 1153 4218 in
1180 4168 1293 4218 another
1319 4173 1412 4231 county
1438 4173 1469 4217 to

403 4233 414 4266 ¹
430 4233 484 4282 The
495 4233 632 4284 claimants
643 4250 686 4285 are
697 4233 776 4298 ready
787 4237 815 4286 to
826 4235 901 4298 bring
943 4250 1044 4286 answer
1060 4233 1216 4296 eonceraing
1232 4233 1309 4285 nuda
1325 4235 1353 4284 in
1368 4233 1407 4283 his
1420 4247 1469 4296 pa·

370 4299 428 4350 into
450 4298 576 4362 hotehpot
598 4299 642 4350 the
661 4300 737 4351 landa
759 4300 818 4352 that
837 4301 901 4366 they
943 4301 1062 4352 latinate.

370 4363 442 4415 hold.
975 4365 987 4398 ⁸
1003 4364 1132 4428 Probably
1143 4365 1236 4413 Comes.

402 4429 414 4462 ³
431 4429 529 4494 Supply
539 4431 690 4492 respondere.
