3167 5075
425 441 563 503 mmm,
585 443 650 493 mo.
676 430 769 507 1225,
790 446 856 496 Am
878 432 906 496 9.
1156 436 1218 499 115

130 624 293 681 carucatam
310 624 394 682 torre
414 626 449 682 et
463 617 493 682 ei
507 616 586 683 data
600 618 664 683 fuit
678 641 752 685 oum
767 619 826 685 illo
839 630 988 687 mmoata
1001 630 1087 688 terre
1099 630 1134 688 et
1143 621 1220 687 inde

129 718 209 803 ponit
227 742 258 785 so
277 742 376 807 super
394 720 543 807 patriam,
558 729 592 787 ot
614 731 762 809 pretereo
783 723 864 790 dicit
886 724 972 811 quod
993 726 1028 790 in
1049 734 1143 812 prato
1163 725 1220 791 illo

129 834 268 909 oeperunt
290 826 403 891 ouerio
425 848 485 891 sua
508 835 543 891 et
564 827 747 913 prodicium
769 828 949 915 dampnum
968 830 1000 896 oi
1020 832 1166 897 focerunt
1185 840 1221 897 ot

128 926 194 993 inde
207 929 353 1016 producit·
367 940 489 997 sectam
505 939 564 997 eto.
586 930 591 1019 Ι

183 1033 223 1098 Et
242 1034 398 1101 Ricardus
418 1044 453 1101 et
472 1035 613 1101 Thomas
633 1058 691 1122 pro
711 1059 745 1102 so
766 1045 802 1102 eo
822 1037 977 1103 uxoribus
997 1039 1064 1104 suis
1084 1062 1221 1126 quarum

126 1136 185 1201 loco
198 1146 254 1203 oto.
269 1138 452 1205 defendunt
466 1148 579 1205 contra
593 1161 669 1204 eum
690 1148 725 1205 et
744 1149 857 1206 contra
877 1149 999 1207 sectam
1019 1164 1112 1208 suam
1134 1143 1221 1229 quod

125 1242 238 1308 nullum
252 1244 524 1331 impedimentum
540 1248 686 1311 fecerunt
701 1246 741 1313 de
762 1255 856 1333 proto
876 1247 932 1313 illo
954 1257 988 1313 et
1006 1249 1066 1314 hoo
1081 1250 1222 1314 offerunt

125 1354 176 1410 eto
219 1348 261 1413 Et
284 1349 359 1416 ideo
382 1350 620 1417 consideratum
644 1351 804 1438 estquod
827 1351 986 1417 Ricmdus
1008 1352 1162 1419 defendat
1187 1375 1222 1418 so

123 1446 170 1532 xij.
185 1471 279 1516 manu
294 1474 353 1539 pro
368 1476 466 1519 uxore
482 1454 552 1519 eius
567 1462 601 1519 et
617 1454 756 1519 Thomas
771 1454 922 1519 similitor
942 1463 977 1519 et
996 1456 1132 1521 ueniant
1147 1479 1222 1522 oum

124 1553 238 1641 legibus
266 1557 326 1622 tali
356 1557 408 1623 die
438 1567 498 1624 eto.
555 1558 600 1623 Et
629 1558 670 1624 do
700 1581 873 1625 communa
901 1567 1034 1645 posture
1063 1583 1128 1646 que
1157 1584 1222 1627 non

123 1658 297 1725 nominatur
318 1661 353 1727 in
375 1662 467 1727 breui
489 1662 560 1728 siuo
582 1662 617 1727 in
636 1670 726 1727 carta
745 1662 773 1727 si
792 1661 905 1728 Abbm
925 1662 1105 1729 dissoisitus
1122 1664 1222 1731 fuerit

123 1774 226 1847 querat
245 1766 345 1832 breue
365 1767 405 1832 de
424 1790 511 1833 noua
530 1766 699 1833 dissemina
717 1767 745 1832 si
762 1768 912 1845 uoluon't,
928 1776 963 1832 ot
978 1768 1054 1833 inde
1069 1768 1222 1835 recedant

123 1866 267 1936 Ricanius
282 1880 318 1937 et
333 1872 472 1937 Thomas
487 1871 556 1937 sine
571 1871 633 1937 die.

36 1982 90 2047 098.
181 1973 350 2061 Sauoque
365 1976 429 2040 suit
444 1975 1219 2064 uxorWillelmiBurnelperottomotumsuum
1316 2012 1349 2041 οι

122 2075 198 2160 potii
214 2099 324 2143 uersus
338 2078 518 2144 Roberoum
534 2079 656 2144 Bumel
675 2080 810 2145 terciam
830 2088 957 2167 partem
978 2079 1056 2145 uille
1075 2081 1115 2145 do
1132 2080 1221 2147 Oruk

122 2200 187 2244 cum
200 2190 278 2268 peri
295 2190 356 2248 eto.
372 2190 411 2247 ut
425 2183 536 2249 dotem
551 2206 642 2249 suam
662 2183 749 2249 unde
769 2184 935 2271 predictus
950 2183 1134 2250 Willelmus
1148 2206 1220 2249 eam

120 2281 237 2349 dotauit
251 2284 305 2351 die
323 2294 381 2351 eto

178 2387 218 2453 Et
238 2389 403 2455 Robertus
424 2390 518 2455 uenit
540 2398 575 2455 et
596 2390 676 2456 dicit
698 2390 783 2477 quod
806 2413 872 2456 non
893 2390 992 2457 debet
1014 2390 1090 2457 inde
1112 2389 1222 2456 dotem

120 2490 228 2559 habere
242 2494 323 2581 quia
335 2494 405 2581 ipse
420 2494 605 2561 Willelmus
619 2494 672 2560 uir
686 2517 764 2561 suus
778 2517 947 2582 nunquam
965 2503 1084 2560 terram
1105 2493 1222 2560 habuit

119 2597 189 2682 quia
216 2599 280 2664 fuit
310 2600 346 2664 in
376 2599 523 2665 custodia
548 2600 706 2666 Willelmi
730 2601 853 2665 Bruere
884 2623 958 2664 oum
984 2607 1071 2664 terra
1100 2620 1159 2664 sua
1187 2607 1222 2663 et

119 2702 238 2784 quondo
266 2703 333 2768 fuit
361 2702 402 2768 de
432 2703 533 2788 xviij0.
563 2726 649 2769 anno
683 2702 787 2768 exiuit
825 2702 865 2767 de
902 2702 1049 2768 custodia
1085 2703 1222 2790 predicti

120 2802 265 2872 Willelmi
280 2807 404 2872 Emere
426 2815 461 2872 et
476 2806 572 2872 duxit
587 2807 722 2872 eandem
739 2807 869 2872 Sarram
885 2807 919 2871 in
937 2829 1069 2871 uxorem
1086 2815 1120 2872 et
1140 2807 1222 2872 obiit

119 2916 284 2996 antequam
308 2919 428 2976 terram
455 2934 547 2978 suam
574 2911 717 2990 haberet,
741 2919 775 2976 et
800 2911 875 2976 ideo
900 2910 986 2998 petit
1011 2910 1168 2977 iudicium
1193 2912 1222 2976 si

119 3010 228 3079 debeat
241 3014 355 3080 dotem
370 3014 496 3080 habere.

177 3117 219 3182 Et
244 3119 344 3184 Sarra
367 3139 425 3204 per
451 3125 653 3183 ottomatum
679 3140 774 3183 suum
804 3117 885 3183 dicit
914 3118 1001 3204 quod
1029 3117 1223 3204 desponsata

119 3219 175 3286 fuit
199 3245 256 3308 per
278 3223 487 3288 uoluntatem
513 3220 661 3308 capitalis
686 3220 810 3286 domini
836 3229 871 3286 et
900 3221 986 3308 quod
1016 3221 1080 3286 fuit
1109 3220 1222 3287 dotata

119 3323 194 3392 siout
218 3329 310 3416 prius
337 3337 407 3407 eto,
431 3335 465 3393 et
490 3327 576 3414 petit
602 3327 664 3393 sibi
687 3327 817 3394 allooari
845 3327 931 3414 quod
957 3335 1079 3392 etatem
1105 3327 1222 3392 habuit

120 3432 237 3514 quando
251 3457 328 3500 eam
343 3432 560 3520 desponsauit.

176 3536 219 3602 m
239 3540 322 3625 quio
343 3538 506 3604 Robertus
527 3538 690 3625 cognoscit
712 3537 800 3625 quod
819 3535 1004 3601 Willelmus
1026 3537 1125 3601 frater
1143 3558 1221 3602 suus

121 3640 271 3721 quondam
303 3640 358 3707 uir
387 3643 482 3708 Sarro
512 3641 630 3707 habuit
655 3648 778 3707 etatem
802 3638 890 3727 xviij.
915 3661 1072 3704 annorum
1098 3647 1133 3704 et
1156 3663 1221 3704 non

120 3739 230 3810 dedicit
244 3746 334 3834 quod
349 3746 453 3833 ipsam
468 3747 620 3824 dotoeset,
635 3754 670 3812 et
684 3746 749 3811 fuit
764 3745 799 3810 in
814 3744 932 3810 seisina
951 3751 991 3808 ut
1009 3744 1065 3809 ille
1085 3744 1142 3830 qui
1157 3745 1221 3810 fuit

121 3843 151 3908 in
171 3851 340 3930 custodia¹,
360 3860 396 3917 ei
417 3851 565 3938 capitolio
587 3851 736 3916 dominus
758 3873 824 3915 non
846 3848 994 3937 queritur
1013 3849 1054 3914 de
1074 3871 1112 3914 eo
1134 3850 1221 3935 quod

119 3947 214 4035 ipsam
227 3954 333 4033 duxit,
349 3955 586 4022 consideratum
601 3963 651 4021 est
666 3955 753 4042 quod
772 3955 857 4020 bone
877 3953 987 4040 potuit
1006 3975 1078 4018 eam
1097 3952 1219 4034 dotare,

121 4053 1219 4147 enideosomrecuperauitseisinamsuameoRobertusinmiseri-

121 4159 226 4226 cordio

37 4263 89 4332 ⁰99.
179 4265 287 4334 Dauid
317 4269 358 4334 de
377 4269 596 4335 ⁴Saunrouillo
624 4268 710 4356 petit
738 4289 853 4333 uersus
881 4266 1076 4333 Nioholaum
1114 4267 1219 4332 filium
1272 4291 1341 4333 m

123 4365 247 4436 Henrioi
273 4396 374 4438 unam
400 4395 502 4440 carue.
525 4381 611 4439 terre
632 4395 707 4437 oum
729 4379 810 4459 pert.
833 4371 869 4436 in
892 4370 1083 4436 Godinestre
1107 4380 1146 4436 ut
1168 4372 1220 4436 ius

389 4501 399 4534 ¹
417 4501 471 4553 'l'ho
483 4499 948 4564 wordismisedmotihegmrdmn.

1047 4601 1133 4663 8-2
