3167 5075
323 392 385 457 186
537 406 655 455 θοιιιιι
679 407 776 470 enon,
798 408 863 458 an.
889 395 1048 471 1235-6,
1071 408 1136 459 ιιι
1158 396 1208 459 20.

321 580 512 647 uioeeomite
537 580 667 665 propria
691 581 886 646 auctoritate
911 580 1063 647 aeisinam
1088 603 1182 647 suam
1206 580 1315 647 minus
1338 579 1429 646 licite

321 691 570 769 usurpauerunt,
581 682 704 749 scilieet
719 683 883 750 Robertua
895 684 1017 750 fossata
1028 692 1065 750 et
1078 684 1241 772 quandam
1255 683 1428 772 grangiam

321 785 497 872 prostrauit
531 793 567 851 et
601 785 763 851 Henrieus
791 786 949 873 quasdam
982 787 1082 875 hayaa
1110 788 1286 855 combussit
1314 796 1429 853 eontra

321 910 434 977 pacem
456 888 550 956 Dona
572 888 681 976 Regis.
725 889 770 954 Et
792 889 962 975 inquiaioio
984 891 1078 957 uenit
1099 899 1135 957 et
1156 891 1238 958 dicit
1261 889 1338 958 θιθι

300 1075 305 1088 .
385 994 466 1059 Dies
486 993 584 1059 datus
605 1003 656 1059 est
679 1001 748 1059 tam
770 994 914 1061 Roberto
936 1018 1035 1082 quam
1056 995 1200 1061 Henrieo
1218 995 1280 1061 tali
1296 994 1351 1061 die
1364 1002 1426 1059 etr.

321 1119 426 1163 eoram
441 1097 534 1163 Dom.
545 1096 644 1183 Rege.
683 1096 727 1163 Et
741 1096 883 1163 Thomas
892 1097 934 1163 de
948 1098 1086 1164 Mariano
1100 1107 1136 1163 et
1149 1096 1249 1163 alius'
1261 1104 1427 1162 uenerunt

320 1208 356 1265 et
369 1199 523 1265 dixerunt
537 1197 624 1286 quod
638 1220 703 1265 non
717 1198 851 1265 filerunt
865 1199 900 1263 in
920 1199 1068 1287 partibus
1088 1200 1154 1265 illia
1175 1198 1306 1286 quando
1326 1199 1427 1265 fossa·

320 1313 393 1371 tum
407 1302 490 1369 illud
504 1303 568 1368 luit
581 1310 779 1389 prostratum
794 1311 829 1369 et
843 1303 929 1390 haya
941 1304 999 1370 illa
1011 1305 1188 1371 combusta

386 1408 503 1473 Postea
523 1429 629 1473 eoram
652 1407 746 1472 Dom.
761 1406 852 1495 Rege
873 1407 962 1495 apud
976 1407 1178 1475 Wintoniam
1198 1407 1277 1494 quia
1296 1405 1426 1473 oonuio·

321 1520 393 1578 tum
405 1498 454 1577 est
464 1532 523 1597 per
536 1510 693 1575 iuratores
708 1510 795 1598 quod
808 1510 897 1577 idem
911 1511 1074 1578 Robertus
1087 1512 1217 1599 propria
1229 1510 1426 1576 auctoritate

321 1637 381 1683 sua
394 1614 503 1701 posuit
517 1636 551 1679 se
562 1614 597 1681 in
608 1614 759 1681 saisinam
774 1615 845 1681 sine
858 1615 933 1681 uisu
947 1616 1120 1683 seruientis
1130 1626 1165 1683 et
1175 1616 1425 1703 recognitorum,

321 1720 558 1787 consideratum
573 1727 624 1785 est
638 1719 725 1805 quod
739 1720 826 1785 idem
847 1720 1010 1787 Robertus
1023 1721 1059 1787 in
1072 1721 1289 1789 miseridordia
1302 1728 1340 1787 et
1353 1743 1425 1787 eus-

321 1824 472 1891 todiatur.
510 1823 554 1889 Et
564 1823 642 1910 quie
654 1823 742 1888 idem
758 1823 920 1891 Henrieua
933 1846 999 1891 non
1012 1824 1090 1891 feeit
1104 1832 1231 1892 tantam
1245 1833 1425 1913 managrea·

320 1930 442 1997 sionem
464 1936 515 1995 set
536 1928 614 1995 feeit
635 1927 799 2015 quendam
821 1927 1002 1994 brechiam⁸
1020 1928 1090 1993 sine
1108 1928 1183 1995 uisu
1201 1929 1376 1997 sentientis
1389 1938 1425 1995 et

319 2033 556 2123 recognitorum
585 2032 697 2097 ideo
688 2054 723 2097 m
752 2031 977 2099 miseridordia
1036 2032 1081 2099 Et
1109 2034 1188 2121 quia
1214 2033 1331 2099 nillate
1358 2056 1424 2120 que

319 2137 604 2225 transgressionem
629 2136 720 2203 illam
745 2138 893 2203 lecerunt
917 2159 983 2204 non
1007 2145 1143 2224 possunt
1167 2136 1221 2203 hie
1245 2138 1424 2215 amerciari

318 2240 391 2308 ideo
420 2246 611 2325 preceptum
641 2246 691 2303 est
719 2237 905 2304 uioeoomiti
934 2238 1020 2325 quod
1048 2239 1147 2305 faeiat
1174 2239 1288 2307 uenire
1317 2262 1424 2306 eoram

318 2345 412 2411 Dom.
434 2343 584 2431 Regem
608 2342 713 2429 primo
737 2342 884 2409 aduentu
910 2365 969 2409 suo
993 2342 1036 2410 ad
1060 2352 1170 2431 partes
1193 2344 1267 2409 illas
1291 2344 1425 2411 uillataa

317 2448 429 2533 quales
455 2454 490 2512 et
512 2454 593 2533 quot
616 2446 738 2511 uiderit
763 2447 957 2513 necessarias
981 2447 1023 2512 ad
1045 2447 1237 2514 amereiand'
1259 2448 1424 2535 predictas

317 2552 472 2620 uillates‘.
517 2552 561 2618 Et
580 2562 770 2638 preoeptum
795 2561 846 2619 est
866 2552 1050 2620 uieeoomiti
1071 2554 1158 2641 quod
1179 2555 1356 2642 diligenter
1373 2555 1423 2620 in·

317 2657 426 2745 quirat
447 2656 504 2744 qui
525 2657 658 2722 fuerunt
679 2656 896 2744 recognitores
916 2656 1093 2724 earundem
1114 2657 1287 2724 unaarum
1307 2667 1345 2725 et
1363 2681 1424 2746 per

316 2783 428 2829 eorum
464 2761 573 2827 uisum
609 2761 708 2827 faeiat
736 2761 857 2828 hebere
889 2761 1011 2828 eisdem
1040 2761 1184 2829 Roberto
1210 2771 1248 2830 et
1276 2763 1422 2830 Henrioo

316 2865 494 2953 plenariam
505 2865 657 2932 seisinam
667 2887 769 2932 suam.
802 2866 890 2932 Etsi
905 2865 984 2954 quid
995 2867 1094 2932 firerit
1108 2890 1167 2954 per
1181 2889 1235 2934 eos
1250 2890 1422 2956 presump-

316 2980 389 3036 tum
403 2979 439 3036 et
453 2979 646 3056 omupatum
660 2970 748 3037 ultra
761 2969 798 3036 id
810 2970 898 3056 quod
911 2993 972 3057 per
987 2970 1120 3037 assisam
1139 2971 1230 3038 illam
1250 2993 1422 3059 recupera·

316 3085 437 3142 uerunt
446 3076 510 3142 -hoc
525 3099 584 3163 per
597 3075 772 3142 eorundem
790 3076 898 3142 uisum
918 3075 989 3143 sine
1010 3076 1168 3144 dilacione
1189 3077 1288 3144 saciat
1309 3101 1423 3144 emen·

315 3179 387 3245 dari
406 3187 441 3245 et
460 3179 495 3244 in
516 3179 691 3266 pristinum
714 3187 840 3245 statum
862 3179 973 3246 reduci
994 3203 1055 3268 per
1076 3203 1131 3248 eoa
1153 3203 1212 3268 per
1233 3203 1316 3269 quos
1338 3182 1422 3250 illud
1555 3272 1556 3283 ἵ

1555 3286 1556 3321 l

316 3282 415 3348 suerit
430 3290 662 3368 presumptum.

270 3444 278 3462 ,
382 3383 518 3449 Mobilis
530 3382 572 3449 de
587 3383 731 3448 Gattona
745 3392 862 3470 questa
875 3385 939 3451 fuit
953 3385 1129 3472 quodcum
1143 3385 1215 3472 ipsa
1228 3393 1265 3452 et
1278 3385 1421 3454 Thomas

252 3522 259 3535 ·
315 3485 357 3554 de
371 3486 610 3573 Rauelingham
625 3485 677 3550 uir
690 3507 768 3550 suus
783 3495 933 3552 tenerent
947 3487 1127 3554 manerium
1141 3487 1183 3554 de
1194 3488 1376 3556 Oastehilla
1386 3500 1423 3556 et
1554 3552 1555 3555 ,

316 3598 466 3677 quartam
481 3597 607 3675 partem
622 3587 758 3654 manerii
772 3587 814 3654 de
828 3589 1013 3656 Artindona
1025 3613 1100 3657 eum
1114 3599 1195 3676 pert
1209 3590 1245 3657 in
1259 3593 1419 3660 comitatu

317 3691 446 3758 Surreie
461 3698 496 3756 et
510 3696 659 3776 preterea
672 3711 771 3756 unam
790 3699 972 3757 earueatam
992 3701 1078 3758 terre
1097 3715 1172 3758 oum
1191 3702 1271 3780 pert
1287 3694 1323 3760 in
1337 3695 1420 3762 Tur·

315 3795 450 3860 nesham
475 3793 511 3858 in
536 3792 694 3858 oomitetu
724 3793 850 3859 Kanoie
875 3793 917 3860 de
942 3794 1123 3862 hereditate
1148 3796 1251 3882 ipsius
1275 3797 1422 3878 liabilie,

315 3900 402 3964 idem
433 3897 571 3964 Thomas
600 3897 761 3983 predictas
789 3905 892 3964 terras
920 3898 1045 3965 dimisit
1071 3899 1214 3966 Roberto
1237 3900 1279 3966 de
1304 3901 1421 3968 Mane·
1553 3922 1554 3943 ι

315 4003 435 4088 keseya
447 4001 490 4067 ad
505 4000 790 4067 exheredaeionem
804 4002 907 4090 ipsius
927 4003 1061 4069 Mabilie
1083 4013 1118 4070 et
1137 4004 1239 4070 eciam
1259 4027 1299 4070 ea
1318 4007 1419 4072 reela-

316 4112 436 4181 monte,
451 4111 486 4169 et
499 4103 586 4170 unde
606 4127 672 4168 non
694 4104 795 4169 habet
815 4104 940 4192 aliquid
961 4104 1002 4171 de
1024 4128 1088 4192 quo
1109 4107 1211 4193 possit
1231 4109 1420 4189 sustentari,

350 4229 432 4281 ¹The
453 4229 551 4282 verdiot
571 4230 656 4282 would
677 4229 709 4286 be
733 4245 769 4284 on
795 4231 841 4284 the
922 4232 1006 4285 ‘The
1045 4234 1189 4312 townsbipa
1225 4235 1312 4287 which
1349 4237 1418 4293 have
1552 4272 1553 4303 p

317 4297 376 4350 roll.
889 4298 1017 4362 partioma
973 4299 1107 4349 rtedin
1127 4299 1417 4356 thelavleouotare

349 4359 666 4477 iirffllmim'
890 4363 1220 4430 tobeameroedbyolher
1229 4367 1385 4432 tomhlpa.
