3167 5075
332 413 376 483 71
645 430 787 492 amar,
811 429 874 479 an.
900 416 993 492 1225,
1015 431 1077 481 aa
1102 418 1129 483 9.

330 603 417 690 quod
440 603 555 669 uillani
578 612 662 669 aunt.
708 605 753 668 Et
776 603 894 671 Petrus
913 606 1060 691 quoeitus
1078 606 1220 693 siquam
1234 608 1435 693 parentelam

329 707 429 773 habet
450 730 489 773 ex
510 713 603 792 parte
623 706 726 792 patris
747 707 892 772 eiusdem
914 707 1046 773 Ricardi
1066 708 1145 774 dicit
1169 710 1255 796 quod
1273 733 1338 775 non
1358 712 1435 797 quia

329 811 517 877 Thurkillue
532 819 626 897 pater
640 832 718 876 suus
732 832 798 875 non
813 811 877 875 luit
891 819 990 875 natus
1003 810 1039 875 in
1053 820 1140 877 terra
1155 835 1214 877 sua
1227 813 1328 878 immo
1342 814 1435 879 uenit

328 915 469 981 uillanus
484 916 526 981 ad
542 924 662 981 terram
677 938 770 980 suam
786 922 847 980 etc.
866 912 871 995 Ι

394 1021 438 1084 Ε1
453 1018 611 1085 Ricardus
625 1018 789 1105 cognoscit
805 1018 892 1104 quod
912 1040 1023 1082 omnes
1043 1018 1092 1083 illi
1115 1028 1193 1084 sunt
1212 1029 1364 1105 parentes
1384 1019 1435 1084 sui

329 1146 369 1189 ex
383 1133 475 1209 parte
490 1124 603 1188 matria
619 1144 676 1187 sue
692 1130 726 1186 et
741 1122 825 1187 bene
840 1130 949 1207 potest
964 1145 1033 1187 esse
1048 1122 1135 1210 quod
1153 1132 1231 1189 aunt
1251 1123 1367 1188 uillani
1385 1130 1435 1187 eet

329 1228 517 1293 Thurkillus
535 1236 630 1314 pater
649 1248 727 1291 suus
746 1226 811 1290 fuit
831 1225 914 1291 liber
934 1226 1030 1292 homo
1044 1235 1080 1291 et
1094 1227 1196 1291 libere
1210 1234 1434 1291 tenementum

328 1354 425 1397 suum
448 1332 536 1418 cepit
559 1354 633 1396 cum
655 1329 800 1397 Cristina
819 1338 923 1394 matre
943 1352 1003 1395 sua
1022 1331 1076 1395 cui
1095 1338 1183 1395 terra
1196 1330 1255 1395 illa
1268 1329 1434 1395 descendit

328 1436 397 1501 iure
422 1436 615 1501 hereditario
638 1436 679 1500 de
702 1434 840 1499 Ricardo
858 1442 951 1520 patre
971 1457 1030 1499 suo
1051 1443 1086 1499 et
1106 1457 1169 1501 auo
1188 1435 1285 1501 istius
1304 1434 1434 1499 Ricardi

328 1540 381 1605 cui
404 1539 535 1626 quidam
557 1541 641 1605 Gote
663 1539 803 1604 Stiward
822 1546 942 1603 terram
963 1539 1053 1603 illam
1074 1539 1208 1604 dederat
1227 1562 1285 1625 pro
1300 1537 1435 1603 seruicio

328 1665 386 1709 suo
401 1652 436 1708 et
451 1643 511 1707 hac
526 1642 652 1708 racione
667 1649 761 1707 tenet
776 1644 886 1709 libere.

394 1746 438 1811 Et
452 1746 569 1812 Petrus
584 1746 664 1811 dicit
684 1747 771 1833 quod
792 1748 959 1833 predictus
974 1748 1058 1812 Gote
1073 1755 1193 1812 terram
1214 1770 1307 1812 suam
1327 1746 1435 1811 tenuit

328 1850 363 1914 in
383 1850 544 1937 uilenagio
564 1858 598 1915 et
618 1851 682 1916 fuit
702 1852 844 1917 uillanus
860 1861 894 1915 et
909 1873 1021 1916 omnes
1035 1860 1252 1917 antecessores
1266 1851 1434 1915 hominum

328 1978 459 2020 suorum
485 1955 600 2019 uillani
626 1956 760 2020 fuerunt
786 1956 879 2021 etin
900 1955 1064 2041 uilenagio
1087 1963 1264 2020 tenuerunt
1289 1962 1325 2018 et
1350 1952 1435 2039 petit

327 2058 390 2125 sibi
404 2058 533 2125 allooari
547 2059 634 2144 quod
648 2060 736 2125 idem
748 2059 906 2125 Ricardus
916 2059 1080 2146 cognoscit
1091 2058 1292 2144 parentelam
1303 2078 1433 2121 suorum

327 2163 521 2227 uillanorum
548 2171 706 2249 exparte
732 2164 847 2230 matris
872 2187 930 2229 sue
956 2186 1138 2250 perquam
1164 2162 1252 2228 idem
1278 2160 1435 2229 Ricardua

327 2267 446 2331 clamat
461 2266 647 2331 libertatem
665 2267 844 2332 tenementi
859 2267 919 2332 eui

394 2372 437 2435 Et
457 2370 617 2435 Radulfus
640 2371 681 2436 de
702 2372 819 2458 Verby,
835 2372 998 2437 Robertus
1019 2369 1168 2435 Blundus
1187 2376 1222 2434 et
1245 2368 1302 2433 alii
1326 2369 1435 2455 plures

327 2474 421 2540 liberi
443 2473 589 2541 homines
615 2473 655 2542 de
679 2476 816 2554 moneto,
841 2484 875 2541 et
899 2486 1048 2562 preterea
1071 2474 1209 2561 predicti
1234 2474 1435 2561 Reginnldus

328 2578 415 2643 filius
437 2579 527 2643 Petri
546 2587 580 2644 ot
601 2580 796 2646 Humfridus
816 2580 903 2646 filius
923 2581 1014 2646 Petri
1032 2589 1186 2666 parentes
1204 2578 1335 2644 Ricardi
1355 2601 1435 2665 quoe

327 2684 397 2770 ipse
411 2683 567 2768 producit,
579 2693 613 2748 et
629 2684 813 2761 Gauii-idua,
825 2685 1004 2771 Ordgarius
1019 2693 1054 2750 et
1068 2685 1125 2749 alii
1139 2693 1289 2770 parentes
1304 2683 1434 2748 Ricardi

328 2813 369 2856 ex
394 2798 487 2876 parte
510 2789 623 2855 matris
649 2812 728 2876 quos
753 2791 871 2854 Petrus
899 2789 1048 2876 producit
1076 2789 1177 2854 iurati
1205 2788 1319 2853 dicunt
1348 2787 1434 2874 quod

327 2894 416 2960 idem
439 2895 596 2960 Ricardus
621 2902 713 2960 tenet
733 2895 775 2959 de
795 2917 833 2959 eo
853 2895 908 2978 xij.
924 2917 986 2959 acr.
1001 2902 1087 2959 terre
1106 2892 1269 2958 reddendo
1283 2915 1342 2977 per
1361 2915 1433 2956 ann

328 2997 383 3083 xij.
398 2995 469 3062 den.
486 3005 520 3061 et
535 2997 634 3061 debet
649 3019 738 3062 arare
753 3005 806 3062 ter
819 2997 855 3060 in
869 3020 954 3062 anno
968 2997 997 3062 si
1011 2997 1112 3062 habet
1126 2996 1201 3061 dim.
1218 2995 1390 3072 carucam¹,
1405 2995 1433 3060 si

328 3101 490 3188 integram
515 3124 664 3166 carneam
688 3125 747 3188 per
771 3124 828 3166 sex
854 3101 923 3166 dieo
945 3102 986 3166 ad
1009 3101 1118 3167 cibum
1140 3099 1239 3177 Petri,
1258 3100 1287 3164 si
1309 3099 1433 3164 nullam

330 3227 477 3270 eamcam
492 3205 592 3270 habet
607 3227 671 3270 non
686 3205 784 3270 debet
799 3227 899 3278 arare.
914 3212 949 3270 et
963 3204 1040 3268 dare
1050 3203 1074 3288 j.
1086 3203 1242 3290 gallinam
1256 3202 1298 3267 ad
1313 3202 1347 3266 N
1348 3203 1434 3267 atala

330 3316 365 3372 et
380 3308 422 3374 ad
437 3309 561 3374 Pascha
575 3331 602 3372 v.
619 3330 689 3385 oua,
705 3306 733 3371 si
748 3307 849 3371 habet
869 3307 980 3372 aueria
998 3307 1114 3372 euncia
1132 3305 1174 3371 ad
1193 3314 1370 3392 pasturam,
1383 3307 1434 3372 sin

329 3421 442 3480 autem
455 3437 521 3478 non
539 3413 631 3478 dabit
648 3435 711 3477 oua
729 3433 789 3476 nec
804 3412 969 3498 gallinam,
984 3420 1018 3476 et
1033 3412 1169 3476 sarclare
1183 3433 1242 3496 per
1255 3409 1332 3474 dim.
1347 3409 1434 3474 diem

329 3518 399 3584 sine
422 3518 494 3585 cibo
519 3518 573 3582 uel
597 3516 639 3581 ad
664 3517 830 3602 integrum
857 3515 944 3580 diem
969 3538 1043 3580 cum
1069 3514 1141 3578 cibo
1166 3512 1208 3578 ad
1230 3514 1435 3578 uoluntatem

330 3623 420 3688 Petri
441 3631 475 3688 et
497 3622 589 3687 dabit
610 3621 780 3708 haywardo
802 3620 902 3686 semel
923 3620 959 3684 in
981 3641 1065 3684 anno
1087 3641 1153 3682 non
1171 3617 1276 3682 mete'
1290 3625 1325 3683 et
1342 3617 1435 3682 dabit

330 3726 512 3812 taillagium
537 3749 611 3791 cum
637 3725 694 3790 alii
721 3724 868 3789 homines
894 3723 1040 3789 ciusdem
1065 3723 1144 3787 uille
1170 3721 1290 3786 taillati
1311 3721 1434 3786 fuerint

330 3828 521 3914 quandoque
543 3828 617 3913 plus
638 3827 831 3913 quandoque
853 3827 961 3892 minus
983 3827 1068 3892 sicut
1088 3825 1154 3903 alii,
1176 3832 1210 3890 et
1231 3824 1331 3888 debet
1352 3824 1435 3890 ferre

330 3929 457 3997 denar’³
478 3931 601 3997 domini
622 3932 674 3996 sui
696 3931 783 4017 apud
805 3930 1006 3996 Londoniam
1028 3937 1062 3995 et
1083 3929 1126 3994 ed
1147 3929 1291 3994 maneria
1312 3928 1437 3995 domini

329 4037 381 4102 sui
408 4036 603 4102 adauctum
628 4036 773 4102 eiusdem
799 4037 938 4114 aicardi,
964 4045 998 4101 et
1023 4035 1052 4101 ei
1076 4034 1241 4100 inuenerit
1266 4032 1434 4098 dominum

330 4165 425 4208 suum
441 4141 528 4227 apud
549 4140 750 4206 Londoniam
770 4141 826 4206 uel
844 4140 887 4205 ad
901 4138 1099 4205 manerium⁴
1112 4161 1209 4204 suum
1224 4137 1436 4202 manducabit

363 4272 683 4325 1Hellateamoloxon.
907 4273 1019 4336 perhaps
1030 4273 1075 4324 the
1091 4278 1163 4324 rente
1172 4273 1249 4324 when
1260 4273 1393 4337 collected,
1406 4278 1436 4324 to

363 4341 374 4372 ²
390 4341 431 4389 He
440 4343 512 4388 must
523 4339 631 4401 &rethe
640 4338 764 4402 hayward
774 4353 856 4389 noon·
906 4338 1025 4390 London.

330 4411 408 4465 meet,
422 4404 560 4470 dinner(?).
938 4403 1021 4453 4M8.
1033 4403 1237 4467 heoadmimr'3
1251 4405 1286 4456 ud
1294 4407 1436 4457 maneria·

362 4471 373 4505 ³
389 4471 430 4522 He
441 4473 512 4521 murt
522 4485 597 4536 carry
607 4468 649 4520 hie
659 4469 740 4520 lord'a
750 4483 854 4533 money,
906 4467 929 4520 is
940 4469 1105 4533 conjecturat
