3167 5075
409 396 546 458 nrsrnn,
569 397 632 445 an.
657 385 751 460 1226,
772 397 835 447 aa.
861 386 910 447 10.
1151 384 1215 453 577

118 565 233 631 nullam
256 574 422 652 pasturam
441 567 476 631 ei
497 567 618 632 iniuste
640 569 806 647 deforciat,
829 570 907 657 quia
930 579 1016 635 tana
1039 571 1214 657 illaquam

118 673 199 737 dedit
214 672 320 737 eidem
336 672 493 759 Magistro
502 673 631 740 „Thone
647 673 711 738 fuit
727 673 940 761 uillenagium
960 698 1055 739 suum
1075 684 1110 739 et
1124 676 1215 741 nulla

117 786 242 861 pastura
264 775 408 861 pertinet
430 775 472 841 ad
495 774 577 840 illud
602 776 825 864 uillenagium,
838 779 943 859 immo
964 787 1098 863 pastura
1117 803 1215 866 quam

116 879 195 944 idem
210 880 368 966 Magister
382 880 501 945 elamat
516 889 566 944 est
587 879 784 946 dominicum
805 905 909 947 suurn
955 884 999 948 Et
1020 884 1167 970 quesitus
1188 886 1216 949 si

114 983 194 1048 idem
210 983 367 1070 Magister
382 984 521 1049 Thomas
536 985 653 1050 habuit
668 986 821 1052 saisinam
841 987 881 1052 de
903 997 1038 1073 pastum
1057 989 1121 1066 illa,
1136 989 1216 1054 dicit

115 1087 194 1172 quod
216 1110 330 1152 reuera
351 1088 434 1152 bene
457 1096 565 1173 potest
588 1110 657 1153 esse
680 1090 767 1174 quod
789 1091 906 1156 habuit
928 1092 1018 1157 illam
1040 1101 1216 1179 pasturam,

114 1200 159 1256 set
172 1192 214 1256 de
229 1191 439 1277 permissione
455 1200 489 1256 et
503 1192 618 1278 gracia

172 1297 218 1360 Et
233 1297 390 1383 Magister
410 1296 551 1360 Thomas
569 1296 656 1382 petit
676 1297 776 1361 talem
799 1297 951 1362 saisinam
974 1298 1104 1384 qualem
1126 1299 1216 1386 prius

113 1400 233 1480 habuit,
249 1401 326 1487 quia
339 1423 468 1487 semper
479 1401 545 1466 ruit
560 1400 595 1464 in
615 1400 734 1465 seisina
752 1400 793 1466 de
815 1401 929 1465 eadem
950 1411 1084 1488 pastura
1099 1425 1215 1488 quous·

112 1525 169 1589 que
183 1504 279 1570 Dom.
295 1505 366 1569 Rex
381 1527 466 1569 anno
481 1505 636 1590 preterito
652 1505 729 1570 feeit
744 1514 867 1570 cartam
882 1528 974 1571 suam
994 1505 1036 1572 de
1056 1507 1215 1573 libertati-

112 1607 167 1672 bus
181 1607 339 1673 concessis
354 1608 389 1672 in
404 1609 526 1696 Anglia
541 1607 614 1674 etc.¹
633 1609 638 1694 Ι

171 1713 214 1776 Et
230 1712 309 1798 quia
328 1713 468 1778 Thomas
489 1713 652 1800 cognoscit
672 1713 757 1800 quod
773 1715 932 1801 Magister
946 1715 1086 1780 Thomas
1100 1715 1216 1781 habuit

111 1815 257 1882 saisinam
274 1825 308 1881 et
328 1817 428 1882 nichil
451 1817 613 1903 excipitur
631 1818 667 1881 in
682 1827 785 1897 carta,
801 1819 1039 1884 consideratum
1060 1829 1110 1884 est
1129 1820 1215 1905 quod

110 1918 192 1984 idem
222 1919 383 2006 Magister
411 1920 551 1985 Thomas
581 1921 702 1986 habeat
731 1923 883 1987 saisinam
913 1944 1006 1987 suam
1044 1922 1085 1987 de
1122 1931 1216 1987 tanta

110 2033 247 2106 pastura,
261 2047 324 2110 que
346 2025 491 2110 pertinet
512 2024 555 2090 ad
575 2048 626 2090 xa
642 2049 746 2104 acras,
761 2027 847 2091 unde
869 2027 1035 2113 predictus
1057 2027 1216 2114 Magister

109 2121 246 2188 Thomas
266 2123 414 2208 queritur
433 2122 520 2208 quod
539 2123 627 2188 idem
647 2124 789 2190 Thomas
809 2125 935 2190 leuauit
950 2133 1020 2203 etc,
1031 2135 1070 2190 „et
1084 2126 1112 2190 si
1126 2126 1214 2190 idem

108 2225 245 2292 Thomas
265 2226 385 2292 habeat
405 2226 456 2292 ius
476 2227 510 2291 in
531 2227 645 2292 eadem
665 2237 808 2313 pastura,
823 2251 882 2314 per
901 2230 1007 2316 legem
1023 2237 1108 2295 terre
1123 2230 1213 2295 illam

106 2330 256 2416 adquirat
272 2338 332 2396 etc.
1204 2353 1206 2355 '

46 2427 74 2491 43-
167 2435 317 2501 'Hamon
358 2435 486 2500 Cheure
526 2434 726 2500 attachiatus
767 2436 831 2500 fuit
870 2436 914 2502 ad
953 2436 1213 2523 respondendum
1283 2465 1297 2494 u

105 2541 255 2606 Asceline
269 2562 333 2627 que
349 2541 413 2605 fuit
427 2564 510 2605 uxor
524 2541 660 2606 Roberti
675 2542 803 2609 Cheure
823 2565 922 2628 quare
941 2544 1018 2608 fecit
1032 2552 1165 2609 uastum
1179 2552 1214 2609 et

105 2646 237 2711 erilium
253 2646 293 2711 de
309 2644 459 2711 domibus
479 2655 513 2711 at
532 2646 676 2732 gordinis
695 2645 837 2733 Agnetis
859 2656 894 2712 et
915 2647 1050 2713 Mabilia
1072 2648 1213 2713 filiarum

105 2757 136 2813 et
150 2747 310 2814 heredum
324 2748 463 2835 predicti
478 2749 614 2814 Roberti
629 2772 692 2835 que
707 2759 785 2815 sunt
800 2750 884 2815 infra
895 2760 1018 2816 etatem
1030 2761 1064 2817 et
1075 2774 1213 2838 quarum

105 2859 187 2917 terra
202 2861 255 2918 est
270 2853 304 2917 in
320 2852 467 2918 custodia
488 2853 649 2918 Hamonia
669 2853 711 2919 ad
726 2852 1019 2920 exheredacionem
1039 2865 1110 2933 eta,
1123 2856 1213 2924 unde

103 2955 255 3020 Ascelina
269 2956 417 3041 queritur
432 2955 518 3042 quod
532 2956 714 3041 asportauit
729 2955 805 3021 inde
820 2980 920 3022 unam
940 2958 1049 3023 aulam
1059 2967 1098 3023 et
1112 2982 1213 3023 unam

103 3077 263 3122 cameram
284 3065 318 3122 et
333 3056 359 3143 j.
380 3057 550 3144 grangiam
571 3064 630 3122 etc.
652 3055 693 3122 ad
714 3058 895 3123 ualenciam
915 3066 1026 3124 ataet
1045 3059 1121 3124 inde
1138 3082 1212 3145 pro·

103 3159 190 3225 ducit
206 3168 331 3225 sectam
346 3183 409 3246 que
424 3169 484 3225 eta

165 3266 210 3329 Et
227 3266 360 3329 Hamon
374 3265 468 3330 uenit
488 3275 524 3331 et
543 3264 690 3330 defendit
710 3275 839 3331 uastum
860 3276 898 3331 et
920 3267 1053 3331 exilium
1076 3276 1110 3332 et
1131 3266 1212 3333 dicit

103 3368 186 3453 quod
212 3370 327 3455 Agnes
353 3378 482 3434 mortua
507 3377 565 3446 est,
588 3378 623 3433 et
648 3370 722 3435 ideo
746 3393 813 3436 non
839 3372 913 3436 uult
935 3371 1128 3456 respondere
1148 3373 1212 3438 nisi

102 3471 190 3535 curia
204 3480 268 3536 etc.
313 3470 561 3537 Consideratum
577 3481 628 3537 est
643 3473 729 3559 quod
744 3473 944 3559 respondeat

165 3577 211 3640 Et
226 3577 359 3640 Hamon
374 3576 455 3641 dicit
470 3575 556 3663 qnod
571 3576 718 3663 predicta
737 3578 873 3642 Mabilia
891 3579 1020 3643 nullum
1039 3578 1091 3643 ius
1111 3578 1211 3645 habet

101 3679 134 3743 in
149 3680 318 3756 termille,
335 3680 412 3766 qnia
426 3681 498 3767 ipsa
514 3688 594 3745 nata
613 3680 677 3745 fuit
697 3688 874 3767 antequam
895 3682 1041 3767 predicta
1058 3682 1211 3748 Ascelina

101 3792 206 3850 mater
220 3806 282 3849 sua
301 3792 386 3849 asset
407 3782 609 3870 desponsata,
624 3793 659 3849 et
679 3784 752 3849 ideo
773 3785 853 3850 dicit
874 3786 960 3872 quod
977 3795 1030 3853 est
1050 3788 1210 3865 bastarda,

101 3897 134 3952 et
155 3910 224 3953 non
245 3888 320 3953 uult
340 3888 380 3953 da
402 3898 495 3953 uasto
516 3887 718 3974 respondere.
762 3890 807 3953 Et
830 3890 977 3977 quesitus
997 3891 1026 3957 ai
1047 3892 1210 3957 Robertus

100 3992 181 4057 obiit
203 3992 336 4058 saisitus
357 3993 398 4058 de
422 4002 508 4058 terra
529 3994 586 4059 illa
608 4001 642 4059 et
664 3993 692 4058 si
715 3995 825 4059 tenuit
846 3995 887 4060 de
909 4018 947 4061 eo
966 3996 1021 4061 uel
1040 4018 1115 4075 non,
1128 3996 1210 4062 dicit

99 4097 185 4181 quod
201 4118 318 4162 reuera
331 4096 413 4163 obiit
429 4097 559 4163 saisitus
581 4106 618 4163 ut
638 4098 678 4165 de
697 4096 792 4163 feodo
813 4107 848 4163 et
866 4100 953 4186 quod
973 4100 1082 4165 tenuit
1100 4101 1141 4166 de
1162 4124 1207 4167 ao.

100 4200 142 4265 Et
156 4202 234 4268 ideo
249 4202 486 4269 consideratum
501 4210 551 4267 est
567 4202 652 4290 quod
667 4202 804 4268 Mabilia
815 4202 935 4268 habeat
946 4204 1045 4269 talem
1057 4205 1208 4271 saisinam

131 4337 190 4389 ¹11
213 4338 275 4390 Feb.
301 4339 373 4388 1225.
407 4338 555 4399 Seemingly
575 4338 631 4389 this
682 4338 777 4389 adata.

99 4404 227 4454 rasaranoe
244 4408 270 4453 to
285 4403 329 4453 tha
344 4404 446 4454 charter
461 4406 556 4467 merely
569 4404 630 4455 fixas
713 4403 884 4457 ¹B.m.7d.

188 4520 225 4567 n.
252 4520 298 4567 111.
1081 4510 1122 4575 37
