3167 5075
386 366 450 435 474
697 382 835 444 meren,
857 383 922 433 nn.
947 369 1041 444 1223,
1063 381 1126 431 nn.
1148 366 1178 435 7.

384 552 483 618 elicui
497 552 597 640 legali
609 551 709 617 militi
723 552 760 616 in
770 553 959 630 custodiam,
971 553 1020 618 ita
1034 553 1120 639 quod
1132 553 1223 617 nulle
1232 551 1397 617 domicella
1407 573 1465 614 cnm

383 679 424 722 ea
437 657 481 721 sit
496 679 560 742 que
575 679 735 742 pregnans
750 657 803 734 sit,
821 657 872 721 uel
892 658 1003 744 aliqua
1022 656 1078 722 de¹
1094 657 1203 742 aliqua
1221 656 1359 742 suspicio
1376 653 1465 718 haberi

384 761 486 846 possit
507 760 645 825 alicuius
665 760 817 824 falsitatis
838 761 993 838 faciende,
1010 761 1087 847 quia
1104 761 1250 826 mittitur
1266 761 1313 826 ibi
1330 760 1467 846 predictus

380 864 422 930 G.
448 874 487 929 ut
511 888 586 929 cum
612 887 650 929 eo
677 873 711 928 et
734 886 792 949 per
816 887 891 928 eum
917 865 1007 931 istud
1034 865 1203 952 negocium
1229 864 1417 952 perducatur
1436 863 1467 926 ed

384 969 547 1044 effectum,
563 966 639 1033 etc.¹

337 1135 344 1147 .
449 1071 647 1137 ’willelmus
671 1072 713 1135 de
736 1072 916 1138 Stuteuilla
938 1081 972 1138 et
996 1073 1159 1160 Margeria
1179 1097 1262 1139 uxor
1284 1075 1353 1138 eius
1372 1081 1468 1159 petunt

325 1213 331 1225 ·
385 1198 497 1239 nereus
512 1174 714 1239 Willelmum
732 1174 773 1238 de
795 1173 964 1239 Grenuilla
980 1175 1067 1260 quod
1086 1175 1224 1240 reddant
1245 1175 1293 1239 eis
1318 1175 1469 1241 Cristinam

384 1280 485 1344 filiam
500 1287 534 1345 et
549 1278 701 1343 heredem
712 1277 849 1342 Jordani
860 1277 1017 1344 Pineerne
1032 1278 1124 1343 cuiue
1135 1279 1285 1344 custodia
1298 1279 1429 1364 pertinet
1438 1275 1469 1338 nd

260 1461 264 1467 ,
304 1431 307 1436 -
384 1405 438 1449 eoo
453 1382 581 1448 racione
595 1381 682 1446 feodi
696 1380 847 1446 militaria
862 1381 950 1466 quod
969 1381 1056 1446 idem
1076 1381 1239 1446 Jordanus
1261 1382 1304 1446 de
1325 1381 1369 1446 eis
1383 1379 1470 1445 tenuit

384 1487 419 1552 in
434 1484 683 1552 Dimeeeherche
699 1491 758 1548 etc.

450 1593 493 1656 Et
508 1590 692 1655 Willelmus
707 1588 799 1654 uenit
815 1597 848 1653 et
863 1589 1009 1654 defendit
1023 1589 1110 1675 quod
1125 1589 1214 1654 illam
1234 1613 1301 1655 non
1321 1591 1414 1655 habet
1426 1611 1470 1653 nec

383 1695 500 1760 habuit
509 1694 638 1781 quando
646 1693 746 1757 breue
758 1693 822 1757 fuit
834 1693 1043 1778 inpetratum,
1054 1716 1114 1758 nec
1125 1703 1223 1758 antee
1233 1717 1295 1759 nee
1304 1705 1418 1780 postea,
1427 1716 1472 1758 nec

383 1799 508 1886 aliquid
522 1798 641 1862 clamat
656 1796 690 1862 in
702 1819 750 1873 ea,
760 1795 861 1862 immo
873 1797 1037 1862 Walterus
1052 1798 1092 1862 de
1105 1797 1269 1862 Werdona
1283 1799 1372 1863 illam
1383 1798 1470 1862 habeo

450 1905 493 1968 Et
508 1901 692 1966 Willelmus
707 1909 742 1965 et
756 1900 919 1986 Margeria
933 1901 1073 1966 ueniunt
1089 1909 1123 1964 et
1138 1899 1252 1965 dicunt
1275 1923 1387 1966 reuera
1404 1900 1471 1986 quod

383 2007 548 2073 Walterus
570 2005 659 2068 illam
683 2005 782 2070 habet
805 2013 839 2069 et
861 2027 919 2090 per
940 2004 1047 2089 ipsum
1070 2003 1272 2068 Willelmum
1293 2005 1336 2070 de
1352 2004 1473 2070 Greoilia

383 2120 443 2176 etc.
459 2119 493 2175 et
508 2133 566 2196 per
579 2108 713 2173 bailiam
726 2117 869 2173 suamet
884 2108 960 2172 inde
975 2107 1159 2192 producunt
1174 2117 1297 2172 sectam
1314 2117 1373 2174 etc

448 2216 493 2278 Et
523 2213 706 2279 Willelmus
734 2213 796 2278 hoc
825 2212 971 2278 defendit
1001 2221 1112 2277 contra
1142 2235 1196 2276 eos
1232 2220 1294 2278 etc.
1341 2214 1384 2278 Et
1416 2212 1472 2276 ideo

385 2321 621 2385 consideratum
645 2326 693 2382 est
716 2319 803 2404 quod
824 2318 1009 2383 Willelmus
1031 2318 1184 2383 defendet
1206 2340 1241 2384 se
1264 2317 1321 2404 xij.
1337 2341 1436 2394 manu,
1449 2332 1474 2381 et

269 2456 326 2506 [aa]
385 2425 498 2491 ueniat
509 2447 584 2490 cum
598 2423 671 2509 lege
685 2423 745 2488 tali
759 2423 813 2488 die
825 2429 884 2488 ete.
905 2423 911 2510 Ι

386 2718 580 2785 PLACITA
615 2719 740 2785 APUD
777 2716 1243 2785 WESTMONASTERIUM
1286 2716 1352 2782 DE
1394 2715 1478 2781 TER·

473 2823 592 2889 MINO
624 2823 801 2889 PASCHE
831 2822 963 2887 ANNO
994 2821 1138 2886 REGNI
1169 2821 1306 2886 REGIS
1335 2818 1479 2885 HENRI-

473 2925 520 2992 01
549 2927 663 2991 FILII
691 2925 825 2991 REGIS
855 2925 1092 2993 IOHANNIS
1123 2924 1330 2991 SEPTIMO.

253 3116 347 3212 1607,
451 3126 577 3191 ‘assisa
598 3125 692 3192 uenit
713 3126 918 3213 recognitum
940 3126 1013 3214 quis
1035 3128 1211 3193 aduocatos
1233 3136 1383 3215 tempore
1410 3125 1482 3214 pacis

269 3246 320 3287 Boe
385 3232 588 3317 presentauit
610 3232 762 3297 ultimam
783 3254 953 3318 personam
977 3255 1041 3318 que
1064 3240 1192 3297 mortua
1206 3234 1316 3298 estad
1332 3231 1482 3299 ecclesiam

385 3336 427 3401 de
442 3336 636 3423 Abselegha,
651 3358 714 3421 que
734 3345 830 3401 uacat
853 3342 924 3412 etc,
944 3336 1037 3426 cuius
1058 3336 1308 3401 aduocacionem
1333 3336 1484 3403 Falkesius

386 3439 427 3504 de
442 3440 584 3504 Brenute
598 3441 718 3504 clamat
748 3462 861 3504 uersus
876 3439 1019 3504 Priorem
1035 3440 1075 3504 de
1090 3439 1288 3527 Dunstaplia
1304 3450 1341 3507 et
1358 3442 1483 3507 Priorem

386 3545 427 3608 de
450 3544 639 3630 Nywenam,
661 3542 732 3630 qui⁶
753 3552 915 3608 uenerunt
938 3552 971 3608 et
993 3543 1077 3609 bene
1099 3556 1327 3613 concesserunt
1358 3547 1483 3612 esaimm

386 3647 504 3713 Postea
518 3648 664 3733 quesitus
679 3647 850 3711 Falkesius
861 3646 901 3711 de
914 3648 1006 3712 euius
1018 3657 1120 3713 morte
1132 3648 1307 3715 aramieuit
1320 3654 1485 3738 predictam

386 3753 527 3830 aasisam,
550 3752 739 3838 dicitquod
762 3752 803 3817 de
826 3760 929 3817 morte
951 3752 1118 3817 cuiusdam
1142 3754 1295 3819 Nichoiei
1319 3756 1428 3821 clerici
1441 3752 1485 3841 qui

388 3856 503 3921 ultimo
528 3856 609 3920 obiit
635 3877 770 3941 persone
796 3855 831 3919 in
857 3856 969 3921 eadem
997 3856 1131 3921 ecclesia
1153 3856 1195 3921 ad
1219 3861 1486 3943 presentaeionem

386 3960 553 4024 cuiusdam
583 3959 703 4047 Rogeri
731 3960 772 4025 de
803 3958 990 4037 Salefordia
1022 3969 1056 4025 et
1092 3962 1375 4047 presentacionem
1411 3962 1484 4029 illan

387 4063 472 4150 petit
487 4062 563 4149 ipse

418 4208 429 4240 ¹
446 4207 546 4271 supply
556 4222 616 4270 quo,
627 4206 659 4256 B.
998 4207 1009 4239 ⁴
1025 4206 1090 4258 This
1111 4222 1170 4259 cene
1192 4208 1215 4259 ie
1238 4210 1308 4261 cited
1325 4212 1363 4276 by
1378 4213 1483 4263 ancon

419 4273 482 4323 ’Aa
498 4277 527 4323 to
542 4272 614 4323 there
630 4271 796 4337 precautione
812 4287 853 4324 nee
869 4272 914 4335 Br.
966 4274 983 4325 t
1015 4274 1083 4331 tob,
1111 4274 1164 4324 end
1190 4276 1276 4337 again,
1307 4278 1326 4329 t
1361 4280 1417 4330 244.
1449 4278 1485 4327 So

386 4339 600 4454 t'imitamen
965 4340 1266 4468 memma.
