3167 5075
312 368 351 431 16
624 377 766 439 uterus,
788 376 854 427 su.
878 363 972 437 1224,
994 374 1057 427 aa
1080 366 1110 427 8.

375 552 419 616 Et
442 548 554 615 Abbas
578 547 660 614 dicit
683 548 769 635 quod
793 548 957 613 Henricus
980 570 1149 634 nunquam
1179 547 1297 613 habuit
1326 547 1418 613 illam

311 654 497 720 libertatem
519 674 579 718 neo
600 652 677 718 inde
699 652 782 717 obiit
803 650 943 729 seisitus,
957 673 1018 716 nec
1032 651 1126 717 heres
1141 652 1278 717 Heurici
1291 652 1420 739 aliquos

308 782 419 845 porcos
433 758 541 835 habet,
556 765 592 823 et
606 756 682 823 iude
697 756 790 842 ponit
804 778 840 821 se
854 777 953 842 super
973 756 1114 821 iuratam
1135 757 1250 843 patrie,
1264 756 1344 843 quia
1364 756 1419 821 die

308 884 372 949 quo
387 862 470 928 obiit
484 882 544 926 nec
559 882 714 947 umquam
729 868 828 924 antea
842 858 959 924 habuit
974 859 1160 925 libertatem
1175 860 1275 926 illam.

373 966 417 1031 Et
439 966 512 1032 ideo
533 966 592 1031 fiat
614 963 691 1029 inde
713 962 822 1028 iurata
843 970 878 1027 et
900 962 1013 1028 ueniat
1031 963 1091 1028 tali
1105 963 1159 1029 die
1173 972 1234 1029 etc
1249 963 1293 1029 ed
1306 986 1418 1052 recog·

307 1069 504 1135 noscendum
527 1070 555 1133 si
575 1066 741 1154 predictus
763 1065 926 1130 Henricus
946 1064 999 1130 die
1014 1087 1079 1151 quo
1093 1066 1176 1131 obiit
1191 1068 1245 1132 uel
1260 1090 1418 1154 umquam

308 1181 406 1238 antea
419 1172 535 1237 habuit
550 1192 660 1258 porcos
674 1192 749 1235 suos
764 1169 891 1256 quietos
905 1169 940 1233 in
954 1169 1049 1234 bosco
1063 1168 1120 1233 illo
1135 1170 1189 1234 uel
1203 1191 1270 1234 non
1284 1169 1356 1237 etc.¹

372 1274 557 1342 Willelmus
582 1274 668 1339 filius
695 1273 865 1339 Eustachii
893 1272 979 1360 petit
1007 1294 1120 1338 uersus
1144 1273 1347 1339 Willelmum
1375 1274 1419 1339 de

238 1390 255 1419 ³·
308 1380 464 1445 Fortibus
486 1379 648 1446 Comitem
664 1376 863 1443 Albemarlie
885 1397 984 1461 quem
1004 1376 1132 1463 Engelr'
1154 1374 1195 1441 de
1217 1374 1419 1441 Albemarhe

308 1484 440 1550 uocauit
461 1483 503 1548 ed
525 1491 705 1547 warantum
727 1490 763 1547 et
781 1480 838 1567 qui
852 1480 884 1546 ei
898 1480 1121 1545 warentiaeuit
1135 1480 1191 1566 xij.
1205 1480 1315 1546 bouet.
1330 1490 1419 1546 terre

308 1611 382 1653 curn
409 1595 489 1675 pert.
516 1587 551 1651 in
574 1582 736 1671 Skecling'
762 1592 802 1649 ut
826 1584 879 1649 ius
900 1605 997 1647 suum
1023 1590 1084 1647 etc
1106 1591 1142 1647 et
1167 1591 1207 1648 ut
1232 1583 1305 1649 illas
1328 1584 1418 1649 unde

308 1692 505 1757 Eustachius
526 1698 620 1777 pater
641 1712 720 1755 suus
741 1688 807 1754 fuit
827 1688 959 1753 scisitus
978 1694 1018 1752 ut
1032 1686 1074 1751 de
1089 1685 1182 1752 feodo
1196 1695 1232 1752 et
1246 1687 1317 1753 iure
1331 1696 1367 1753 et
1381 1687 1419 1753 in

309 1796 469 1863 dominico
491 1804 636 1880 tempore
658 1794 753 1859 Dom.
770 1792 872 1879 Regis
893 1792 951 1879 qui
964 1814 1052 1857 nunc
1067 1800 1118 1857 est
1132 1799 1168 1857 et
1182 1791 1218 1856 in
1232 1814 1314 1879 quas
1328 1792 1421 1858 idem'

309 1900 425 1968 Oomes
439 1920 503 1963 non
519 1897 618 1963 hahet
633 1895 814 1984 ingressum
828 1896 893 1961 nisi
911 1918 971 1982 per
991 1896 1100 1982 ipsum
1122 1895 1336 1962 Eustachium
1357 1896 1419 1983 qui

308 2003 444 2069 eandem
456 2011 575 2068 terram
589 2001 620 2065 ei
632 2000 756 2067 dimisit
765 2000 808 2066 ud
819 2000 996 2066 terminum
1011 2022 1170 2065 annorum
1184 2000 1243 2087 qui
1256 2000 1419 2066 terminus
1462 1996 1465 1999 ⁴

308 2107 456 2196 preteriit
481 2107 608 2173 duobus
631 2105 724 2170 annis
750 2105 868 2191 elapsis
894 2113 929 2170 et
951 2104 1039 2191 quod
1064 2103 1280 2170 deterioratos
1307 2112 1419 2170 estet

308 2214 486 2302 dampnum
509 2213 609 2278 habet
630 2211 672 2276 ad
695 2210 876 2276 ualenciam
899 2234 950 2277 xx.
973 2234 1078 2288 marc,
1103 2220 1139 2276 ct
1164 2211 1240 2277 inde
1266 2210 1419 2297 producit

308 2326 438 2395 sectam,
468 2324 502 2380 et
531 2312 652 2402 profert
682 2322 803 2379 cartem
835 2313 979 2379 eiusdem
1006 2314 1163 2379 Willelmi
1189 2314 1327 2382 Comitis
1351 2338 1418 2402 que

309 2429 452 2486 testatur
465 2420 552 2506 quod
567 2420 626 2485 hec
642 2426 692 2483 est
707 2418 883 2483 conuencio
897 2419 984 2484 facta
1001 2419 1089 2483 inter
1103 2419 1197 2484 Dom.
1213 2418 1418 2490 willelmum

308 2524 348 2590 de
364 2523 517 2590 Fortibus
532 2522 693 2589 Comitem
708 2520 908 2586 Alhemarlie
923 2529 958 2587 et
973 2521 1185 2588 Eustachium
1197 2522 1239 2589 de
1250 2522 1417 2614 Plesinge·

308 2627 384 2691 ham
399 2626 486 2713 quod
495 2625 587 2690 Doni
598 2623 795 2690 Eustachius
808 2623 933 2689 dimisit
947 2623 1035 2689 dicto
1047 2623 1169 2691 comiti
1178 2633 1283 2691 totam
1294 2635 1418 2693 terram

308 2755 400 2799 suam
426 2731 467 2797 de
493 2728 656 2814 Skecling'
682 2728 811 2815 integre
834 2727 905 2792 sine
933 2726 1043 2815 aliquo
1068 2736 1293 2795 retenemento
1316 2753 1417 2817 quam

309 2837 431 2903 scilicet
453 2832 598 2899 Hawisia
613 2832 787 2898 comitissa
801 2841 907 2896 mater
919 2830 995 2896 sua'
1009 2831 1040 2896 ei
1055 2832 1195 2897 contulit
1208 2832 1273 2898 sibi
1291 2833 1347 2899 uel
1361 2835 1419 2901 cui

309 2939 471 3028 assignare
493 2936 635 3002 uoluerit
650 2957 752 3022 usque
768 2935 811 3001 ud
825 2935 1003 3002 terminum
1026 2936 1125 3000 trium
1147 2959 1307 3003 annorum
1329 2962 1417 3006 com-

308 3043 470 3130 pletorum
494 3061 552 3125 pre
575 3038 682 3123 xxxvj.
706 3037 822 3102 marcis
843 3060 925 3125 ques
947 3037 979 3102 ei
1003 3036 1096 3102 dedit
1118 3061 1176 3124 pre
1198 3039 1352 3106 manibus
1372 3041 1416 3107 ad

308 3142 602 3234 peregrinaciouom
613 3141 793 3207 faciendam
804 3142 839 3206 in
851 3150 938 3207 terra
948 3141 971 3206 J
971 3141 1148 3221 eroeolime,
1157 3153 1192 3208 et
1202 3143 1231 3208 si
1245 3144 1417 3235 contingat

308 3250 395 3338 quod
409 3249 517 3314 dictus
531 3246 727 3313 Eustachins
741 3245 781 3311 de
792 3244 1054 3332 peregrinacione
1065 3268 1125 3310 sua
1133 3245 1246 3312 redeat
1254 3250 1418 3336 completo

309 3352 449 3418 termino
462 3351 609 3439 predicto
623 3359 711 3416 terre
723 3373 783 3415 sua
798 3350 905 3414 soluta
918 3357 954 3414 et
967 3349 1081 3435 quieta
1096 3349 1217 3415 redibit
1231 3351 1267 3416 in
1281 3375 1419 3420 manum

308 3480 401 3524 suam
426 3457 481 3523 uel
506 3456 613 3522 dictus
639 3455 755 3522 Comes
778 3453 867 3520 dicto
897 3453 1072 3518 Eustochio
1100 3453 1295 3542 garisiouem
1323 3481 1419 3524 suam

309 3557 530 3627 ministrabit⁸.
576 3558 734 3624 terminus
757 3557 822 3623 suit
842 3578 928 3622 auno
949 3556 1188 3623 Inoamacionis
1208 3558 1343 3627 Domini
1363 3571 1419 3629 m⁶.

309 3675 364 3731 cc⁰.
391 3665 478 3742 xix⁰.‚
502 3661 589 3728 unde
618 3661 705 3727 idem
731 3660 917 3725 Willelmus
946 3659 1027 3725 dicit
1055 3659 1143 3746 quod
1171 3645 1332 3729 terminus
1361 3665 1419 3732 ille

309 3768 458 3855 preteriit
493 3766 536 3832 ad
565 3765 689 3831 Pascha
718 3765 852 3829 fuerunt
888 3762 954 3829 duo
990 3764 1068 3829 anni
1105 3766 1222 3853 elapsi⁴
1258 3775 1294 3833 et
1330 3770 1418 3856 quod

310 3869 506 3936 Eustachius
521 3875 668 3933 mortuus
688 3875 739 3934 est
760 3875 796 3931 et
817 3865 905 3953 petit
925 3865 1076 3933 seisinam
1098 3891 1191 3934 suam
1213 3877 1253 3936 ut
1274 3871 1363 3938 filius
1384 3881 1422 3939 et

310 3975 403 4041 heres
418 3973 496 4040 eius

344 4144 353 4178 ¹
370 4143 421 4194 For
437 4141 482 4193 the
497 4141 596 4193 verdiot
613 4156 655 4193 sec
671 4141 759 4203 below,
781 4141 838 4191 MS.
890 4140 956 4190 thau
978 4139 1038 4191 that
1059 4139 1104 4191 tho
1126 4141 1189 4192 ltarl
1211 4141 1235 4193 is
1257 4147 1286 4194 to
1307 4145 1385 4195 make
1404 4161 1422 4197 a

312 4209 330 4260 i.
343 4211 390 4259 145
399 4209 423 4259 b.
888 4204 1022 4269 proviaion
1040 4205 1082 4255 for
1100 4207 1224 4257 Eustacc.
1259 4209 1307 4260 See
1329 4209 1422 4270 ΒΜ,

345 4273 427 4323 ¹The
444 4271 530 4323 Earl’s
546 4271 657 4323 mother.
690 4271 758 4334 Dug.
775 4272 838 4322 Bor.
889 4285 943 4320 av.
971 4271 1080 4321 arctoa
1110 4271 1174 4322 Alco
1187 4274 1422 4335 auctumni

312 4340 362 4392 vol.
379 4341 401 4398 1,
413 4354 439 4403 p.
453 4339 493 4389 68.
888 4334 940 4384 whi
985 4333 1030 4384 the
1039 4349 1112 4385 rame
1121 4336 1218 4399 phrase
1228 4352 1328 4391 occurs

344 4405 355 4438 ³
372 4402 518 4466 Saeningly
535 4401 588 4452 this
604 4415 695 4452 means
711 4415 747 4452 no
765 4415 838 4450 more
919 4399 931 4431 ⁴
947 4399 1129 4451 nutatura.
