3167 5075
367 374 434 438 494
599 383 921 446 maurataneae.
945 371 1038 446 1223,
1060 386 1123 435 aa
1146 369 1238 439 7-8.

367 561 408 626 de
423 561 493 648 ipso
507 559 672 626 Willelmo
686 559 854 625 deseendit
874 559 925 624 ius
946 569 1031 624 terre
1050 559 1140 624 illius
1156 559 1296 625 Roberto
1313 559 1370 624 filio
1386 581 1443 634 suo¹

366 672 402 730 et
416 664 457 730 de
472 664 615 729 Roberto
629 662 692 748 ipsi
706 661 874 727 Florenoie
889 669 949 728 eto.
961 671 996 727 et
1010 661 1071 726 hoo
1086 663 1181 728 offert
1195 671 1254 728 ete

430 764 476 830 Et
499 763 684 829 Willelmus
706 762 867 828 Walensis
890 763 984 827 uenit
1009 771 1045 827 st
1067 762 1214 829 defendit
1239 763 1290 828 ius
1313 785 1397 829 snum
1420 774 1448 828 et

364 866 515 932 seisinam
537 866 593 932 aui
615 866 761 931 eiusdem
782 865 949 932 Florenoie
971 875 1007 932 et
1029 875 1136 933 totum
1155 876 1190 932 et
1204 868 1297 954 ponit
1310 891 1342 934 se
1355 869 1451 934 etnin

363 993 515 1058 magnam
544 968 678 1035 assisam
707 969 801 1036 Dom.
832 970 932 1056 Regis
958 979 993 1036 et
1015 971 1101 1056 petit
1123 971 1371 1058 recognieionem
1391 971 1455 1036 fieri

363 1075 437 1161 quis
451 1096 563 1139 eorum
578 1075 683 1139 maius
697 1074 749 1139 ius
763 1075 892 1140 habeat.

429 1178 473 1242 Et
489 1177 673 1243 Willelmus
687 1186 722 1242 et
742 1177 913 1243 Florenoia
934 1176 1049 1242 dieunt
1070 1178 1158 1264 quod
1179 1178 1280 1244 assisa
1301 1202 1362 1244 non
1382 1181 1458 1244 iaoet

363 1280 441 1366 quia
454 1281 517 1367 ipsi
531 1288 683 1366 parentes
695 1288 774 1345 sunt
788 1280 829 1344 de
845 1303 910 1345 uno
925 1279 1039 1367 stipite
1054 1289 1089 1346 et
1109 1281 1181 1366 ipsa
1201 1282 1368 1347 Florenoia
1387 1283 1460 1346 exiit

362 1381 404 1448 de
418 1381 635 1469 primogenito
649 1383 749 1448 fratre
764 1390 800 1448 et
815 1381 999 1448 Willelmus
1019 1380 1060 1446 de
1081 1391 1234 1468 postnato
1253 1391 1289 1448 et
1311 1383 1382 1449 ideo
1404 1405 1462 1448 non

362 1484 447 1550 iacet
461 1485 569 1550 assisa

429 1589 472 1655 Et
487 1587 671 1654 Willelmus
685 1586 767 1652 dicit
786 1587 874 1674 quod
893 1586 995 1654 nichil
1015 1587 1135 1654 elamat
1153 1611 1193 1654 ex
1214 1598 1308 1674 parte
1328 1597 1463 1654 antenna

361 1713 470 1758 sorum
499 1691 644 1758 eiusdem
673 1690 851 1770 Florenoie‚
881 1691 960 1778 quia
988 1690 1121 1777 quidam
1152 1691 1341 1758 Gilebertus
1366 1694 1464 1758 Faran

361 1794 454 1864 dedit
468 1803 587 1861 terram
602 1794 693 1861 illam
709 1793 872 1860 Willelmo
886 1795 974 1880 patri
987 1816 1054 1872 suo,
1070 1803 1105 1860 et
1120 1795 1211 1880 ponit
1226 1819 1261 1861 se
1273 1795 1309 1862 in
1319 1819 1464 1883 magnam

361 1900 494 1966 assisam
515 1901 601 1966 aient
622 1898 712 1986 prius
734 1908 793 1966 eto
839 1899 884 1964 Et
905 1899 978 1966 ideo
992 1899 1231 1966 consideratum
1246 1909 1297 1966 est·
1312 1903 1398 1988 quod
1413 1901 1463 1965 fiat

362 2005 462 2070 assisa
475 2006 637 2070 intereos

427 2109 568 2174 ¹Alanus
582 2117 617 2175 et
630 2109 799 2175 «Iohannes
813 2106 916 2174 filius²
930 2107 1060 2173 Radulfi
1083 2108 1144 2173 filii
1169 2109 1277 2174 Siredi
1298 2110 1465 2175 attsehiati

268 2220 281 2249 ⁰
361 2213 495 2278 fuerunt
517 2211 560 2278 ad
581 2211 843 2298 respondendum
866 2209 973 2276 Alano
996 2209 1037 2276 de
1061 2209 1257 2298 Creapinges
1281 2233 1381 2298 quare
1406 2235 1465 2276 non

361 2325 477 2381 tenent
506 2316 538 2380 ei
565 2315 665 2380 finem
694 2315 818 2380 factum
847 2313 882 2378 in
910 2314 1000 2380 ouria
1028 2313 1122 2380 Dom.
1159 2315 1260 2400 Regis
1296 2317 1328 2382 J.
1364 2337 1466 2380 eoram

361 2417 548 2484 iusticiariis
583 2417 672 2504 apud
708 2418 1035 2484 Westmonasterium
1076 2418 1162 2484 inter
1206 2419 1389 2485 Walterum
1428 2420 1465 2484 de

362 2523 555 2611 Crespingea
569 2532 696 2609 patrem
710 2520 813 2608 ipsius
827 2521 927 2587 Alani
941 2521 1034 2588 ouius
1048 2522 1140 2588 heres
1154 2521 1224 2609 ipse
1240 2531 1291 2589 est
1301 2533 1466 2610 petentem

361 2640 396 2695 et
419 2628 602 2714 predictum
625 2626 805 2693 Radulfum
829 2634 956 2712 patrem
981 2626 1124 2713 ipsorum
1148 2627 1189 2692 de
1214 2627 1267 2713 xij.
1284 2627 1366 2694 aeris
1385 2636 1466 2694 terre

360 2756 436 2800 eum
465 2742 546 2819 pert.
576 2732 612 2797 in
638 2731 841 2817 Elingeham
867 2730 954 2795 unde
980 2730 1067 2795 idem
1093 2730 1220 2795 Alanus
1244 2733 1366 2817 profert
1390 2732 1467 2797 ‹iro-

361 2837 523 2923 graphum
534 2835 622 2922 quod
632 2842 774 2901 testatur
783 2834 870 2920 quod
881 2834 1047 2919 predictus
1056 2834 1221 2901 Walterus
1231 2837 1467 2923 oonoessitpre

362 2940 451 3007 dioto
473 2940 614 3007 Radulfo
635 2948 671 3004 et
689 2938 864 3005 heredibus
879 2938 946 3005 suis
961 2946 1064 3009 totam
1080 2938 1259 3025 predictam
1274 2949 1395 3005 terram
1409 2951 1467 3007 ete

363 3042 538 3109 tenendam
552 3042 594 3107 de
607 3064 644 3107 se
658 3048 693 3107 et
707 3040 881 3107 heredibus
895 3041 962 3107 suia
981 3040 1016 3106 in
1036 3050 1231 3128 perpetuum
1252 3065 1312 3129 per
1331 3044 1466 3110 liberum

362 3146 537 3215 seruicium
550 3146 584 3233 ij.
598 3145 654 3212 sol.
669 3168 727 3233 pro
741 3146 830 3211 omni
845 3145 981 3211 seruicia
995 3154 1056 3213 eto.
1071 3146 1161 3211 saluo
1176 3146 1332 3217 forinseco
1345 3156 1406 3213 eto.
1425 3148 1431 3235 Ι

430 3250 474 3315 Et
488 3250 613 3317 Alanus
628 3257 663 3314 et
676 3250 844 3315 «Iohannes
860 3250 1000 3316 ueniunt
1014 3265 1048 3315 et
1066 3258 1263 3336 cognoscunt
1281 3250 1382 3317 finem
1402 3264 1468 3329 eto,

362 3364 414 3423 aet
435 3356 550 3422 dicunt
574 3355 662 3441 quod
687 3354 750 3441 ipsi
776 3362 812 3421 et
837 3376 949 3421 omnes
974 3364 1191 3421 antecessores
1215 3355 1268 3421 sui
1290 3364 1468 3423 tenuenmt

362 3471 482 3527 terram
505 3461 596 3526 illam
617 3482 746 3545 semper
768 3483 827 3547 per
851 3458 1025 3527 seruieium
1049 3459 1187 3525 duorum
1210 3458 1387 3525 solidorum
1412 3484 1468 3548 pro

362 3566 452 3632 omni
464 3563 601 3630 aeruioio
615 3572 674 3629 eto
691 3572 726 3629 et
740 3587 908 3650 nunquam
923 3573 1139 3631 antecessores
1153 3564 1205 3629 sui
1219 3563 1308 3629 aliud
1324 3565 1470 3631 feoenmt

363 3677 398 3735 et
426 3670 510 3735 bene
538 3669 718 3735 defendunt
748 3669 835 3756 quod
865 3668 954 3734 aliud
985 3668 1158 3733 seruioium
1187 3691 1251 3734 non
1279 3669 1405 3735 debent
1436 3682 1469 3735 et

218 3833 221 3841 .
362 3782 490 3861 ponunt
503 3795 539 3839 se
553 3773 588 3838 in
602 3795 754 3860 magnam
769 3773 902 3838 assisam
918 3774 1011 3838 Dom.
1027 3772 1127 3860 Regis
1142 3782 1177 3838 et
1192 3782 1311 3859 petunt
1325 3776 1469 3861 recogni-

363 3878 487 3943 eionem
510 3876 582 3943 fieri
604 3886 715 3943 utrum
738 3875 829 3963 ipse⁸
852 3877 957 3943 maius
976 3877 1027 3943 ius
1043 3876 1185 3943 habeant
1201 3876 1335 3942 tenendi
1348 3886 1469 3943 terram

362 3982 453 4048 illam
467 3982 508 4048 de
523 3982 593 4067 ipso
606 3980 714 4046 Alano
729 4003 788 4066 per
803 3982 985 4067 predictum
1000 3980 1174 4047 seruioium
1194 3981 1331 4047 duorum
1352 3983 1471 4047 solido-

362 4108 435 4153 rum
464 4093 596 4151 tantum
624 4084 710 4150 sieut
739 4084 771 4149 ei
800 4092 1005 4171 cognoscunt,
1030 4084 1085 4149 uel
1106 4106 1165 4171 per
1186 4084 1268 4149 illud
1293 4085 1470 4151 seruieium

363 4188 451 4275 quod
464 4189 496 4253 ei
510 4196 707 4277 cognoscunt
721 4196 756 4252 et
771 4196 920 4273 preterea
934 4186 1080 4253 faaieudo
1091 4187 1282 4252 forinsecum
1295 4188 1470 4255 seminium

460 4332 470 4365 ¹
487 4334 516 4383 A.
530 4347 566 4383 m.
578 4333 604 4381 4.
1038 4334 1049 4367 ³
1066 4333 1136 4382 Oorr.
1149 4334 1208 4396 ipsi,
1221 4333 1252 4384 Δ.

460 4398 471 4429 ’
480 4398 531 4461 fil',
542 4400 578 4458 A;
594 4398 718 4462 probably
723 4400 788 4461 filii.
