3167 5075
337 401 403 466 668
469 411 627 462 sonnonn
649 411 743 461 nran
764 411 809 460 or
831 409 1032 461 rmnsnnm
1053 411 1128 461 mm
1150 412 1313 474 snomvn,

336 585 468 651 Osberti
483 592 518 649 et
532 583 678 648 Ricardi¹
693 583 733 648 de
749 582 918 649 Tudeham
932 583 1054 649 iniuste
1067 593 1127 651 etc.
1143 585 1265 652 diseeis'
1279 587 1429 673 Rogermn

335 689 440 755 filium
467 689 598 754 Osberti
624 688 665 753 de
691 687 884 753 Tudenham
913 688 954 754 de
984 689 1086 755 libero
1112 698 1301 756 tenemento
1327 690 1432 756 sucin

336 794 490 878 Cretinge
505 800 579 879 post
594 802 654 858 ete.

400 898 444 962 Et
460 897 595 962 Mabilia
609 903 643 962 et
658 895 817 961 Ricardus
831 895 972 961 ueniunt
986 906 1021 961 et
1036 897 1151 962 dicunt
1166 898 1253 985 qnod
1266 897 1365 963 assisa
1377 921 1434 963 non

335 1001 433 1067 debet
456 1000 532 1067 inde
558 999 638 1078 fieri,
662 1000 741 1086 quia
765 1023 881 1065 reuera
905 1001 974 1086 ipse
997 1002 1146 1088 Rogems
1167 1003 1232 1067 fuit
1252 1003 1380 1068 seisitus
1398 1002 1434 1068 de

336 1105 450 1170 eadem
463 1113 571 1182 ¹terra,
596 1112 647 1169 set
672 1103 820 1190 predicta
842 1105 978 1171 Mabilia
1001 1105 1093 1171 dedit
1114 1107 1147 1172 ei
1168 1106 1366 1172 escambium
1385 1130 1436 1193 pro

337 1209 451 1274 eadem
467 1215 553 1272 terra
567 1207 615 1272 ita
629 1206 715 1294 quod
730 1229 795 1271 non
810 1206 989 1273 disseisiuit
1002 1209 1112 1295 ipsum
1127 1210 1293 1297 Rogemm
1308 1210 1426 1274 iniuste

404 1311 448 1376 Et
469 1311 615 1397 Rogerus
636 1309 729 1375 uenit
751 1318 786 1376 et
806 1309 887 1374 dicit
911 1311 998 1397 quod
1012 1334 1179 1398 nunquam
1194 1313 1350 1377 conuenit
1363 1311 1439 1377 inter
1550 1352 1551 1355 =

175 1483 214 1511 m
225 1434 260 1510 mn
278 1433 305 1501 0·
338 1437 393 1480 eos
414 1415 454 1479 de
477 1415 637 1480 escambio
659 1413 815 1492 faciendo,
830 1422 866 1479 et
887 1414 967 1479 dicit
987 1416 1074 1501 quod
1089 1417 1207 1482 habuit
1222 1426 1345 1482 temam
1358 1417 1437 1480 illam

176 1529 220 1558 ⁸¹¹¹¹
244 1528 302 1602 ”um
339 1540 379 1583 ex
401 1516 485 1582 dono
506 1515 651 1602 predicte
674 1515 809 1580 Mabilie
831 1538 891 1602 per
911 1526 1034 1582 cartam
1055 1540 1148 1582 suam
1163 1541 1262 1605 quam
1278 1519 1397 1605 profert
1408 1527 1438 1583 et

191 1621 279 1697 „mm
301 1667 313 1696 θ
339 1643 403 1708 que
425 1619 485 1684 hoc
507 1627 655 1696 testatur,
678 1628 712 1684 et
734 1619 812 1684 inde
836 1620 930 1705 ponit
951 1643 987 1685 se
1008 1643 1105 1707 super
1126 1622 1269 1707 patriam
1292 1631 1329 1687 et
1349 1629 1440 1686 testes
1551 1618 1552 1625 ἵ

191 1715 219 1743 ¹¹²
268 1714 291 1742 ⁵⁸
339 1724 522 1790 nominatos
536 1725 571 1788 in
586 1731 683 1800 carta,
698 1732 733 1789 et
749 1724 836 1810 quod
851 1725 916 1789 fnit
930 1725 966 1789 in
980 1726 1100 1791 seisina
1113 1727 1215 1792 donec
1229 1726 1305 1812 ipsa
1318 1726 1442 1791 Mobilis

341 1825 416 1893 eum
432 1827 617 1892 disseisiuit.

406 1931 451 1994 Et
481 1930 617 1995 Mabilia
642 1929 723 1996 dicit
747 1929 835 2016 quod
858 1955 1027 2018 nunquam
1050 1934 1129 1999 fecit
1148 1934 1180 1999 ei
1203 1943 1330 1999 cartam
1353 1935 1444 2008 illam,

341 2059 400 2102 neo
433 2035 464 2100 ei
497 2035 598 2112 dedit,
628 2043 663 2100 et
692 2035 768 2100 inde
798 2036 893 2121 ponit
921 2059 956 2101 se
985 2059 1085 2124 super
1112 2038 1262 2105 iuratam.
1321 2040 1366 2104 Et
1392 2039 1443 2103 fiat

341 2139 455 2203 iurata
1552 2140 1553 2177 i

407 2242 450 2306 Et
479 2241 636 2307 iuratores
665 2239 779 2306 dicunt
808 2242 895 2327 quod
924 2242 1026 2326 nichil
1055 2243 1163 2308 sciunt
1192 2243 1233 2310 de
1263 2255 1364 2310 carta
1406 2244 1445 2308 Et

341 2345 455 2410 dicunt
478 2345 564 2431 quod
586 2367 651 2409 non
676 2343 799 2410 disseis’
823 2368 908 2411 eum.
953 2345 997 2411 Et
1020 2347 1095 2411 ideo
1120 2349 1256 2413 Mobilis
1283 2349 1362 2415 inde
1384 2349 1447 2414 sine

341 2449 404 2526 die,
428 2457 462 2514 et
485 2449 631 2537 Rogerus
654 2448 689 2512 in
712 2449 937 2515 misericordia
982 2451 1028 2514 Et
1051 2450 1218 2516 sciendum
1240 2455 1332 2540 quod
1354 2462 1448 2519 testes

342 2552 502 2619 nominati
523 2552 558 2616 in
580 2560 670 2617 carta
691 2552 806 2617 dicunt
828 2553 915 2640 qnod
938 2575 1106 2640 nunquam
1131 2556 1357 2623 interfuerunt
1380 2580 1449 2621 con-

344 2658 475 2723 fectioni
490 2666 578 2723 carte
592 2657 689 2736 illiue,
704 2679 764 2723 nec
779 2658 888 2723 sciunt
902 2657 930 2722 si
944 2658 1056 2744 aliqua
1071 2668 1162 2724 carta
1181 2660 1260 2725 inde
1283 2662 1372 2727 iacta
1392 2662 1452 2726 tuit

344 2762 398 2826 uel
413 2760 505 2826 non².
549 2761 594 2826 Et
608 2759 682 2825 ideo
696 2759 781 2824 sicut
795 2760 886 2845 prius
900 2770 961 2826 etc.

409 2864 536 2931 'Assisa
564 2866 658 2930 uenit
686 2866 892 2951 recognitum
920 2864 948 2931 si
983 2866 1144 2932 Radulfus
1177 2868 1219 2932 de
1257 2868 1450 2935 Charefenld

344 2969 464 3034 iniuste
488 2976 546 3034 etc
562 2967 741 3034 disseisiuit
762 2967 936 3033 Isobellem
958 2969 1061 3035 filiam
1076 2970 1235 3035 Willelmi
1254 2971 1296 3036 de
1313 2972 1450 3037 Braham

344 3074 385 3138 de
414 3074 515 3138 libero
544 3080 733 3139 tenemento
762 3094 821 3136 suo
849 3072 885 3136 in
913 3073 1148 3161 Tatingestona
1176 3084 1252 3160 post
1286 3086 1352 3142 ete
1411 3077 1452 3141 Et

346 3178 505 3243 Radulfus
520 3177 613 3242 uenit
628 3186 662 3242 et
677 3176 777 3241 nichil
791 3176 873 3241 dicit
887 3200 987 3263 quare
1001 3179 1102 3243 meisa
1115 3187 1283 3245 remaneat
1297 3190 1361 3247 etc

410 3282 434 3348 J
435 3291 579 3347 uiatores
594 3282 708 3347 dicunt
722 3281 810 3367 quod
824 3282 991 3367 predictus
1010 3282 1171 3347 Radulfus
1189 3282 1313 3349 iniuste
1329 3284 1456 3351 disscis-

346 3387 411 3453 iuit
436 3410 516 3464 eam,
543 3387 621 3473 quia
646 3387 779 3473 quidam
806 3387 937 3451 Hamon
963 3388 994 3453 le
1019 3388 1078 3452 Fol
1100 3387 1192 3453 dedit
1214 3398 1337 3455 terram
1360 3390 1456 3455 istam

183 3500 305 3541 nmmos
347 3494 491 3580 predicte
506 3492 643 3557 Isobelle
659 3492 788 3579 quando
803 3489 930 3556 leuauit
945 3513 1017 3556 eam
1032 3491 1073 3557 de
1092 3491 1246 3569 fontibus,
1261 3502 1297 3557 et
1319 3492 1457 3558 tradidit

184 3546 324 3633 reme:
348 3607 467 3662 terram
483 3596 573 3660 inam
587 3596 653 3662 sm.
669 3596 709 3660 rx.
726 3618 787 3661 aer.
803 3605 889 3660 terre
906 3595 1070 3661 wilielmo
1091 3596 1231 3661 naham
1251 3598 1341 3683 petri
1364 3598 1458 3663 atius

184 3652 195 3681 ι
251 3651 275 3678 ro
290 3638 321 3677 ria

184 3651 323 3782 ffliiffilii
349 3701 486 3766 Isobelle
501 3708 535 3764 et
550 3700 647 3763 matri
662 3722 720 3764 sue
738 3722 813 3764 cum
833 3698 980 3784 predicta
1000 3699 1148 3765 Isobella
1194 3701 1239 3765 Et
1260 3712 1342 3766 tnnc
1365 3702 1457 3767 uenit

185 3786 332 3867 wll?
348 3805 410 3871 iste
426 3804 585 3868 Radullus
600 3811 635 3869 et
649 3804 733 3869 dixit
748 3804 835 3891 quod
850 3826 922 3869 eam
933 3804 1142 3889 desponsaret
1156 3812 1191 3869 et
1204 3804 1296 3870 illam
1310 3806 1412 3871 duxit
1425 3805 1458 3870 in

185 3884 303 4008 {liliffi
349 3904 527 3995 predictam
557 3914 684 3983 terram,
712 3916 747 3972 et
776 3905 906 3993 quando
935 3928 1009 3971 eam
1036 3907 1302 3995 impregnauerat
1329 3908 1459 3996 expulit

349 4034 421 4077 eam
437 4009 477 4075 de
493 4011 650 4075 termille
664 4020 698 4076 ct
714 4034 786 4076 eam
802 4010 994 4097 desponsam
1008 4011 1124 4090 noluit,
1138 4020 1190 4076 set
1203 4012 1302 4077 aliam
1319 4011 1459 4099 despon-

348 4116 443 4195 sanit,
459 4124 493 4181 et
515 4116 564 4180 ita
585 4116 694 4182 tenuit
715 4138 748 4182 se
771 4137 899 4201 semper
919 4114 955 4180 in
976 4114 1090 4179 eadem
1112 4124 1200 4179 term
1219 4124 1256 4181 et
1276 4116 1458 4202 predictam

349 4220 533 4287 Isobellam¹
546 4221 594 4285 ita
619 4219 803 4285 disscisiuit.
849 4220 892 4285 Et
920 4218 995 4285 idco
1023 4218 1261 4286 consideratum
1290 4228 1341 4286 est
1373 4219 1460 4307 qnod

381 4378 391 4413 ¹
409 4382 481 4430 Gorr.
493 4380 629 4431 Ricardae.
957 4378 968 4412 ³
983 4379 1013 4431 Δ.
1028 4393 1066 4429 m.
1078 4380 1103 4430 ⁷.

381 4446 392 4477 ²
408 4446 530 4506 Braoton,
543 4448 562 4497 t.
576 4448 633 4504 ³98,
645 4446 709 4496 cites
720 4444 774 4495 thie
785 4459 852 4496 oasa.
