3167 5075
357 370 422 433 330
588 353 824 445 urosrsrurs,
845 380 911 432 ro.
935 365 1029 454 1217,
1050 380 1113 431 nn
1138 368 1230 431 1-2

356 556 429 620 uita
442 578 502 620 sus
516 563 555 619 ut
570 576 713 641 persons,
729 562 780 619 set
795 554 946 620 nesciunt
964 576 1026 619 nec
1045 552 1207 640 inquirere
1228 561 1395 639 potnerrmt
1411 553 1442 617 dc

356 660 449 724 euius
464 659 712 746 presentaoioue.
752 660 837 725 Cum
852 668 965 724 sutem
979 660 1145 723 confectus
1155 668 1239 723 esset
1250 658 1345 735 senio,
1354 658 1443 743 posuit

356 786 390 829 se
406 764 441 828 in
455 764 603 829 custodie
617 764 774 829 Eborurdi
789 763 850 828 filii
864 763 915 827 sui
930 771 965 828 et
980 763 1147 829 ecclesiam
1162 763 1259 828 illam
1304 762 1444 827 Defuncto

357 880 469 936 eutem
491 870 561 956 ipso
584 869 738 935 Seuerico
761 868 944 933 Eborurdus
966 867 1053 933 filius
1075 868 1145 934 eius
1165 868 1321 933 remansit
1343 867 1376 931 in
1399 866 1443 929 ills

357 974 491 1040 ecclesie
512 981 562 1039 set
584 972 734 1038 nesciunt
756 972 797 1037 de
819 971 913 1036 cuius
927 971 1178 1057 presentscione,
1192 994 1253 1036 nec
1266 971 1295 1035 si
1308 970 1443 1035 sdnrirrrus

357 1086 442 1143 esset
463 1077 505 1142 sd
526 1083 735 1163 personatum
757 1076 800 1139 sb
822 1075 990 1161 Episcopo,
1018 1083 1069 1139 set
1097 1083 1137 1139 ut
1165 1076 1360 1140 eudiuerunt
1384 1095 1444 1137 cun

358 1182 517 1269 Episcopo
531 1179 593 1244 loci
607 1179 749 1266 placeret
765 1179 927 1265 inquirere
942 1201 1007 1265 quo
1021 1179 1179 1245 aduocato
1192 1180 1263 1266 ipse
1284 1186 1402 1243 teneret
1417 1198 1444 1240 sc

357 1284 392 1349 in
414 1282 549 1349 ecclesis
567 1281 741 1348 aduocauit
762 1282 905 1347 Priorem
926 1282 968 1347 de
988 1282 1232 1360 Meretons,set
1251 1282 1444 1348 benedicunt

358 1389 444 1475 quod
465 1388 615 1453 nesciunt
637 1394 749 1451 utrum
771 1386 859 1452 idem
882 1386 974 1450 Prior
994 1386 1049 1451 uel
1071 1385 1189 1473 aliquis
1208 1388 1444 1473 predecemorum

357 1515 488 1558 suorum
502 1492 557 1556 uel
572 1491 698 1555 Alenus
712 1490 878 1576 predictus
892 1490 946 1555 uel
960 1490 1078 1576 uliquis
1088 1499 1326 1555 antecessorum
1335 1509 1443 1555 suorum

357 1603 573 1683 presentssset
589 1594 630 1660 sd
645 1594 813 1659 ecclesiam
827 1592 918 1658 illam
933 1594 987 1659 uel
1002 1617 1074 1659 non
1119 1594 1199 1660 Dies
1214 1595 1311 1659 datus
1325 1602 1379 1670 est,
1388 1590 1444 1657 etc¹

422 1697 535 1763 Assisu
556 1697 649 1762 uenit
670 1696 877 1783 recognitum.
898 1698 971 1783 quis
999 1698 1177 1763 aduocatus
1205 1706 1350 1783 tempore
1375 1694 1445 1782 pscis

357 1802 559 1892 presentauit
581 1802 733 1866 ultimam
754 1824 924 1887 personam
946 1824 1010 1888 que
1032 1810 1162 1867 mortus
1180 1810 1230 1866 est
1244 1802 1288 1866 nd
1303 1800 1445 1867 ecclesium

358 1909 399 1973 de
414 1904 641 1973 Werministro
656 1925 720 1990 que
735 1912 832 1969 uacat
847 1912 916 1981 etc,
927 1904 1020 1969 cuius
1030 1904 1279 1970 eduocscionem
1292 1904 1446 1970 Nioholcuo

358 2010 487 2075 Auenel
508 2008 628 2074 clamet
650 2030 763 2073 uersus
785 2008 981 2095 Episcopum
1004 2009 1257 2074 Bethoniensem
1280 2009 1331 2075 et’
1354 2008 1445 2074 'l'hon'

359 2114 500 2179 Msudut
521 2135 588 2178 non
609 2112 684 2177 uen’
706 2120 776 2188 eto,
802 2120 837 2176 et
866 2114 1023 2177 summon’
1053 2113 1118 2178 fuit
1146 2114 1247 2179 semel
1276 2123 1313 2179 et
1340 2114 1445 2179 iterum

359 2218 404 2283 Et
425 2225 610 2283 attornstus
633 2216 784 2303 Episcopi
807 2216 1035 2283 Bathonicnsis
1056 2218 1244 2305 dicitquod
1258 2241 1325 2285 non
1338 2220 1449 2285 uidetur

359 2322 391 2386 ei
412 2322 499 2407 quod
521 2320 621 2385 sssiss
641 2319 760 2384 debeat
782 2320 954 2405 procedere
975 2320 1055 2406 quis
1074 2321 1209 2387 ecclesis
1221 2322 1281 2387 illa
1295 2345 1358 2387 non
1369 2326 1448 2387 most

359 2425 437 2512 quis
458 2424 609 2489 Ruffinus
630 2422 765 2489 clericus
786 2423 880 2489 Dom.
904 2423 1037 2511 Legati⁸
1057 2424 1134 2489 inde
1156 2433 1206 2490 ost
1220 2448 1362 2511 persons,
1374 2422 1448 2489 etsd

359 2529 420 2594 hoc
437 2528 666 2595 declarandum
688 2528 810 2615 profert
832 2528 958 2594 litteras
981 2529 1023 2594 H.
1046 2529 1210 2616 quondum
1233 2526 1447 2596 Surisbiriensis

360 2632 525 2720 Episcopi⁴
539 2633 678 2699 directos
693 2633 851 2720 Magistro
866 2633 990 2698 Thome
1004 2634 1046 2698 dc
1060 2633 1151 2698 Disoi
1165 2633 1296 2698 officinli
1306 2633 1449 2720 inquibus

359 2738 545 2803 continetur
559 2739 645 2824 quod
660 2738 729 2824 ipse
745 2737 880 2802 mandet
894 2737 927 2801 ei
940 2745 975 2801 et
989 2735 1127 2802 firmiter
1140 2737 1286 2824 iniungit
1300 2738 1382 2824 quod
1394 2737 1448 2822 ipss

361 2842 529 2907 Ruffinum
551 2849 704 2928 nepotem
726 2841 820 2908 Dom.
844 2839 962 2927 legati
981 2840 1073 2905 mitti
1094 2839 1193 2906 isciat
1213 2840 1251 2905 in
1275 2839 1449 2927 corporalem

360 2945 591 3032 possessionem
621 2945 753 3010 ecclesie
782 2945 824 3010 de
854 2943 1081 3009 Wcrministro
1116 2945 1160 3009 nd
1194 2945 1449 3031 presentscionen

360 3051 392 3116 J.
415 3047 644 3113 Bsthoniensis
667 3046 826 3133 Episcopi
871 3047 997 3112 Profert
1019 3047 1122 3112 eciam
1144 3047 1271 3114 litteras
1292 3047 1343 3114 R‘
1365 3047 1450 3114 Suri&

361 3151 509 3219 hiriensis
531 3151 682 3238 Episcopi
704 3150 891 3216 iusticiariis
912 3151 1051 3216 directos
1072 3151 1108 3216 in
1135 3153 1257 3239 quibus
1285 3153 1451 3218 continetru

360 3257 448 3343 quod
470 3255 604 3321 ecclesia
624 3255 682 3320 ills
703 3277 767 3320 non
789 3262 894 3320 uocat.
938 3255 1065 3320 Profert
1088 3256 1191 3321 eciem
1220 3257 1347 3323 litteras
1373 3257 1448 3322 Dorn

363 3359 480 3448 Legati
511 3359 599 3424 idem
630 3365 799 3436 testantes,
828 3365 863 3423 et
891 3356 978 3444 petit
1006 3359 1299 3426 consideracionem
1326 3357 1450 3426 curiosi

361 3485 459 3550 super
494 3463 555 3528 hoc
589 3462 710 3528 debeat
744 3463 917 3548 procedere
952 3461 988 3527 in
1022 3463 1164 3528 sssissm.
1208 3465 1254 3530 Et
1288 3471 1450 3531 sttormtus

364 3567 515 3635 Nicholsi
529 3566 657 3632 Auenel
672 3566 752 3631 dicit
767 3567 855 3653 quod
868 3566 898 3630 si
911 3565 1046 3632 clericus
1060 3567 1219 3633 admissus
1232 3577 1268 3633 et
1287 3569 1450 3656 inpersour·
1517 3608 1518 3611 =

363 3680 418 3736 tus
433 3670 552 3736 suited
567 3669 734 3734 ecclesiam
749 3668 840 3733 illem
855 3691 896 3733 err
916 3669 1159 3755 presentscionc
1179 3670 1332 3757 Episcopi
1349 3668 1451 3735 Botho

363 3775 491 3853 niensis,
506 3773 566 3838 hoo
581 3773 703 3839 fuctum
719 3781 769 3838 est
783 3772 913 3851 iniuste,
927 3781 963 3838 et
977 3781 1089 3839 contre
1102 3775 1355 3861 sppellsciorrem
1366 3794 1451 3846 sunm,

363 3880 442 3967 quis
469 3901 568 3967 quam
597 3879 696 3944 cicius
724 3877 813 3944 idem
850 3879 1029 3945 Nicholeus
1063 3879 1161 3946 sciret
1196 3903 1363 3968 personam
1394 3897 1451 3944 esse

398 4081 892 4134 ¹Formoreofthisrnstterseesbors
941 4097 1046 4148 eppesr.

365 4150 431 4199 Osse
441 4150 483 4197 ³4.
974 4149 985 4182 ⁸
1002 4149 1057 4199 The
1067 4149 1163 4213 Legsto
1173 4148 1197 4199 is
1209 4150 1304 4201 Gusln

397 4213 409 4246 ¹
425 4213 552 4276 Probsbly
563 4227 634 4264 some
645 4211 726 4263 words
737 4213 803 4264 hove
816 4213 890 4290 drop
973 4215 986 4247 ⁴
1000 4214 1112 4265 Herbert
1122 4215 1147 4264 lc
1157 4215 1247 4275 Ponte,
1260 4213 1417 4267 not-1²17.

366 4278 416 4342 ped
437 4283 492 4328 out
538 4277 683 4339 Seerniugly
699 4277 745 4328 the
766 4279 851 4329 sssire
867 4293 891 4328 rs
974 4279 1122 4344 'Riuhsrd
1135 4281 1226 4332 usust.
1242 4279 1450 4332 eorummet«

365 4343 477 4406 brought
503 4343 607 4404 sgsinst
635 4343 680 4392 the
711 4343 806 4407 bishop
837 4344 891 4394 sud
942 4346 1015 4396 1217.
1332 4357 1347 4374 r

365 4410 481 4460 Thomas
505 4408 558 4459 snd
586 4408 631 4458 the
657 4408 735 4458 latter
759 4409 821 4460 does
843 4415 890 4459 not
