3167 5075
346 402 466 452 comm
487 403 587 465 enom
609 403 673 453 nn.
698 385 858 464 1236-7,
879 401 942 453 nu
966 388 1015 451 21.
1170 386 1233 451 199

145 580 212 636 unte
233 572 380 637 felonicm
404 574 533 653 scetem,
554 580 589 637 et
609 572 660 638 ite
680 572 767 659 quod
788 578 862 659 post
884 572 1115 638 feciamentum
1136 592 1232 636 suum

144 674 254 741 dimisit
273 676 342 764 ipse
365 684 484 743 terrem
506 678 596 743 illem
618 678 660 744 ed
681 678 808 743 firmem
828 677 992 743 Willelmo
1011 675 1054 741 dc
1071 676 1177 762 Vesey
1190 676 1233 742 ud

144 779 303 844 terminum
319 780 381 866 xvj.
397 802 554 845 annorum
569 802 628 867 per
647 780 808 866 quoddam
829 780 986 865 scriptum
1005 778 1092 865 quod
1110 779 1233 865 profert

142 890 171 945 et
184 881 262 967 quod
276 883 336 947 hoe
351 891 499 948 testetur.
546 884 590 947 Et
609 884 689 949 dicit
709 883 797 969 quod
814 883 883 969 ipse
898 883 973 948 inde
988 882 1168 948 disseisitus
1182 890 1232 948 est

141 1006 191 1068 per
209 986 316 1051 falsam
339 987 584 1073 inquisicionem
606 1008 704 1073 quum
726 986 873 1072 predicta
898 986 1035 1051 Metillis
1059 985 1135 1050 inde
1161 984 1231 1051 fieri

140 1087 214 1165 iecit,
233 1098 268 1154 et
288 1090 375 1176 petit
396 1090 548 1155 eeisinem
569 1113 669 1155 suem.
716 1090 760 1155 Et
781 1090 859 1176 quic
880 1089 1045 1176 predictus
1067 1088 1231 1155 Gulfiidus

138 1190 180 1255 ita
199 1192 258 1257 fuit
278 1192 459 1259 disseisitus
480 1217 539 1281 per
559 1194 806 1281 inquisicionem
827 1194 927 1271 illurn,
946 1203 982 1259 et
1002 1193 1073 1280 ipsc
1094 1193 1231 1258 Metillis

138 1298 286 1383 cognoscit
301 1298 388 1385 quod
402 1298 551 1364 seisinem
567 1298 684 1364 hebuit
699 1298 828 1385 qualem
844 1298 981 1383 qualem,
992 1297 1230 1363 consideratum

138 1404 181 1461 est
207 1399 289 1484 quod
321 1400 410 1465 idem
443 1400 607 1465 Galfridus
641 1399 846 1486 recuperabit
881 1398 1031 1465 seisincm
1065 1422 1166 1477 suem,
1195 1407 1231 1465 ct

138 1499 259 1567 Metillis
284 1503 319 1568 in
345 1502 570 1580 misericordie,
593 1511 628 1567 et
653 1502 820 1589 perquirat
845 1503 908 1568 sibi
934 1525 1047 1569 uersus
1071 1524 1148 1568 eum
1172 1525 1231 1589 per

137 1603 224 1669 breue
237 1606 277 1671 de
292 1614 382 1673 recto
396 1608 425 1672 si
439 1608 588 1673 uoluerit.

49 1752 51 1763 ,
88 1706 107 1767 ἰ
192 1712 307 1779 Alicis¹
330 1714 399 1779 filiu
421 1713 554 1780 Ernaldi
578 1737 638 1801 per
662 1722 865 1781 attornetum
887 1738 984 1781 suum
1009 1715 1094 1802 petit
1117 1736 1230 1780 uersus

137 1814 305 1882 Wulterum
323 1817 365 1883 de
388 1817 523 1883 Hemed
543 1817 625 1883 dues
647 1826 757 1905 partes
778 1818 877 1884 unius
898 1819 1027 1906 uirgato
1049 1827 1134 1884 terre
1155 1841 1230 1883 cum

136 1928 206 2004 pert.
220 1921 254 1985 in
269 1922 436 1987 Merchum
451 1930 490 1987 ut
510 1922 562 1987 ius
581 1945 678 1987 suum
698 1930 733 1987 et
753 1945 834 2009 quus
852 1923 941 1988 idem
960 1924 1125 1989 walcerus
1144 1924 1232 2009 cepit

135 2020 164 2087 iu
186 2046 315 2089 menum
343 2046 437 2089 suem
459 2046 499 2089 eu
520 2024 683 2090 occasione
706 2025 792 2111 quod
814 2025 1008 2090 Vincenoius
1029 2025 1070 2090 de
1092 2025 1230 2111 Shepen'

135 2128 284 2211 quondum
308 2128 363 2194 uir
387 2128 531 2215 predicte
555 2130 659 2195 Alicic
685 2130 742 2217 qui
765 2138 991 2195 tenementum
1016 2128 1098 2194 illud
1121 2129 1230 2194 tenuit

134 2230 219 2297 simul
229 2256 303 2298 cum
318 2232 467 2319 predicte
480 2232 587 2297 Alieic
600 2232 754 2321 cognouit
768 2254 803 2297 se
818 2254 887 2298 esse
905 2232 1064 2298 uillsnum
1079 2231 1230 2297 Roberti'

134 2336 283 2419 quondam
305 2338 446 2403 Abbatis
471 2338 512 2403 de
535 2336 750 2403 Abbendonic
772 2344 834 2402 ete.
877 2336 937 2402 'Et
960 2336 1125 2401 Walterus
1147 2334 1229 2400 dicit

134 2438 209 2522 quod
229 2438 291 2505 iste
313 2438 472 2505 Ricardus
495 2447 546 2505 est
567 2440 654 2505 filius
680 2448 716 2504 et
740 2440 834 2505 heres
860 2438 998 2526 predicti
1023 2438 1174 2504 Roberti‘
1194 2447 1229 2504 et

133 2539 205 2606 bene
219 2551 327 2629 potest
342 2565 412 2609 esee
427 2543 513 2631 quod
527 2543 644 2608 habuit
658 2544 1002 2630 fratrem-antenatum
1021 2550 1072 2610 set
1090 2543 1160 2631 ipse
1177 2550 1228 2608 est

133 2655 267 2710 mortuus
281 2655 317 2711 et
332 2644 398 2710 fuit
412 2646 547 2711 uiuente
562 2645 705 2710 Roberto
719 2656 813 2733 petre
827 2646 978 2732 ipsorum

189 2748 230 2812 Et
258 2749 418 2815 Ricardus
447 2749 527 2815 dicit
555 2750 642 2836 quod
670 2773 735 2815 non
765 2758 816 2816 est
849 2751 943 2816 heres
978 2757 1028 2816 set
1063 2749 1228 2837 predictus

132 2849 305 2918 Willelmus
332 2853 398 2917 fuit
419 2853 513 2918 heres
535 2860 569 2917 et
595 2852 655 2918 hoc
678 2853 762 2918 bene
787 2861 881 2940 petet
907 2853 985 2939 quic
1008 2854 1102 2940 puem'
1125 2853 1227 2940 ipsius

132 2952 278 3024 Willelmi
307 2957 432 3022 hebent
460 2965 586 3042 purtem
616 2957 808 3023 hereditatis
833 2964 867 3022 et
892 2957 995 3022 eciem
1021 2980 1102 3022 uxor
1125 2957 1227 3044 ipsius

1284 1725 1346 1767 Βοὴ.

132 3058 277 3127 Wiilelmi
303 3083 410 3147 nuper
431 3061 635 3148 recuperauit
656 3060 767 3126 dotem
792 3082 886 3126 suum
911 3083 1017 3126 corum
1042 3060 1228 3126 iustieicriis
1280 3133 1285 3141 ¹

132 3164 181 3249 qui
202 3166 318 3231 ultimo
343 3165 582 3230 itinercuerunt
605 3165 640 3229 in
664 3163 821 3229 comitutu
846 3164 1046 3230 Gloucestrie
1067 3165 1152 3230 sicut
1171 3165 1228 3229 illa

131 3289 187 3352 que
218 3270 281 3336 fuit
317 3291 400 3335 uxor
433 3269 560 3334 heredis
593 3268 732 3355 predicti
762 3269 897 3334 Roberti
926 3269 1057 3346 Linnnt,
1087 3278 1121 3334 et
1149 3268 1225 3333 inde

131 3373 213 3456 ponit
240 3397 275 3440 se
313 3395 412 3460 super
447 3372 672 3438 uicecomitem
702 3372 910 3438 Gloucestrie.
971 3373 1015 3438 Et
1048 3372 1226 3438 uicecomes

131 3495 249 3558 presens
270 3487 323 3544 est
347 3486 382 3543 et
402 3478 464 3542 hoo
486 3485 637 3542 testatur.
682 3476 727 3541 Et
752 3476 831 3562 quic
854 3475 942 3543 idem
963 3477 1128 3542 Wulterus
1151 3499 1225 3564 cog-

131 3581 223 3646 noscit
253 3581 342 3670 quod
372 3580 459 3646 idem
490 3580 649 3646 Riccrdus
672 3580 789 3646 hebuit
814 3581 947 3646 fratrem
973 3590 1165 3646 antenatum
1190 3587 1226 3644 et

63 3681 68 3692 '
132 3683 181 3766 qui
206 3684 323 3750 liberos
352 3685 453 3750 hebet
482 3691 516 3750 et
544 3693 693 3771 pretereo
721 3685 800 3770 quie
827 3683 1028 3770 recognitum
1058 3693 1109 3749 est
1138 3682 1225 3770 quod

131 3807 202 3854 uxor
218 3789 322 3875 ipsius
343 3789 451 3854 fratris
470 3789 619 3854 entenuti
633 3789 733 3854 hebet
747 3789 858 3854 dotem
872 3811 974 3866 susm,
987 3786 1224 3854 consideratum

131 3893 284 3979 estquod
313 3893 378 3958 iste
407 3892 566 3960 Ricardus
594 3915 659 3958 non
689 3900 822 3958 tenetur
845 3893 1052 3959 warentizcro
1078 3900 1113 3958 et
1139 3891 1225 3978 quod

158 4095 232 4149 ¹She
251 4097 302 4150 hes
324 4098 430 4164 already
451 4097 530 4150 {tiled
556 4099 585 4150 in
612 4114 648 4150 un
698 4095 1009 4148 deniesthntheisheir.
1042 4094 1225 4159 Probublythc

130 4163 219 4223 ιιείιος
235 4179 277 4214 see
288 4164 379 4224 ebore,
391 4164 454 4215 Geso
466 4166 539 4218 11³9.
698 4177 757 4213 cuso
775 4177 828 4212 was
846 4161 936 4225 copied
954 4177 984 4212 cs
1002 4161 1162 4224 illustreting
1177 4160 1224 4212 the

156 4226 167 4259 ¹
180 4230 280 4280 Ruteni
287 4229 421 4294 repented.
698 4229 767 4278 rules
779 4228 807 4278 oi
817 4227 986 4278 inhcritenoe.

156 4291 167 4325 ⁸
181 4292 259 4346 tuem
269 4299 344 4345 must
353 4293 385 4346 be
394 4309 431 4345 un
441 4293 566 4346 omission
577 4293 646 4346 herc.
729 4293 741 4325 ⁴
757 4292 812 4343 'l'hs
828 4291 891 4356 only
906 4293 1002 4342 Robsrt
1016 4293 1060 4354 yet
1075 4289 1223 4341 mentioned

129 4357 218 4410 Wsltcr
230 4359 345 4411 ronches
359 4373 410 4410 one
426 4359 539 4411 Bichsrd
555 4375 584 4410 es
599 4375 647 4410 son
698 4356 776 4409 isthe
787 4357 884 4416 Abbot3
901 4357 955 4408 this
966 4359 1064 4408 cannot
1074 4355 1106 4408 be
1116 4353 1158 4406 he.

130 4422 177 4474 snt
195 4423 249 4474 heir
271 4426 301 4475 ot
322 4439 373 4475 one
394 4425 505 4486 Robert;
533 4423 647 4475 Richsrd
