3167 5075
165 418 168 425 ·
307 388 326 449 4
618 397 755 459 unsrun,
778 396 843 448 An.
867 384 961 459 1224,
984 398 1047 449 nn.
1070 388 1099 448 8.

306 574 457 640 Fulconis
472 596 535 661 que
551 595 615 638 nou
630 574 693 639 nisi
707 573 818 640 dotem
833 573 909 639 inde
925 574 1041 640 hebuit
1056 583 1091 640 et
1106 597 1169 661 que
1190 582 1309 642 tenum
1324 578 1414 643 illem

306 678 431 744 dimisit
445 676 476 743 ei
491 687 525 743 et
540 676 616 743 iude
633 677 781 765 producit
796 689 927 743 sectum.

373 783 417 849 Et
438 782 621 850 Johennes¹
644 782 737 847 uenit
759 790 794 847 et
816 781 963 848 defendit
984 783 1036 847 ius
1058 805 1154 848 suum
1176 792 1212 849 et
1236 784 1416 873 ingressum

306 888 392 953 sicut
405 886 587 973 predictum
602 892 652 951 est
667 893 702 950 et
716 884 799 950 bene
815 884 961 951 defendit
975 884 1062 972 quod
1076 894 1170 972 peter
1189 909 1268 952 snus
1288 888 1415 953 nullum

307 990 487 1077 ingressum
517 987 634 1053 hebuit
670 1008 729 1074 per
764 986 942 1074 predictam
979 989 1152 1075 Agnetem,
1180 989 1281 1056 immo
1317 992 1417 1057 hebet

307 1094 488 1183 ingressum
516 1114 575 1179 per
603 1091 805 1156 Willelmum
835 1091 939 1157 filium
969 1092 1089 1180 Rogeri
1122 1102 1250 1179 petrem
1279 1094 1418 1180 predicti

309 1198 431 1263 Thome
447 1196 504 1282 qui
519 1200 637 1260 terrem
652 1194 743 1259 illem
758 1194 850 1260 dedit
864 1193 1009 1281 predicto
1023 1196 1046 1262 J
1048 1196 1154 1261 olleno
1173 1198 1261 1284 petri
1280 1198 1418 1286 predicti

308 1300 431 1366 Jolloui
446 1322 504 1385 per
518 1306 640 1364 certum
661 1320 754 1363 suem
774 1320 873 1386 quem
893 1299 1014 1385 profert
1034 1308 1068 1364 et
1088 1322 1151 1388 que
1171 1309 1313 1367 testetur
1331 1302 1418 1390 quod

309 1402 396 1469 idem
426 1402 609 1467 Willelmus
637 1400 724 1465 filius
749 1399 870 1487 Rogeri
895 1400 954 1466 filii
980 1402 1132 1467 Fulconis
1158 1402 1251 1468 dedit
1273 1404 1419 1490 predicto

310 1507 439 1573 Jolleno
467 1506 508 1571 de
538 1504 673 1570 Neuills
696 1526 754 1590 pro
778 1504 929 1592 homagio
951 1526 1010 1570 suo
1033 1515 1068 1571 et
1092 1529 1151 1593 pro
1176 1507 1281 1574 tribus
1303 1509 1420 1575 marcis

309 1618 413 1677 totum
440 1618 560 1675 terrum
585 1608 626 1673 de
650 1608 812 1674 Wcleseis
838 1631 912 1674 cum
938 1610 1089 1676 omnibus
1114 1619 1193 1697 pert.
1217 1612 1286 1678 sine
1308 1612 1418 1701 aliquo

310 1722 532 1781 retenemento
548 1711 722 1777 tenendum
743 1722 803 1778 etc.
819 1712 966 1779 faciendo
987 1714 1161 1781 seruicium
1182 1716 1269 1803 quod
1290 1727 1418 1804 spectet

309 1818 352 1883 od
367 1817 495 1883 feodum
511 1814 639 1881 dimidii
653 1814 768 1879 militis
783 1822 843 1880 etc.
889 1816 1014 1882 Profert
1033 1818 1135 1883 eciam
1155 1826 1278 1883 curtum
1297 1820 1418 1907 Rogeri

308 1920 351 1985 de
374 1920 486 1985 Monte
512 1918 653 2007 Begonis
676 1940 739 2004 que
763 1917 886 1984 donum
909 1918 991 1985 illud
1017 1928 1158 1987 testatur
1182 1929 1217 1986 et
1240 1921 1418 2000 confirmet,

311 2024 398 2090 unde
412 2024 492 2090 dicit
507 2024 593 2111 quod
608 2032 702 2109 puter
715 2044 793 2088 suus
808 2022 896 2109 cepit
910 2023 1099 2113 homagium
1114 2026 1236 2093 Jollcni
1249 2026 1352 2112 petris
1366 2026 1417 2092 sui

311 2139 345 2197 et
371 2139 484 2218 postes
509 2152 584 2196 eum
614 2128 795 2195 cttosneuit
821 2128 948 2215 Rogero
971 2130 1104 2218 capituli
1127 2130 1258 2197 domiuo
1280 2154 1339 2197 suo
1361 2130 1419 2218 qui

310 2242 423 2321 posteo
437 2234 478 2300 od
493 2232 687 2320 peticionem
702 2231 773 2296 eius
787 2232 875 2318 cepit
889 2232 1077 2321 homagium
1092 2257 1196 2300 suum.

376 2337 420 2401 Et
436 2337 575 2402 Thomas
589 2334 682 2399 uenit
697 2343 732 2399 et
752 2336 915 2421 cognoscit
935 2344 1057 2402 cartem
1072 2336 1174 2422 putris
1194 2336 1254 2413 sui,
1268 2345 1319 2402 set
1338 2337 1419 2403 dicit

311 2438 397 2525 quod
411 2462 476 2504 non
490 2440 589 2505 debet
604 2438 635 2503 ei
650 2460 763 2503 nocere
778 2438 857 2525 quie
870 2437 956 2504 idem
972 2438 1157 2504 Willelmus
1171 2461 1338 2526 nunquam
1353 2439 1418 2505 fuit

310 2545 345 2610 in
360 2545 478 2610 seisins
492 2544 532 2610 de
547 2543 694 2630 predicte
708 2551 795 2609 terre
808 2551 843 2608 et
860 2551 1009 2630 preterea
1027 2543 1097 2630 ipse
1117 2545 1182 2610 fuit
1201 2544 1364 2612 lunaticus
1384 2554 1419 2611 et

310 2647 472 2734 impotens
486 2647 537 2712 sui
551 2655 586 2712 et
599 2645 676 2713 inde
689 2648 776 2733 petit
790 2647 956 2725 iudicium,
969 2655 1005 2712 et
1019 2647 1103 2712 bene
1117 2647 1281 2735 cognoscit
1294 2657 1417 2714 curtem

311 2750 487 2837 patrissui.
868 2792 871 2796 >

377 2853 421 2918 Et
446 2853 595 2919 Jollsnus
619 2853 716 2919 dicit'
742 2854 828 2940 quod
853 2875 967 2919 reuera
998 2853 1110 2940 Agnes
1138 2863 1244 2920 meter
1271 2853 1417 2920 eiusdem

311 2957 468 3024 Willelmi
489 2958 598 3023 tenuit
617 2967 737 3024 terrum
756 2959 846 3023 illem
866 2959 901 3023 in
923 2958 1033 3024 dotem
1055 2958 1104 3023 ite
1125 2958 1211 3045 quod
1233 2959 1417 3024 Willelmus

311 3063 375 3128 suit
400 3073 561 3128 wersntus
587 3085 665 3128 suus
695 3063 735 3129 de
765 3064 841 3129 dote
870 3086 930 3128 sus
959 3072 993 3129 et
1022 3085 1082 3150 per
1109 3076 1232 3129 curtem
1264 3062 1354 3128 illum
1383 3071 1418 3127 et

311 3165 515 3230 uoluntatem
540 3165 642 3252 ipsius
667 3165 807 3252 Agnetis
834 3165 951 3231 hebuit
980 3174 1075 3252 peter
1102 3187 1180 3231 suus
1208 3187 1300 3231 suem
1329 3164 1419 3230 seisi·

309 3291 394 3334 nem.

376 3374 420 3439 Et
441 3375 519 3461 quin
541 3375 681 3440 Thomas
703 3375 866 3462 cognoscit
891 3383 1014 3441 certem
1039 3374 1141 3462 petris
1164 3375 1216 3440 sui
1238 3382 1273 3440 et
1298 3373 1419 3439 donum

309 3499 405 3543 suum
428 3486 462 3542 et
484 3477 570 3564 quod
594 3477 777 3544 Willelmus
800 3486 894 3565 puter
916 3501 995 3544 suus
1018 3485 1057 3542 ut
1080 3486 1243 3543 wursntus
1268 3485 1303 3542 et
1326 3477 1420 3542 heres
1462 3542 1466 3550 ,

310 3581 454 3665 predicte
469 3582 609 3668 Agnetis
623 3582 715 3648 dedit
735 3582 841 3647 eidem
862 3583 886 3648 J
887 3581 1009 3647 ollone⁸
1030 3589 1151 3646 terrum
1169 3581 1260 3646 illam
1279 3589 1314 3646 et
1333 3581 1421 3668 quod

310 3686 422 3773 Agnes
436 3685 560 3751 dimisit
574 3707 609 3750 se
625 3693 684 3750 etc
701 3685 940 3751 consideratum
954 3693 1005 3750 est
1023 3684 1110 3772 quod
1127 3683 1249 3749 donum
1267 3692 1420 3750 tenentur

311 3798 346 3856 et
360 3789 433 3855 ideo
446 3789 595 3857 Jollsnus
609 3789 686 3855 inde
702 3790 833 3876 quietus
848 3798 883 3854 et
898 3789 1038 3854 Thomas
1053 3788 1088 3853 in
1102 3787 1327 3854 misericordis

188 3911 261 3975 948,
376 3893 488 3962 Abbus
508 3893 549 3958 de
570 3892 763 3980 Seutereye⁴
784 3891 1001 3958 summonitus
1021 3891 1083 3956 fuit
1103 3890 1146 3957 od
1165 3891 1421 3979 cognoscendum

192 4011 259 4050 flunt
311 3997 352 4063 de
368 4019 432 4084 quo
447 4004 539 4062 tenet
553 3995 716 4083 quoddam
730 3995 952 4062 molendinum
967 3995 1002 4060 in
1016 3994 1199 4082 Nywetonu
1212 4004 1248 4060 et
1261 4017 1321 4083 per
1334 3997 1421 4084 quod

311 4099 485 4166 seruicium
500 4107 560 4164 etc.
576 4097 662 4163 unde
677 4098 845 4163 concordis
859 4098 1026 4184 prolocuta
1041 4105 1091 4164 est
1110 4097 1198 4163 inter
1210 4098 1420 4166 Abbctisscm

346 4233 583 4286 mercloanum.
889 4233 1063 4299 thedowsgct
1073 4235 1288 4289 mcntcdtothe
1302 4235 1351 4300 gin
1367 4237 1420 4289 end

346 4299 358 4332 ¹
373 4301 461 4351 Jollcn
477 4299 525 4350 hos
539 4304 567 4350 to
583 4313 683 4350 corner
698 4298 743 4350 the
756 4299 839 4364 obiso·
890 4299 991 4364 quitted
1001 4301 1159 4364 possession.

314 4365 371 4416 tion
383 4365 568 4417 thstWillism
580 4363 624 4415 the
636 4363 719 4414 donor
729 4379 782 4414 uss
792 4368 840 4415 not
923 4364 1147 4416 ‘emundans

314 4430 406 4481 seised.
439 4430 489 4479 His
510 4443 609 4480 unrwcr
630 4430 654 4479 is
674 4431 733 4481 thot
750 4431 841 4492 ,Agnes
924 4430 935 4461 ⁴
952 4431 1060 4494 cauny.
1073 4431 1187 4482 Monost.
1200 4432 1251 4482 vol.
1263 4434 1288 4492 t,
1299 4447 1325 4496 p.
1339 4433 1397 4482 691.
