3167 5075
477 384 626 449 mmrrr,
648 388 719 440 nos
738 376 830 454 1224,
852 387 916 441 uu
940 381 968 440 8.
1230 375 1271 442 39

169 552 316 621 Robore?
331 554 423 621 cuiue
438 553 531 620 beree
545 554 615 642 ipee
629 563 689 635 eet,
703 554 753 621 itu
771 556 859 643 quod
878 557 978 623 emim
997 578 1083 625 noue
1103 555 1271 625 ffieeeisine

167 658 362 723 summonite
387 656 452 722 fuit
480 670 587 722 torem
603 655 611 745 Ι
630 657 817 724 iustioimiie
841 659 959 725 ultimo
982 659 1213 726 itinerantibus
1235 661 1271 727 in
1329 674 1385 726 {1⁴⁶1

166 770 273 846 portes
286 762 359 827 illae
369 760 457 826 inter
470 760 653 847 predictum
669 760 850 828 Robortum
865 770 1055 849 querentem
1064 770 1101 829 et
1109 762 1271 849 predictos

166 862 354 943 siwardum,
370 864 556 943 Riomdum,
570 864 746 931 Ricardum
760 874 796 931 et
808 866 1001 932 Thurildem
1017 874 1053 933 et
1072 865 1163 932 uieue
1184 874 1269 933 tene

163 966 266 1032 ieotue
294 967 358 1033 fuit
384 976 420 1033 et
445 968 602 1034 remansit
627 969 728 1035 eeeiee
752 970 910 1057 capienda
935 992 974 1035 eo
996 970 1084 1057 quod
1106 971 1269 1037 Robertru

161 1072 324 1158 predictus
347 1073 430 1139 obiit
452 1083 530 1139 unte
555 1074 740 1161 cuprionem
763 1074 909 1141 eimdem
928 1073 1026 1141 mino
1045 1082 1085 1139 ut
1104 1074 1191 1140 idem
1210 1075 1268 1141 Ri-

162 1175 274 1242 cardus
288 1175 377 1242 dicit

223 1280 269 1346 Et
290 1278 456 1347 Siumdus
476 1290 512 1347 et
533 1282 591 1347 nii
616 1283 756 1348 ueniunt
782 1288 818 1349 et
837 1282 1019 1348 defendunt
1040 1283 1093 1348 iue
1115 1298 1211 1348 eoum
1232 1291 1268 1349 et

159 1382 239 1449 bene
265 1392 464 1471 cognoscunt
489 1385 576 1472 quod
598 1386 699 1452 mise
721 1385 921 1451 summonitu
942 1386 1008 1451 fuit
1025 1392 1064 1451 et
1085 1384 1114 1451 si
1136 1407 1268 1472 preeene

159 1494 242 1552 emet
255 1487 365 1553 iuret·
378 1488 520 1553 libenter
534 1510 607 1553 erm
622 1487 897 1575 reciperentque
914 1489 1081 1576 predictus
1103 1489 1266 1558 Robertue

159 1592 265 1657 tenuit
291 1592 328 1658 iu
352 1591 517 1680 uilenegio
540 1601 575 1658 et
598 1592 674 1659 inde
699 1600 829 1679 ponunt
851 1615 888 1659 ee
910 1610 1008 1679 super
1027 1592 1177 1661 iuratum.
1221 1594 1266 1660 Et

158 1693 229 1760 ideo
242 1704 435 1781 preceptum
451 1704 501 1761 eet
515 1694 701 1761 uieeoomiti
715 1696 803 1783 quod
822 1696 996 1783 diligenter
1015 1696 1194 1783 inquireret
1208 1699 1266 1785 qui

159 1798 289 1865 fuerunt
313 1799 530 1887 reoogoitoree
554 1800 653 1866 emiee
677 1822 764 1866 noue
787 1800 956 1867 dieeeieine
982 1823 1046 1889 que
1068 1801 1266 1868 summonitor

159 1901 219 1967 fuit
237 1904 327 1969 inter
347 1912 406 1969 eto
422 1903 463 1968 de
485 1910 674 1969 tenemento
694 1912 754 1969 eto
770 1910 806 1969 et
823 1926 865 1969 ex
885 1903 951 1969 illie
970 1903 1069 1969 feoiet
1088 1903 1201 1970 uenire
1222 1904 1265 1970 ed

159 2007 449 2094 recognoscendum
464 2007 492 2073 ei
506 2007 569 2094 ipsi
583 2006 748 2073 Siwordue
763 2008 869 2074 etalii
882 2008 1004 2075 iniuste
1018 2016 1054 2074 et
1064 2008 1134 2073 eine
1144 2008 1264 2074 iudioio

160 2116 285 2197 etpost
312 2110 371 2177 ult’
394 2119 454 2177 eto
477 2110 724 2177 dieseieiuerunt
748 2112 857 2198 ipsum
883 2112 1064 2177 Robertum
1092 2111 1134 2177 de
1163 2111 1264 2178 libem

159 2218 345 2279 tenemento
359 2220 420 2279 etc.
435 2212 596 2299 quietem
610 2220 670 2278 eto.
686 2221 722 2277 ot
735 2213 850 2277 ueniet
864 2212 973 2278 iurato
986 2212 1047 2277 teli
1060 2211 1114 2277 die
1128 2219 1190 2277 ete

56 2322 115 2386 toi
219 2315 375 2382 Johennu
397 2338 461 2403 que
484 2316 549 2382 fuit
572 2330 653 2381 uxor
676 2315 813 2381 Hemioi
833 2315 894 2381 filii
915 2316 1019 2381 Renn’
1041 2315 1127 2402 petit
1148 2332 1262 2383 uereue

158 2418 358 2487 Willelmum
373 2420 413 2487 de
428 2422 579 2487 Dostone
597 2421 730 2487 tercium
749 2432 877 2508 portem
899 2422 1037 2488 duorum
1058 2430 1261 2489 cometem

157 2545 229 2590 oum
242 2534 327 2612 pert.
342 2524 377 2590 in
392 2525 543 2592 Duetone
562 2533 600 2590 ut
622 2524 733 2592 dotem
755 2549 858 2607 suem,
873 2524 960 2592 unde
982 2524 1148 2613 predictus
1169 2526 1261 2592 Heu*

155 2627 237 2695 riom
252 2650 327 2696 eom
342 2629 471 2696 dotauit
485 2638 547 2697 etc.

218 2735 262 2800 Et
272 2734 457 2800 Willelmus
467 2756 526 2822 per
536 2743 737 2801 attornetum
752 2756 849 2800 eoum
863 2734 957 2800 uenit
968 2742 1004 2799 et
1014 2733 1160 2800 defendit
1175 2734 1262 2821 quod

155 2861 217 2904 oon
230 2839 333 2906 debet
346 2839 422 2904 inde
437 2838 547 2904 dotem
567 2839 686 2906 hebere
708 2839 786 2924 quie
808 2838 973 2925 predictue
995 2839 1157 2905 Henrioru
1177 2861 1261 2905 nun·

155 2961 249 3029 quum
272 2952 395 3008 terrum
417 2943 508 3008 illem
529 2943 639 3008 tenuit
657 2942 694 3007 in
708 2943 811 3022 feodo,
824 2942 925 3009 immo
939 2943 1034 3009 Dom
1048 2944 1080 3009 J.
1095 2943 1167 3008 Rex
1181 2943 1260 3009 dum

156 3048 216 3113 fuit
245 3043 365 3115 Oomes
394 3043 587 3112 Moretoinie
615 3046 692 3113 inde
721 3045 900 3113 disseioiuit
922 3043 1131 3112 Wekelinum
1159 3060 1260 3112 uuum

155 3171 247 3217 eoum
268 3171 331 3238 per
351 3151 558 3216 uoluntatem
580 3164 672 3216 suem
695 3159 730 3216 et
750 3171 810 3238 pro
827 3150 940 3216 debito
960 3150 1047 3237 quod
1060 3150 1131 3237 ipse
1145 3151 1261 3217 debuit

156 3255 258 3322 eidem
284 3255 429 3321 Hemioo
455 3255 592 3322 eandem
619 3265 738 3322 terram
762 3253 899 3321 tradidit
922 3255 1028 3320 eidem
1051 3254 1202 3335 Henrioo,
1225 3263 1261 3321 et

157 3368 265 3444 postea
279 3359 375 3426 uenit
392 3361 464 3425 Rei
484 3359 642 3426 Rimrdue
664 3369 699 3426 et
720 3359 864 3425 reddidit
884 3358 1022 3424 eandem
1043 3367 1164 3424 terrem
1177 3357 1260 3424 Wil-

157 3462 248 3528 lelmo
269 3463 338 3529 filio
360 3464 506 3529 eiusdem
522 3463 687 3530 Wakelini
709 3471 743 3529 et
765 3464 853 3549 petri
874 3462 1020 3530 eiusdem
1042 3461 1200 3528 Willelmi
1221 3474 1260 3529 ut

156 3565 205 3631 iue
232 3575 267 3632 et
292 3566 510 3633 hereditatem
539 3589 632 3633 suum
661 3583 721 3654 per
745 3575 868 3633 certem
896 3588 989 3631 ouem
1015 3587 1113 3652 quam
1138 3568 1260 3652 profert

157 3677 189 3735 et
216 3693 279 3758 que
310 3672 370 3737 hoo
398 3671 487 3737 idem
513 3679 661 3738 testetur.
721 3673 847 3738 Profert
875 3671 978 3738 eciem
1007 3677 1131 3736 curtam
1160 3671 1260 3759 Regis

157 3772 186 3838 d.
210 3794 271 3860 que
294 3775 465 3840 confirmat
487 3775 592 3841 eidem
614 3771 780 3842 Willelmo
801 3783 922 3841 terrem
943 3773 1033 3840 illem
1056 3774 1142 3841 siout
1164 3770 1257 3843 Dom
1371 3835 1374 3840 .

157 3876 197 3942 H„
212 3871 282 3944 Rex
298 3873 393 3966 peter
412 3899 491 3944 suus
513 3879 649 3945 eundem
671 3887 792 3946 terrum
814 3878 959 3966 predicto
974 3875 1147 3944 Wulrelino
1167 3880 1259 3946 dedit

157 3998 210 4065 pro
238 3983 390 4070 homagio
419 3991 455 4049 et
483 3983 620 4050 seruieio
649 4005 707 4050 suo
736 3992 806 4062 ete,
832 3983 920 4049 unde
948 3983 1033 4048 bene
1061 3983 1143 4049 dicit
1171 3985 1259 4070 quod

158 4079 316 4169 predictus
337 4086 500 4152 Henrious
520 4087 572 4152 uir
586 4109 664 4153 euos
678 4103 846 4174 nunquam
860 4092 980 4153 terrem
994 4086 1085 4152 illem
1099 4088 1208 4153 tenuit
1222 4085 1257 4152 iu
1383 4141 1386 4144 .

160 4188 253 4268 feodo,
268 4198 304 4256 et
317 4185 394 4256 inde
409 4187 502 4278 ponit
516 4213 551 4258 se
565 4213 663 4278 super
684 4192 824 4278 petriam
847 4193 875 4257 ei
896 4199 984 4258 eerte
1005 4190 1061 4257 ille
1082 4213 1147 4256 non
1168 4192 1257 4256 euffi⁴

160 4292 244 4360 ciunt
258 4294 297 4361 ei.

590 4425 599 4457 ¹
617 4425 688 4492 Gerr.
701 4428 816 4479 Ricardr'.
