3167 5075
426 408 574 479 ,armar
595 410 660 460 nn.
685 396 778 474 1225,
801 406 864 461 ιιι
888 398 917 462 9.
1179 396 1221 481 69

128 586 160 645 ct
180 578 335 645 Radulsus
359 578 454 645 uenit
479 586 515 644 et
538 587 635 644 uocat
662 578 804 647 indeed
826 585 1008 646 warantum
1037 578 1221 667 predictum

127 682 295 748 Henricum
315 682 373 768 qui
393 682 424 746 ei
444 681 668 747 warantizauit
689 690 725 746 ct
746 682 913 769 respondit
935 682 1021 747 sicut
1046 682 1136 769 prius
1158 692 1220 749 etc

126 788 164 851 Et
183 788 308 874 loquela
328 786 416 852 inter
437 786 577 851 eundem
599 786 819 874 Reginaldum
840 796 875 851 et
894 786 1079 852 «Iohannem
1096 788 1220 853 Mema-

124 898 217 957 torsm
238 890 279 955 de
301 890 378 955 dim.
401 890 479 955 hida
500 899 585 955 terre
608 890 643 955 in
665 889 779 955 eadem
801 888 882 955 uilla
902 897 1049 955 remanet
1069 889 1140 956 sine
1164 890 1219 957 dia

124 996 192 1080 quia
205 996 227 1061 J
227 996 371 1060 ohannes
385 994 475 1059 obiit.

69 1100 89 1162 '.
180 1098 304 1164 ¹Assisa
325 1098 419 1163 uenit
442 1098 648 1185 recognitum
669 1097 742 1184 quis
764 1097 942 1163 aduocatus
963 1106 1109 1185 tempore
1128 1100 1220 1185 pacis
1276 1101 1334 1142 Μ

120 1206 313 1289 prasentauit
327 1204 479 1270 ultimam
492 1225 662 1290 personam
683 1224 746 1288 que
769 1209 900 1267 mortua
918 1209 969 1267 est
988 1202 1031 1267 ad
1050 1202 1217 1267 ecclesiam

120 1307 155 1373 da
169 1308 350 1375 Welletona
364 1331 427 1395 que
448 1316 545 1373 uacat
565 1315 605 1372 ut
620 1306 741 1372 dicitur
754 1306 848 1371 cuius
861 1305 1111 1371 aduocacionem
1125 1306 1218 1372 Prior

119 1410 155 1475 dc
176 1411 360 1498 Grimasby¹
381 1412 501 1477 clamat
523 1410 661 1497 uersus!
683 1410 853 1477 Gonanum
878 1410 920 1475 de
946 1409 1129 1476 Welletona
1159 1410 1217 1497 qui
1273 1416 1333 1468 [ml

118 1515 203 1580 uenit
223 1524 258 1581 et
280 1516 473 1603 dicitquod
494 1516 594 1582 assisa
615 1538 681 1581 non
701 1515 802 1581 debet
821 1514 898 1579 inde
918 1514 989 1580 fieri
1003 1515 1081 1601 quia
1095 1516 1217 1581 Basilia

118 1618 186 1685 auia
201 1642 260 1687 sua
279 1620 512 1687 disraoionauit
531 1620 780 1686 aduooacionem
801 1619 892 1683 illam
913 1642 972 1705 per
993 1620 1092 1684 finem
1114 1620 1218 1685 duelli

117 1732 147 1785 et
170 1732 318 1809 preterea
343 1723 544 1809 presentauit
566 1722 718 1788 clericum
740 1743 837 1787 suum
858 1720 1032 1807 quamdam
1057 1722 1215 1788 Thomam

116 1825 236 1893 nomine
260 1828 321 1913 qui
341 1828 417 1909 inde
439 1826 522 1893 obiit
543 1849 680 1912 persona
698 1826 740 1891 ad
755 1826 1032 1912 presentacionem
1047 1848 1149 1903 suam,
1164 1834 1216 1891 set

116 1951 220 1995 reuera
247 1931 338 1997 idem
367 1932 458 1996 Prior
486 1938 600 2017 postea
627 1930 707 1995 dum
735 1928 824 1995 idem
854 1928 1006 1996 Gonauus
1039 1929 1104 1994 fuit
1131 1929 1217 1994 infra

116 2040 229 2098 etatem
248 2042 284 2099 et
306 2034 342 2097 in
361 2032 508 2099 custodia
528 2034 733 2120 presentauit
754 2033 890 2099 Petrum
911 2031 953 2096 de
975 2031 1137 2097 Bathonia
1158 2030 1217 2118 qui

114 2135 221 2201 ultimo
235 2138 321 2202 obiit
334 2159 480 2224 persona.
526 2138 570 2201 Et
592 2136 669 2224 quia
690 2137 854 2225 cognoscit
875 2136 1027 2202 ultimam
1048 2144 1216 2223 presenta-

114 2240 228 2307 cionem
258 2243 407 2309 eiusdem
437 2242 555 2308 Prioris
583 2242 821 2307 consideratum
850 2250 902 2307 est
931 2242 1017 2328 quod
1046 2242 1137 2308 Prior
1164 2265 1214 2307 re·

114 2346 274 2429 ouperauit
306 2344 580 2432 presentacionem
610 2367 703 2409 suam
729 2351 763 2409 et
786 2344 814 2409 si
841 2342 993 2410 conanus
1018 2344 1069 2409 ius
1094 2344 1216 2411 habeat

113 2450 271 2534 perquirat
285 2472 323 2515 se
339 2449 367 2514 si
381 2448 522 2514 uoluerit
537 2456 571 2513 et
586 2448 629 2513 sit
644 2447 680 2513 in
694 2448 918 2515 misericordia

25 2553 82 2620 036.
172 2552 374 2619 ⁸Willelmus
399 2553 439 2618 de
466 2550 688 2639 Haueringes⁴
718 2552 806 2638 petit
835 2575 949 2618 uersus
977 2554 1153 2642 Hugonem
1183 2554 1214 2620 le
1285 2575 1294 2588 ’

114 2654 211 2743 Bigod
226 2659 393 2725 Comitem
409 2657 571 2722 Norfolcie
586 2657 768 2723 manerium
783 2657 825 2723 de
845 2658 1023 2723 Hauericte
1035 2677 1113 2724 ‘cum
1132 2666 1215 2745 pert

115 2769 148 2825 ut
166 2761 216 2826 ius
237 2785 338 2828 suum
361 2762 448 2828 unde
469 2762 653 2828 Willelmus
675 2785 757 2827 auus
779 2784 857 2826 suus
879 2761 943 2826 fuit
963 2762 1092 2828 saisitus
1113 2771 1154 2827 ut
1172 2762 1214 2828 de

114 2865 198 2929 feodo
212 2873 246 2930 et
261 2867 335 2948 iure
351 2873 386 2930 et
399 2865 435 2929 in
450 2865 609 2930 dominico
629 2873 775 2950 tempore
798 2865 841 2929 Η
856 2864 958 2952 Regis
971 2865 1028 2951 qui
1048 2865 1112 2930 fuit
1131 2887 1215 2930 auus

113 2966 197 3036 Dona
212 2969 317 3056 Regis
331 2968 398 3034 scil
414 2992 498 3034 anno
513 2977 548 3035 et
562 2969 615 3033 die
631 2991 695 3055 quo
710 2967 792 3033 obiit
812 2967 970 3054 capiendo
989 2967 1065 3033 inde
1085 2969 1216 3054 expleta

112 3067 149 3131 ad
162 3069 345 3134 ualenciam
360 3093 412 3134 xx.
427 3069 481 3134 sol
497 3077 569 3146 cto,
584 3077 618 3132 et
637 3068 678 3132 de
698 3067 768 3153 ipso
789 3067 953 3131 Willelmo
976 3068 1144 3133 descendit
1162 3069 1214 3135 ius

112 3168 191 3236 illius
205 3181 291 3238 terre
309 3171 437 3238 Simoni
450 3170 518 3236 filio
533 3193 591 3236 suo
607 3177 641 3235 et
655 3169 743 3256 patri
757 3169 854 3235 istius
868 3169 1025 3236 Willelmi
1040 3179 1075 3237 et
1089 3171 1129 3236 de
1144 3172 1216 3258 ipso

114 3273 235 3342 Simone
250 3275 331 3340 huic
346 3274 510 3339 Willelmo
525 3280 563 3338 ut
578 3273 644 3338 filio
660 3281 695 3338 et
709 3272 822 3338 heredi
836 3294 895 3338 suo
909 3282 944 3338 et
959 3274 1019 3339 hoc
1033 3275 1127 3340 offert
1141 3283 1202 3340 ete

171 3379 212 3444 Et
242 3380 364 3446 Comes
394 3379 486 3444 uenit
515 3387 550 3444 et
579 3377 726 3443 defendit
755 3377 808 3443 ius
836 3399 933 3442 suum
958 3399 1046 3442 nunc
1072 3386 1107 3443 et
1133 3377 1214 3442 alias

113 3485 231 3567 quando
254 3483 431 3550 defendere
456 3483 599 3561 debebit,
622 3491 672 3548 set
698 3481 778 3546 dicit
804 3480 891 3567 quod
915 3503 980 3546 non
1010 3480 1108 3546 debet
1136 3481 1213 3547 inda

113 3588 295 3672 respondere
319 3586 391 3652 sine
414 3586 507 3652 Dom.
528 3584 636 3672 Rega⁸
658 3585 735 3671 quia
756 3585 878 3671 profert
899 3583 1038 3649 cartam⁸
1058 3585 1152 3650 Dom
1169 3585 1213 3650 H.

113 3688 203 3778 Regis
216 3695 273 3758 aui
288 3693 386 3758 Dom.
402 3692 503 3779 Regis
518 3715 581 3778 que
597 3699 740 3755 testatur
753 3687 840 3776 quod
860 3689 929 3775 ipse
944 3688 1022 3753 facit
1037 3689 1213 3776 Hugonem

113 3794 208 3882 Bigod
229 3798 399 3865 Comitem
424 3796 593 3862 Nodolkie
616 3794 680 3860 soil
704 3794 745 3859 de
768 3793 868 3858 tercio
897 3791 1029 3857 denario
1050 3793 1091 3858 de
1113 3793 1214 3858 Nort-

113 3897 203 3966 uicho
239 3909 275 3966 et
311 3899 354 3965 de
385 3899 597 4087 NortfollriaJ
600 3905 660 3964 ete.
690 3905 725 3962 et
754 3896 841 3982 quod
872 3895 1059 3982 recognouit
1088 3904 1213 3962 rectum

117 4105 299 4189 Walesham³
324 4109 366 4174 de
388 4107 568 4174 Haueriete
583 4024 627 4172 Jet
650 4106 690 4172 de
710 4105 814 4192 Aclay
832 4127 907 4170 cum
926 4104 1086 4182 barcariis
1100 4104 1214 4171 etheo

143 4239 281 4295 ¹..Brn1
317 4241 636 4306 Braotonwttttoitos
718 4241 861 4294 ³B.m.1.

116 4305 236 4360 tinam
718 4307 910 4364 tumarchen.
922 4306 954 4358 B.

117 4371 291 4487 samm
305 4373 339 4427 B
376 4373 491 4425 Hm
506 4372 558 4426 *⁰¹
574 4373 598 4434 ⁰
610 4386 636 4437 Ρ
719 4372 965 4500 :diffiido
981 4439 1004 4496 1,
1016 4452 1042 4503 p.
1058 4437 1115 4488 ιιι.
