<?xml version="1.0" encoding="UTF-8"?>
<!DOCTYPE html PUBLIC "-//W3C//DTD XHTML 1.0 Transitional//EN"
    "http://www.w3.org/TR/xhtml1/DTD/xhtml1-transitional.dtd">
<html xmlns="http://www.w3.org/1999/xhtml" xml:lang="en" lang="en">
 <head>
  <title>
</title>
<meta http-equiv="Content-Type" content="text/html;charset=utf-8" />
  <meta name='ocr-system' content='tesseract 3.04.00' />
  <meta name='ocr-capabilities' content='ocr_page ocr_carea ocr_par ocr_line ocrx_word'/>
</head>
<body>
  <div class='ocr_page' id='page_1' title='image "bractonsnoteboo03maitgoog_0179.png"; bbox 0 0 3167 5075; ppageno 0'>
   <div class='ocr_carea' id='block_1_1' title="bbox 352 398 1234 473">
    <p class='ocr_par' dir='ltr' id='par_1_1' title="bbox 352 398 1234 473">
     <span class='ocr_line' id='line_1_1' title="bbox 352 398 1234 473; baseline 0.002 -14"><span class='ocrx_word' id='word_1_1' title='bbox 352 410 469 459; x_wconf 78' lang='lat' dir='ltr'>consu</span> <span class='ocrx_word' id='word_1_2' title='bbox 492 410 591 473; x_wconf 73' lang='lat' dir='ltr'>mon,</span> <span class='ocrx_word' id='word_1_3' title='bbox 613 410 678 461; x_wconf 70' lang='lat' dir='ltr'>sn.</span> <span class='ocrx_word' id='word_1_4' title='bbox 704 398 862 473; x_wconf 75' lang='grc'><strong>1235-6,</strong></span> <span class='ocrx_word' id='word_1_5' title='bbox 883 411 946 462; x_wconf 74' lang='lat' dir='ltr'>nn</span> <span class='ocrx_word' id='word_1_6' title='bbox 969 398 1020 462; x_wconf 76' lang='lat'>20.</span> <span class='ocrx_word' id='word_1_7' title='bbox 1172 400 1234 463; x_wconf 81' lang='lat'>165</span> 
     </span>
    </p>
   </div>
   <div class='ocr_carea' id='block_1_2' title="bbox 125 578 1367 1310">
    <p class='ocr_par' dir='ltr' id='par_1_2' title="bbox 127 578 1311 874">
     <span class='ocr_line' id='line_1_2' title="bbox 127 578 1311 669; baseline 0.003 -24"><span class='ocrx_word' id='word_1_8' title='bbox 127 580 185 645; x_wconf 94' lang='lat' dir='ltr'>illo</span> <span class='ocrx_word' id='word_1_9' title='bbox 207 578 297 645; x_wconf 86' lang='lat' dir='ltr'>unde</span> <span class='ocrx_word' id='word_1_10' title='bbox 319 579 409 645; x_wconf 85' lang='lat' dir='ltr'>uisus</span> <span class='ocrx_word' id='word_1_11' title='bbox 430 580 535 647; x_wconf 79' lang='lat' dir='ltr'>factus</span> <span class='ocrx_word' id='word_1_12' title='bbox 558 588 610 646; x_wconf 86' lang='lat' dir='ltr'>est</span> <span class='ocrx_word' id='word_1_13' title='bbox 631 579 708 667; x_wconf 82' lang='lat' dir='ltr'>quia</span> <span class='ocrx_word' id='word_1_14' title='bbox 729 580 801 668; x_wconf 82' lang='lat' dir='ltr'>ipss</span> <span class='ocrx_word' id='word_1_15' title='bbox 820 582 870 646; x_wconf 84' lang='lat' dir='ltr'>its</span> <span class='ocrx_word' id='word_1_16' title='bbox 891 580 954 645; x_wconf 78' lang='lat' dir='ltr'>fuit</span> <span class='ocrx_word' id='word_1_17' title='bbox 972 580 1008 646; x_wconf 92' lang='lat' dir='ltr'>in</span> <span class='ocrx_word' id='word_1_18' title='bbox 1027 581 1146 647; x_wconf 85' lang='lat' dir='ltr'>seisina</span> <span class='ocrx_word' id='word_1_19' title='bbox 1163 591 1238 669; x_wconf 82' lang='lat' dir='ltr'>post</span> <span class='ocrx_word' id='word_1_20' title='bbox 1308 644 1311 648; x_wconf 84' lang='lat'>.</span> 
     </span>
     <span class='ocr_line' id='line_1_3' title="bbox 128 683 1237 771; baseline 0.001 -22"><span class='ocrx_word' id='word_1_21' title='bbox 128 692 271 749; x_wconf 89' lang='lat' dir='ltr'>mortem</span> <span class='ocrx_word' id='word_1_22' title='bbox 300 683 365 748; x_wconf 88' lang='lat' dir='ltr'>uiri</span> <span class='ocrx_word' id='word_1_23' title='bbox 393 684 445 749; x_wconf 90' lang='lat' dir='ltr'>sui</span> <span class='ocrx_word' id='word_1_24' title='bbox 473 683 523 749; x_wconf 80' lang='lat' dir='ltr'>ite</span> <span class='ocrx_word' id='word_1_25' title='bbox 551 683 638 769; x_wconf 92' lang='lat' dir='ltr'>quod</span> <span class='ocrx_word' id='word_1_26' title='bbox 666 684 777 771; x_wconf 90' lang='lat' dir='ltr'>potuit</span> <span class='ocrx_word' id='word_1_27' title='bbox 801 706 874 750; x_wconf 81' lang='lat' dir='ltr'>eem</span> <span class='ocrx_word' id='word_1_28' title='bbox 900 684 1040 750; x_wconf 85' lang='lat' dir='ltr'>howare¹</span> <span class='ocrx_word' id='word_1_29' title='bbox 1065 684 1176 750; x_wconf 79' lang='lat' dir='ltr'>erdere</span> <span class='ocrx_word' id='word_1_30' title='bbox 1202 694 1237 750; x_wconf 91' lang='lat' dir='ltr'>et</span> 
     </span>
     <span class='ocr_line' id='line_1_4' title="bbox 128 787 1235 874; baseline 0.001 -23"><span class='ocrx_word' id='word_1_31' title='bbox 128 787 285 864; x_wconf 73' lang='lat' dir='ltr'>excolere,</span> <span class='ocrx_word' id='word_1_32' title='bbox 309 795 344 852; x_wconf 91' lang='lat' dir='ltr'>et</span> <span class='ocrx_word' id='word_1_33' title='bbox 370 788 433 852; x_wconf 84' lang='lat' dir='ltr'>fuit</span> <span class='ocrx_word' id='word_1_34' title='bbox 457 787 492 853; x_wconf 90' lang='lat' dir='ltr'>in</span> <span class='ocrx_word' id='word_1_35' title='bbox 515 787 634 853; x_wconf 82' lang='lat' dir='ltr'>seisina</span> <span class='ocrx_word' id='word_1_36' title='bbox 656 787 757 853; x_wconf 91' lang='lat' dir='ltr'>donec</span> <span class='ocrx_word' id='word_1_37' title='bbox 783 810 840 874; x_wconf 89' lang='lat' dir='ltr'>per</span> <span class='ocrx_word' id='word_1_38' title='bbox 868 788 1029 874; x_wconf 87' lang='lat' dir='ltr'>predictos</span> <span class='ocrx_word' id='word_1_39' title='bbox 1054 789 1235 854; x_wconf 85' lang='lat' dir='ltr'>Waltemm</span> 
     </span>
    </p>

    <p class='ocr_par' dir='ltr' id='par_1_3' title="bbox 125 892 1367 1310">
     <span class='ocr_line' id='line_1_5' title="bbox 127 892 1237 979; baseline 0.002 -23"><span class='ocrx_word' id='word_1_40' title='bbox 127 900 163 956; x_wconf 90' lang='lat' dir='ltr'>et</span> <span class='ocrx_word' id='word_1_41' title='bbox 179 892 360 957; x_wconf 88' lang='lat' dir='ltr'>Henricum</span> <span class='ocrx_word' id='word_1_42' title='bbox 375 892 440 957; x_wconf 79' lang='lat' dir='ltr'>fuit</span> <span class='ocrx_word' id='word_1_43' title='bbox 454 892 623 958; x_wconf 73' lang='lat' dir='ltr'>disseisits</span> <span class='ocrx_word' id='word_1_44' title='bbox 669 893 713 957; x_wconf 86' lang='lat' dir='ltr'>Et</span> <span class='ocrx_word' id='word_1_45' title='bbox 732 892 806 958; x_wconf 92' lang='lat' dir='ltr'>ideo</span> <span class='ocrx_word' id='word_1_46' title='bbox 825 892 1063 958; x_wconf 81' lang='lat' dir='ltr'>consideratum</span> <span class='ocrx_word' id='word_1_47' title='bbox 1084 901 1134 958; x_wconf 89' lang='lat' dir='ltr'>est</span> <span class='ocrx_word' id='word_1_48' title='bbox 1151 894 1237 979; x_wconf 93' lang='lat' dir='ltr'>quod</span> 
     </span>
     <span class='ocr_line' id='line_1_6' title="bbox 126 995 1236 1084; baseline 0 -23"><span class='ocrx_word' id='word_1_49' title='bbox 126 995 276 1082; x_wconf 81' lang='lat' dir='ltr'>predicte</span> <span class='ocrx_word' id='word_1_50' title='bbox 297 995 432 1061; x_wconf 83' lang='lat' dir='ltr'>Msbilis</span> <span class='ocrx_word' id='word_1_51' title='bbox 454 1004 624 1083; x_wconf 78' lang='lat' dir='ltr'>recuperet</span> <span class='ocrx_word' id='word_1_52' title='bbox 643 996 795 1061; x_wconf 81' lang='lat' dir='ltr'>seisinum</span> <span class='ocrx_word' id='word_1_53' title='bbox 815 1018 908 1061; x_wconf 82' lang='lat' dir='ltr'>suam</span> <span class='ocrx_word' id='word_1_54' title='bbox 928 1018 987 1082; x_wconf 91' lang='lat' dir='ltr'>per</span> <span class='ocrx_word' id='word_1_55' title='bbox 1007 996 1114 1061; x_wconf 90' lang='lat' dir='ltr'>uisum</span> <span class='ocrx_word' id='word_1_56' title='bbox 1129 1019 1236 1084; x_wconf 88' lang='lat' dir='ltr'>recog-</span> 
     </span>
     <span class='ocr_line' id='line_1_7' title="bbox 125 1099 1236 1187; baseline 0.003 -23"><span class='ocrx_word' id='word_1_57' title='bbox 125 1100 272 1165; x_wconf 87' lang='lat' dir='ltr'>nitorum</span> <span class='ocrx_word' id='word_1_58' title='bbox 297 1108 332 1165; x_wconf 90' lang='lat' dir='ltr'>et</span> <span class='ocrx_word' id='word_1_59' title='bbox 357 1099 495 1187; x_wconf 81' lang='lat' dir='ltr'>predicti</span> <span class='ocrx_word' id='word_1_60' title='bbox 519 1100 685 1166; x_wconf 78' lang='lat' dir='ltr'>Walterus</span> <span class='ocrx_word' id='word_1_61' title='bbox 710 1108 745 1165; x_wconf 90' lang='lat' dir='ltr'>et</span> <span class='ocrx_word' id='word_1_62' title='bbox 772 1100 933 1165; x_wconf 88' lang='lat' dir='ltr'>Henricus</span> <span class='ocrx_word' id='word_1_63' title='bbox 956 1100 991 1164; x_wconf 88' lang='lat' dir='ltr'>iu</span> <span class='ocrx_word' id='word_1_64' title='bbox 1014 1099 1236 1167; x_wconf 72' lang='lat' dir='ltr'>misericordie</span> 
     </span>
     <span class='ocr_line' id='line_1_8' title="bbox 126 1203 1367 1310; baseline -0.002 -41"><span class='ocrx_word' id='word_1_65' title='bbox 126 1204 248 1290; x_wconf 79' lang='lat' dir='ltr'>Dapnn</span> <span class='ocrx_word' id='word_1_66' title='bbox 268 1204 360 1269; x_wconf 82' lang='lat' dir='ltr'>nulle</span> <span class='ocrx_word' id='word_1_67' title='bbox 381 1204 458 1291; x_wconf 84' lang='lat' dir='ltr'>quis</span> <span class='ocrx_word' id='word_1_68' title='bbox 480 1212 567 1271; x_wconf 75' lang='lat' dir='ltr'>tens</span> <span class='ocrx_word' id='word_1_69' title='bbox 587 1204 644 1270; x_wconf 86' lang='lat' dir='ltr'>illa</span> <span class='ocrx_word' id='word_1_70' title='bbox 666 1205 840 1270; x_wconf 77' lang='lat' dir='ltr'>emendate</span> <span class='ocrx_word' id='word_1_71' title='bbox 861 1214 911 1270; x_wconf 89' lang='lat' dir='ltr'>est</span> <span class='ocrx_word' id='word_1_72' title='bbox 933 1226 992 1291; x_wconf 92' lang='lat' dir='ltr'>per</span> <span class='ocrx_word' id='word_1_73' title='bbox 1014 1203 1187 1269; x_wconf 74' lang='lat' dir='ltr'>heticium·</span> <span class='ocrx_word' id='word_1_74' title='bbox 1201 1211 1237 1267; x_wconf 90' lang='lat' dir='ltr'>et</span> <span class='ocrx_word' id='word_1_75' title='bbox 1249 1222 1367 1310; x_wconf 53' lang='lat' dir='ltr'>muno</span> 
     </span>
    </p>
   </div>
   <div class='ocr_carea' id='block_1_3' title="bbox 74 1308 1580 4209">
    <p class='ocr_par' dir='ltr' id='par_1_4' title="bbox 125 1269 1580 1410">
     <span class='ocr_line' id='line_1_9' title="bbox 125 1308 1357 1396; baseline 0 -22"><span class='ocrx_word' id='word_1_76' title='bbox 125 1309 295 1375; x_wconf 84' lang='lat' dir='ltr'>aliomodo.</span> <span class='ocrx_word' id='word_1_77' title='bbox 342 1308 385 1375; x_wconf 86' lang='lat' dir='ltr'>Et</span> <span class='ocrx_word' id='word_1_78' title='bbox 407 1310 574 1376; x_wconf 89' lang='lat' dir='ltr'>sciendum</span> <span class='ocrx_word' id='word_1_79' title='bbox 597 1309 683 1396; x_wconf 88' lang='lat' dir='ltr'>quod</span> <span class='ocrx_word' id='word_1_80' title='bbox 705 1309 786 1375; x_wconf 89' lang='lat' dir='ltr'>dicit</span> <span class='ocrx_word' id='word_1_81' title='bbox 808 1309 894 1396; x_wconf 92' lang='lat' dir='ltr'>quod</span> <span class='ocrx_word' id='word_1_82' title='bbox 916 1318 967 1375; x_wconf 90' lang='lat' dir='ltr'>est</span> <span class='ocrx_word' id='word_1_83' title='bbox 991 1310 1027 1375; x_wconf 91' lang='lat' dir='ltr'>in</span> <span class='ocrx_word' id='word_1_84' title='bbox 1052 1310 1170 1375; x_wconf 85' lang='lat' dir='ltr'>seisine</span> <span class='ocrx_word' id='word_1_85' title='bbox 1194 1309 1235 1375; x_wconf 89' lang='lat' dir='ltr'>de</span> <span class='ocrx_word' id='word_1_86' title='bbox 1248 1316 1357 1367; x_wconf 61' lang='lat' dir='ltr'>‘Mum&#39;-</span> 
     </span>
    </p>

    <p class='ocr_par' dir='ltr' id='par_1_5' title="bbox 126 1411 1580 1508">
     <span class='ocr_line' id='line_1_10' title="bbox 126 1411 1580 1508; baseline 0.002 -32"><span class='ocrx_word' id='word_1_87' title='bbox 126 1411 270 1498; x_wconf 75' lang='lat' dir='ltr'>quadam</span> <span class='ocrx_word' id='word_1_88' title='bbox 285 1420 377 1499; x_wconf 73' lang='lat' dir='ltr'>parte</span> <span class='ocrx_word' id='word_1_89' title='bbox 392 1412 481 1478; x_wconf 86' lang='lat' dir='ltr'>illius</span> <span class='ocrx_word' id='word_1_90' title='bbox 501 1412 681 1478; x_wconf 89' lang='lat' dir='ltr'>tenementi</span> <span class='ocrx_word' id='word_1_91' title='bbox 701 1420 736 1477; x_wconf 91' lang='lat' dir='ltr'>et</span> <span class='ocrx_word' id='word_1_92' title='bbox 755 1412 819 1478; x_wconf 84' lang='lat' dir='ltr'>fuit</span> <span class='ocrx_word' id='word_1_93' title='bbox 839 1420 875 1478; x_wconf 91' lang='lat' dir='ltr'>et</span> <span class='ocrx_word' id='word_1_94' title='bbox 893 1434 958 1477; x_wconf 92' lang='lat' dir='ltr'>non</span> <span class='ocrx_word' id='word_1_95' title='bbox 981 1413 1091 1499; x_wconf 80' lang='lat' dir='ltr'>posuit</span> <span class='ocrx_word' id='word_1_96' title='bbox 1109 1422 1235 1500; x_wconf 78' lang='lat' dir='ltr'>portem</span> <span class='ocrx_word' id='word_1_97' title='bbox 1579 1413 1580 1508; x_wconf 57' lang='lat' dir='ltr'>l</span> 
     </span>
    </p>

    <p class='ocr_par' dir='ltr' id='par_1_6' title="bbox 74 1516 1580 1709">
     <span class='ocr_line' id='line_1_11' title="bbox 125 1516 1580 1608; baseline 0.003 -27"><span class='ocrx_word' id='word_1_98' title='bbox 125 1516 220 1582; x_wconf 77' lang='lat' dir='ltr'>illam</span> <span class='ocrx_word' id='word_1_99' title='bbox 235 1517 270 1581; x_wconf 91' lang='lat' dir='ltr'>in</span> <span class='ocrx_word' id='word_1_100' title='bbox 285 1517 359 1582; x_wconf 89' lang='lat' dir='ltr'>uisu</span> <span class='ocrx_word' id='word_1_101' title='bbox 374 1539 433 1583; x_wconf 90' lang='lat' dir='ltr'>suo</span> <span class='ocrx_word' id='word_1_102' title='bbox 444 1518 522 1604; x_wconf 80' lang='lat' dir='ltr'>quie</span> <span class='ocrx_word' id='word_1_103' title='bbox 535 1540 601 1583; x_wconf 90' lang='lat' dir='ltr'>non</span> <span class='ocrx_word' id='word_1_104' title='bbox 615 1518 680 1582; x_wconf 85' lang='lat' dir='ltr'>fuit</span> <span class='ocrx_word' id='word_1_105' title='bbox 695 1516 770 1584; x_wconf 90' lang='lat' dir='ltr'>inde</span> <span class='ocrx_word' id='word_1_106' title='bbox 786 1517 953 1583; x_wconf 77' lang='lat' dir='ltr'>disseisite</span> <span class='ocrx_word' id='word_1_107' title='bbox 1579 1517 1580 1608; x_wconf 74' lang='lat' dir='ltr'>l</span> 
     </span>
     <span class='ocr_line' id='line_1_12' title="bbox 74 1611 1580 1709; baseline -0.005 -16"><span class='ocrx_word' id='word_1_108' title='bbox 74 1676 82 1693; x_wconf 92' lang='lat'><strong>.</strong></span> <span class='ocrx_word' id='word_1_109' title='bbox 195 1620 389 1709; x_wconf 87' lang='lat' dir='ltr'>Preceptum</span> <span class='ocrx_word' id='word_1_110' title='bbox 414 1622 478 1687; x_wconf 82' lang='lat' dir='ltr'>fuit</span> <span class='ocrx_word' id='word_1_111' title='bbox 502 1622 686 1687; x_wconf 89' lang='lat' dir='ltr'>uicecomiti</span> <span class='ocrx_word' id='word_1_112' title='bbox 712 1619 798 1709; x_wconf 90' lang='lat' dir='ltr'>quod</span> <span class='ocrx_word' id='word_1_113' title='bbox 823 1621 858 1685; x_wconf 90' lang='lat' dir='ltr'>in</span> <span class='ocrx_word' id='word_1_114' title='bbox 883 1622 979 1708; x_wconf 88' lang='lat' dir='ltr'>pleno</span> <span class='ocrx_word' id='word_1_115' title='bbox 1004 1622 1160 1687; x_wconf 80' lang='lat' dir='ltr'>comitatu</span> <span class='ocrx_word' id='word_1_116' title='bbox 1186 1644 1235 1687; x_wconf 90' lang='lat' dir='ltr'>re·</span> <span class='ocrx_word' id='word_1_117' title='bbox 1283 1645 1363 1686; x_wconf 70' lang='lat' dir='ltr'>nouos</span> <span class='ocrx_word' id='word_1_118' title='bbox 1579 1611 1580 1664; x_wconf 67' lang='lat' dir='ltr'>l</span> 
     </span>
    </p>

    <p class='ocr_par' dir='ltr' id='par_1_7' title="bbox 126 1725 1236 1814">
     <span class='ocr_line' id='line_1_13' title="bbox 126 1725 1236 1814; baseline 0.001 -23"><span class='ocrx_word' id='word_1_119' title='bbox 126 1725 254 1793; x_wconf 80' lang='lat' dir='ltr'>cordsri</span> <span class='ocrx_word' id='word_1_120' title='bbox 283 1727 402 1793; x_wconf 81' lang='lat' dir='ltr'>feceret</span> <span class='ocrx_word' id='word_1_121' title='bbox 431 1728 592 1814; x_wconf 75' lang='lat' dir='ltr'>loquelam</span> <span class='ocrx_word' id='word_1_122' title='bbox 622 1748 685 1814; x_wconf 90' lang='lat' dir='ltr'>que</span> <span class='ocrx_word' id='word_1_123' title='bbox 715 1727 779 1793; x_wconf 85' lang='lat' dir='ltr'>fuit</span> <span class='ocrx_word' id='word_1_124' title='bbox 808 1727 843 1791; x_wconf 92' lang='lat' dir='ltr'>in</span> <span class='ocrx_word' id='word_1_125' title='bbox 872 1726 1030 1792; x_wconf 80' lang='lat' dir='ltr'>comitatu</span> <span class='ocrx_word' id='word_1_126' title='bbox 1059 1750 1117 1793; x_wconf 91' lang='lat' dir='ltr'>suo</span> <span class='ocrx_word' id='word_1_127' title='bbox 1150 1728 1236 1793; x_wconf 92' lang='lat' dir='ltr'>inter</span> 
     </span>
    </p>

    <p class='ocr_par' dir='ltr' id='par_1_8' title="bbox 126 1828 1236 1918">
     <span class='ocr_line' id='line_1_14' title="bbox 126 1828 1236 1918; baseline 0.002 -24"><span class='ocrx_word' id='word_1_128' title='bbox 126 1828 312 1895; x_wconf 78' lang='lat' dir='ltr'>Walterum</span> <span class='ocrx_word' id='word_1_129' title='bbox 342 1829 384 1895; x_wconf 86' lang='lat' dir='ltr'>de</span> <span class='ocrx_word' id='word_1_130' title='bbox 413 1830 541 1918; x_wconf 85' lang='lat' dir='ltr'>Reygni</span> <span class='ocrx_word' id='word_1_131' title='bbox 570 1838 761 1917; x_wconf 72' lang='lat' dir='ltr'>querentem</span> <span class='ocrx_word' id='word_1_132' title='bbox 791 1838 827 1895; x_wconf 90' lang='lat' dir='ltr'>et</span> <span class='ocrx_word' id='word_1_133' title='bbox 856 1830 1035 1895; x_wconf 87' lang='lat' dir='ltr'>Henricum</span> <span class='ocrx_word' id='word_1_134' title='bbox 1064 1830 1104 1897; x_wconf 91' lang='lat' dir='ltr'>de</span> <span class='ocrx_word' id='word_1_135' title='bbox 1134 1830 1236 1918; x_wconf 80' lang='lat' dir='ltr'>Treoy</span> 
     </span>
    </p>

    <p class='ocr_par' dir='ltr' id='par_1_9' title="bbox 125 1934 1236 2023">
     <span class='ocr_line' id='line_1_15' title="bbox 125 1934 1236 2023; baseline 0.001 -23"><span class='ocrx_word' id='word_1_136' title='bbox 125 1934 362 2001; x_wconf 77' lang='lat' dir='ltr'>deforciantem</span> <span class='ocrx_word' id='word_1_137' title='bbox 373 1936 414 2001; x_wconf 92' lang='lat' dir='ltr'>de</span> <span class='ocrx_word' id='word_1_138' title='bbox 428 1958 467 2002; x_wconf 89' lang='lat' dir='ltr'>co</span> <span class='ocrx_word' id='word_1_139' title='bbox 483 1935 567 2023; x_wconf 91' lang='lat' dir='ltr'>quod</span> <span class='ocrx_word' id='word_1_140' title='bbox 582 1935 669 2001; x_wconf 88' lang='lat' dir='ltr'>idem</span> <span class='ocrx_word' id='word_1_141' title='bbox 686 1936 848 2001; x_wconf 91' lang='lat' dir='ltr'>Henricus</span> <span class='ocrx_word' id='word_1_142' title='bbox 867 1935 955 2021; x_wconf 89' lang='lat' dir='ltr'>cepit</span> <span class='ocrx_word' id='word_1_143' title='bbox 975 1935 1085 2000; x_wconf 84' lang='lat' dir='ltr'>eueris</span> <span class='ocrx_word' id='word_1_144' title='bbox 1099 1934 1236 2021; x_wconf 78' lang='lat' dir='ltr'>predicti</span> 
     </span>
    </p>

    <p class='ocr_par' dir='ltr' id='par_1_10' title="bbox 127 2036 1236 2115">
     <span class='ocr_line' id='line_1_16' title="bbox 127 2036 1236 2115; baseline 0 -12"><span class='ocrx_word' id='word_1_145' title='bbox 127 2037 270 2103; x_wconf 80' lang='lat' dir='ltr'>Walteri</span> <span class='ocrx_word' id='word_1_146' title='bbox 284 2046 319 2103; x_wconf 88' lang='lat' dir='ltr'>et</span> <span class='ocrx_word' id='word_1_147' title='bbox 332 2038 453 2104; x_wconf 88' lang='lat' dir='ltr'>iniuste</span> <span class='ocrx_word' id='word_1_148' title='bbox 474 2038 618 2105; x_wconf 75' lang='lat' dir='ltr'>detinuit</span> <span class='ocrx_word' id='word_1_149' title='bbox 637 2046 676 2103; x_wconf 88' lang='lat' dir='ltr'>ut</span> <span class='ocrx_word' id='word_1_150' title='bbox 700 2037 787 2115; x_wconf 90' lang='lat' dir='ltr'>dicit,</span> <span class='ocrx_word' id='word_1_151' title='bbox 804 2046 839 2103; x_wconf 87' lang='lat' dir='ltr'>et</span> <span class='ocrx_word' id='word_1_152' title='bbox 859 2037 944 2104; x_wconf 91' lang='lat' dir='ltr'>unde</span> <span class='ocrx_word' id='word_1_153' title='bbox 965 2036 1052 2102; x_wconf 90' lang='lat' dir='ltr'>idem</span> <span class='ocrx_word' id='word_1_154' title='bbox 1072 2038 1236 2103; x_wconf 82' lang='lat' dir='ltr'>Walterus</span> 
     </span>
    </p>

    <p class='ocr_par' dir='ltr' id='par_1_11' title="bbox 126 2141 1236 2229">
     <span class='ocr_line' id='line_1_17' title="bbox 126 2141 1236 2229; baseline 0.001 -22"><span class='ocrx_word' id='word_1_155' title='bbox 126 2151 266 2229; x_wconf 87' lang='lat' dir='ltr'>questus</span> <span class='ocrx_word' id='word_1_156' title='bbox 294 2143 358 2208; x_wconf 90' lang='lat' dir='ltr'>fuit</span> <span class='ocrx_word' id='word_1_157' title='bbox 387 2143 502 2208; x_wconf 85' lang='lat' dir='ltr'>falsum</span> <span class='ocrx_word' id='word_1_158' title='bbox 534 2144 597 2209; x_wconf 90' lang='lat' dir='ltr'>sibi</span> <span class='ocrx_word' id='word_1_159' title='bbox 626 2144 747 2209; x_wconf 80' lang='lat' dir='ltr'>fuctum</span> <span class='ocrx_word' id='word_1_160' title='bbox 776 2141 873 2208; x_wconf 86' lang='lat' dir='ltr'>luisse</span> <span class='ocrx_word' id='word_1_161' title='bbox 898 2141 1064 2220; x_wconf 88' lang='lat' dir='ltr'>iudicium,</span> <span class='ocrx_word' id='word_1_162' title='bbox 1090 2152 1125 2207; x_wconf 89' lang='lat' dir='ltr'>et</span> <span class='ocrx_word' id='word_1_163' title='bbox 1149 2142 1236 2229; x_wconf 93' lang='lat' dir='ltr'>quod</span> 
     </span>
    </p>

    <p class='ocr_par' dir='ltr' id='par_1_12' title="bbox 126 2244 1235 2333">
     <span class='ocr_line' id='line_1_18' title="bbox 126 2244 1235 2333; baseline 0 -22"><span class='ocrx_word' id='word_1_164' title='bbox 126 2246 298 2311; x_wconf 89' lang='lat' dir='ltr'>reoordum</span> <span class='ocrx_word' id='word_1_165' title='bbox 312 2245 395 2311; x_wconf 91' lang='lat' dir='ltr'>illud</span> <span class='ocrx_word' id='word_1_166' title='bbox 415 2246 550 2313; x_wconf 85' lang='lat' dir='ltr'>heberet</span> <span class='ocrx_word' id='word_1_167' title='bbox 569 2247 604 2312; x_wconf 91' lang='lat' dir='ltr'>in</span> <span class='ocrx_word' id='word_1_168' title='bbox 624 2247 770 2312; x_wconf 85' lang='lat' dir='ltr'>aduentu</span> <span class='ocrx_word' id='word_1_169' title='bbox 792 2245 949 2311; x_wconf 90' lang='lat' dir='ltr'>Willelmi</span> <span class='ocrx_word' id='word_1_170' title='bbox 969 2244 1010 2311; x_wconf 92' lang='lat' dir='ltr'>de</span> <span class='ocrx_word' id='word_1_171' title='bbox 1035 2246 1182 2333; x_wconf 82' lang='lat' dir='ltr'>Rsleghs</span> <span class='ocrx_word' id='word_1_172' title='bbox 1200 2247 1235 2311; x_wconf 92' lang='lat' dir='ltr'>in</span> 
     </span>
    </p>

    <p class='ocr_par' dir='ltr' id='par_1_13' title="bbox 127 2349 1235 2437">
     <span class='ocr_line' id='line_1_19' title="bbox 127 2349 1235 2437; baseline 0.002 -24"><span class='ocrx_word' id='word_1_173' title='bbox 127 2356 239 2436; x_wconf 72' lang='lat' dir='ltr'>partes</span> <span class='ocrx_word' id='word_1_174' title='bbox 254 2349 402 2415; x_wconf 91' lang='lat' dir='ltr'>Deuonie</span> <span class='ocrx_word' id='word_1_175' title='bbox 417 2350 478 2415; x_wconf 90' lang='lat' dir='ltr'>sub</span> <span class='ocrx_word' id='word_1_176' title='bbox 498 2349 605 2437; x_wconf 83' lang='lat' dir='ltr'>sigillo</span> <span class='ocrx_word' id='word_1_177' title='bbox 624 2357 658 2415; x_wconf 89' lang='lat' dir='ltr'>et</span> <span class='ocrx_word' id='word_1_178' title='bbox 678 2372 736 2436; x_wconf 90' lang='lat' dir='ltr'>per</span> <span class='ocrx_word' id='word_1_179' title='bbox 755 2356 896 2435; x_wconf 79' lang='lat' dir='ltr'>quotuor</span> <span class='ocrx_word' id='word_1_180' title='bbox 915 2349 1035 2436; x_wconf 74' lang='lat' dir='ltr'>legales</span> <span class='ocrx_word' id='word_1_181' title='bbox 1055 2349 1175 2414; x_wconf 84' lang='lat' dir='ltr'>milites</span> <span class='ocrx_word' id='word_1_182' title='bbox 1194 2350 1235 2415; x_wconf 90' lang='lat' dir='ltr'>de</span> 
     </span>
    </p>

    <p class='ocr_par' dir='ltr' id='par_1_14' title="bbox 127 2454 1235 2544">
     <span class='ocr_line' id='line_1_20' title="bbox 127 2454 1235 2544; baseline -0.001 -23"><span class='ocrx_word' id='word_1_183' title='bbox 127 2455 299 2533; x_wconf 75' lang='lat' dir='ltr'>minitata,</span> <span class='ocrx_word' id='word_1_184' title='bbox 328 2454 415 2542; x_wconf 92' lang='lat' dir='ltr'>quod</span> <span class='ocrx_word' id='word_1_185' title='bbox 444 2456 510 2520; x_wconf 75' lang='lat' dir='ltr'>tale</span> <span class='ocrx_word' id='word_1_186' title='bbox 540 2463 598 2534; x_wconf 87' lang='lat' dir='ltr'>est,</span> <span class='ocrx_word' id='word_1_187' title='bbox 627 2455 714 2543; x_wconf 93' lang='lat' dir='ltr'>quod</span> <span class='ocrx_word' id='word_1_188' title='bbox 744 2478 818 2519; x_wconf 91' lang='lat' dir='ltr'>cum</span> <span class='ocrx_word' id='word_1_189' title='bbox 848 2455 1013 2519; x_wconf 84' lang='lat' dir='ltr'>Walterus</span> <span class='ocrx_word' id='word_1_190' title='bbox 1038 2454 1078 2519; x_wconf 91' lang='lat' dir='ltr'>de</span> <span class='ocrx_word' id='word_1_191' title='bbox 1109 2455 1235 2544; x_wconf 81' lang='lat' dir='ltr'>Reygni</span> 
     </span>
    </p>

    <p class='ocr_par' dir='ltr' id='par_1_15' title="bbox 125 2560 1235 2649">
     <span class='ocr_line' id='line_1_21' title="bbox 125 2560 1235 2649; baseline 0.001 -23"><span class='ocrx_word' id='word_1_192' title='bbox 125 2561 260 2626; x_wconf 79' lang='lat' dir='ltr'>tulisset</span> <span class='ocrx_word' id='word_1_193' title='bbox 274 2561 373 2626; x_wconf 88' lang='lat' dir='ltr'>breue</span> <span class='ocrx_word' id='word_1_194' title='bbox 389 2561 481 2626; x_wconf 84' lang='lat' dir='ltr'>Dom.</span> <span class='ocrx_word' id='word_1_195' title='bbox 498 2561 598 2649; x_wconf 87' lang='lat' dir='ltr'>Regis</span> <span class='ocrx_word' id='word_1_196' title='bbox 613 2561 771 2627; x_wconf 83' lang='lat' dir='ltr'>directum</span> <span class='ocrx_word' id='word_1_197' title='bbox 786 2561 971 2626; x_wconf 88' lang='lat' dir='ltr'>uiceoomiti</span> <span class='ocrx_word' id='word_1_198' title='bbox 985 2560 1134 2626; x_wconf 90' lang='lat' dir='ltr'>Deuonie</span> <span class='ocrx_word' id='word_1_199' title='bbox 1149 2562 1235 2648; x_wconf 90' lang='lat' dir='ltr'>quod</span> 
     </span>
    </p>

    <p class='ocr_par' dir='ltr' id='par_1_16' title="bbox 126 2663 1235 2751">
     <span class='ocr_line' id='line_1_22' title="bbox 126 2663 1235 2751; baseline 0.001 -22"><span class='ocrx_word' id='word_1_200' title='bbox 126 2666 215 2729; x_wconf 88' lang='lat' dir='ltr'>iuste</span> <span class='ocrx_word' id='word_1_201' title='bbox 238 2672 273 2728; x_wconf 89' lang='lat' dir='ltr'>et</span> <span class='ocrx_word' id='word_1_202' title='bbox 295 2664 364 2729; x_wconf 88' lang='lat' dir='ltr'>sine</span> <span class='ocrx_word' id='word_1_203' title='bbox 387 2663 543 2730; x_wconf 79' lang='lat' dir='ltr'>dilacione</span> <span class='ocrx_word' id='word_1_204' title='bbox 565 2663 759 2730; x_wconf 84' lang='lat' dir='ltr'>deliberaret</span> <span class='ocrx_word' id='word_1_205' title='bbox 781 2664 892 2729; x_wconf 83' lang='lat' dir='ltr'>euerie</span> <span class='ocrx_word' id='word_1_206' title='bbox 912 2687 971 2729; x_wconf 84' lang='lat' dir='ltr'>sua</span> <span class='ocrx_word' id='word_1_207' title='bbox 990 2687 1053 2751; x_wconf 88' lang='lat' dir='ltr'>que</span> <span class='ocrx_word' id='word_1_208' title='bbox 1074 2665 1235 2730; x_wconf 87' lang='lat' dir='ltr'>Henricus</span> 
     </span>
    </p>

    <p class='ocr_par' dir='ltr' id='par_1_17' title="bbox 126 2767 1235 2855">
     <span class='ocr_line' id='line_1_23' title="bbox 126 2767 1235 2855; baseline 0 -22"><span class='ocrx_word' id='word_1_209' title='bbox 126 2769 168 2833; x_wconf 92' lang='lat' dir='ltr'>dc</span> <span class='ocrx_word' id='word_1_210' title='bbox 194 2769 299 2855; x_wconf 72' lang='lat' dir='ltr'>&#39;ll-acy</span> <span class='ocrx_word' id='word_1_211' title='bbox 324 2769 444 2834; x_wconf 88' lang='lat' dir='ltr'>iniuste</span> <span class='ocrx_word' id='word_1_212' title='bbox 469 2767 620 2846; x_wconf 88' lang='lat' dir='ltr'>detinuit,</span> <span class='ocrx_word' id='word_1_213' title='bbox 647 2775 682 2832; x_wconf 90' lang='lat' dir='ltr'>et</span> <span class='ocrx_word' id='word_1_214' title='bbox 708 2789 781 2832; x_wconf 90' lang='lat' dir='ltr'>cum</span> <span class='ocrx_word' id='word_1_215' title='bbox 806 2767 985 2833; x_wconf 79' lang='lat' dir='ltr'>deliberate</span> <span class='ocrx_word' id='word_1_216' title='bbox 1009 2776 1117 2834; x_wconf 79' lang='lat' dir='ltr'>essent</span> <span class='ocrx_word' id='word_1_217' title='bbox 1142 2769 1235 2833; x_wconf 90' lang='lat' dir='ltr'>uenit</span> 
     </span>
    </p>

    <p class='ocr_par' dir='ltr' id='par_1_18' title="bbox 127 2872 1234 2960">
     <span class='ocr_line' id='line_1_24' title="bbox 127 2872 1234 2960; baseline -0.002 -21"><span class='ocrx_word' id='word_1_218' title='bbox 127 2873 296 2960; x_wconf 87' lang='lat' dir='ltr'>predictus</span> <span class='ocrx_word' id='word_1_219' title='bbox 325 2872 486 2938; x_wconf 89' lang='lat' dir='ltr'>Henricus</span> <span class='ocrx_word' id='word_1_220' title='bbox 514 2872 556 2937; x_wconf 81' lang='lat' dir='ltr'>ad</span> <span class='ocrx_word' id='word_1_221' title='bbox 591 2872 782 2938; x_wconf 82' lang='lat' dir='ltr'>comitatum</span> <span class='ocrx_word' id='word_1_222' title='bbox 812 2873 968 2949; x_wconf 90' lang='lat' dir='ltr'>Deuonie,</span> <span class='ocrx_word' id='word_1_223' title='bbox 998 2881 1033 2938; x_wconf 89' lang='lat' dir='ltr'>et</span> <span class='ocrx_word' id='word_1_224' title='bbox 1062 2873 1234 2938; x_wconf 76' lang='lat' dir='ltr'>aduocauit</span> 
     </span>
    </p>

    <p class='ocr_par' dir='ltr' id='par_1_19' title="bbox 127 2974 1235 3065">
     <span class='ocr_line' id='line_1_25' title="bbox 127 2974 1235 3065; baseline -0.002 -21"><span class='ocrx_word' id='word_1_225' title='bbox 127 2977 317 3065; x_wconf 76' lang='lat' dir='ltr'>capcionem</span> <span class='ocrx_word' id='word_1_226' title='bbox 342 2976 533 3054; x_wconf 84' lang='lat' dir='ltr'>aueriorum,</span> <span class='ocrx_word' id='word_1_227' title='bbox 559 2985 594 3040; x_wconf 90' lang='lat' dir='ltr'>et</span> <span class='ocrx_word' id='word_1_228' title='bbox 619 2975 719 3062; x_wconf 89' lang='lat' dir='ltr'>peciit</span> <span class='ocrx_word' id='word_1_229' title='bbox 745 2975 905 3052; x_wconf 71' lang='lat' dir='ltr'>seminem,</span> <span class='ocrx_word' id='word_1_230' title='bbox 927 2985 966 3040; x_wconf 57' lang='lat' dir='ltr'>et&gt;</span> <span class='ocrx_word' id='word_1_231' title='bbox 983 2974 1067 3040; x_wconf 82' lang='lat' dir='ltr'>dixit</span> <span class='ocrx_word' id='word_1_232' title='bbox 1088 2977 1174 3063; x_wconf 91' lang='lat' dir='ltr'>quod</span> <span class='ocrx_word' id='word_1_233' title='bbox 1196 3000 1235 3042; x_wconf 86' lang='lat' dir='ltr'>ea</span> 
     </span>
    </p>

    <p class='ocr_par' dir='ltr' id='par_1_20' title="bbox 127 3080 1234 3170">
     <span class='ocr_line' id='line_1_26' title="bbox 127 3080 1234 3170; baseline -0.001 -23"><span class='ocrx_word' id='word_1_234' title='bbox 127 3083 216 3170; x_wconf 88' lang='lat' dir='ltr'>cepit</span> <span class='ocrx_word' id='word_1_235' title='bbox 231 3082 327 3158; x_wconf 88' lang='lat' dir='ltr'>iuste,</span> <span class='ocrx_word' id='word_1_236' title='bbox 342 3081 419 3168; x_wconf 83' lang='lat' dir='ltr'>quis</span> <span class='ocrx_word' id='word_1_237' title='bbox 439 3081 518 3146; x_wconf 91' lang='lat' dir='ltr'>tulit</span> <span class='ocrx_word' id='word_1_238' title='bbox 537 3081 636 3146; x_wconf 90' lang='lat' dir='ltr'>breue</span> <span class='ocrx_word' id='word_1_239' title='bbox 653 3081 745 3145; x_wconf 92' lang='lat' dir='ltr'>Dom.</span> <span class='ocrx_word' id='word_1_240' title='bbox 762 3081 862 3168; x_wconf 83' lang='lat' dir='ltr'>Regis</span> <span class='ocrx_word' id='word_1_241' title='bbox 876 3080 1035 3146; x_wconf 85' lang='lat' dir='ltr'>directum</span> <span class='ocrx_word' id='word_1_242' title='bbox 1051 3081 1234 3146; x_wconf 86' lang='lat' dir='ltr'>uicecomiti</span> 
     </span>
    </p>

    <p class='ocr_par' dir='ltr' id='par_1_21' title="bbox 128 3183 1234 3253">
     <span class='ocr_line' id='line_1_27' title="bbox 128 3183 1234 3253; baseline -0.003 0"><span class='ocrx_word' id='word_1_243' title='bbox 128 3187 278 3253; x_wconf 89' lang='lat' dir='ltr'>Deuonie</span> <span class='ocrx_word' id='word_1_244' title='bbox 293 3185 336 3251; x_wconf 84' lang='lat' dir='ltr'>ed</span> <span class='ocrx_word' id='word_1_245' title='bbox 350 3185 535 3250; x_wconf 76' lang='lat' dir='ltr'>habendum</span> <span class='ocrx_word' id='word_1_246' title='bbox 549 3185 743 3251; x_wconf 79' lang='lat' dir='ltr'>racionabile</span> <span class='ocrx_word' id='word_1_247' title='bbox 758 3185 915 3251; x_wconf 76' lang='lat' dir='ltr'>auxilium</span> <span class='ocrx_word' id='word_1_248' title='bbox 931 3183 971 3249; x_wconf 94' lang='lat' dir='ltr'>de</span> <span class='ocrx_word' id='word_1_249' title='bbox 986 3183 1087 3249; x_wconf 86' lang='lat' dir='ltr'>feodis</span> <span class='ocrx_word' id='word_1_250' title='bbox 1106 3185 1173 3249; x_wconf 89' lang='lat' dir='ltr'>suis</span> <span class='ocrx_word' id='word_1_251' title='bbox 1192 3185 1234 3250; x_wconf 80' lang='lat' dir='ltr'>ad</span> 
     </span>
    </p>

    <p class='ocr_par' dir='ltr' id='par_1_22' title="bbox 127 3289 1234 3378">
     <span class='ocr_line' id='line_1_28' title="bbox 127 3289 1234 3378; baseline -0.003 -21"><span class='ocrx_word' id='word_1_252' title='bbox 127 3293 230 3358; x_wconf 75' lang='lat' dir='ltr'>filiam</span> <span class='ocrx_word' id='word_1_253' title='bbox 246 3313 339 3356; x_wconf 82' lang='lat' dir='ltr'>susm</span> <span class='ocrx_word' id='word_1_254' title='bbox 354 3290 604 3378; x_wconf 79' lang='lat' dir='ltr'>primogenitem</span> <span class='ocrx_word' id='word_1_255' title='bbox 614 3289 839 3368; x_wconf 78' lang='lat' dir='ltr'>maritandum,</span> <span class='ocrx_word' id='word_1_256' title='bbox 851 3299 886 3356; x_wconf 89' lang='lat' dir='ltr'>et</span> <span class='ocrx_word' id='word_1_257' title='bbox 900 3313 974 3356; x_wconf 90' lang='lat' dir='ltr'>cum</span> <span class='ocrx_word' id='word_1_258' title='bbox 989 3311 1100 3354; x_wconf 90' lang='lat' dir='ltr'>omnes</span> <span class='ocrx_word' id='word_1_259' title='bbox 1114 3289 1234 3355; x_wconf 78' lang='lat' dir='ltr'>milites</span> 
     </span>
    </p>

    <p class='ocr_par' dir='ltr' id='par_1_23' title="bbox 127 3393 1233 3484">
     <span class='ocr_line' id='line_1_29' title="bbox 127 3393 1233 3484; baseline -0.005 -21"><span class='ocrx_word' id='word_1_260' title='bbox 127 3399 200 3463; x_wconf 88' lang='lat' dir='ltr'>eius</span> <span class='ocrx_word' id='word_1_261' title='bbox 214 3419 274 3484; x_wconf 87' lang='lat' dir='ltr'>per</span> <span class='ocrx_word' id='word_1_262' title='bbox 287 3395 573 3461; x_wconf 88' lang='lat' dir='ltr'>summoniciouem</span> <span class='ocrx_word' id='word_1_263' title='bbox 592 3418 685 3460; x_wconf 83' lang='lat' dir='ltr'>susm</span> <span class='ocrx_word' id='word_1_264' title='bbox 704 3395 739 3460; x_wconf 92' lang='lat' dir='ltr'>in</span> <span class='ocrx_word' id='word_1_265' title='bbox 759 3395 882 3460; x_wconf 80' lang='lat' dir='ltr'>curiam</span> <span class='ocrx_word' id='word_1_266' title='bbox 902 3417 994 3460; x_wconf 83' lang='lat' dir='ltr'>suem</span> <span class='ocrx_word' id='word_1_267' title='bbox 1014 3393 1179 3458; x_wconf 86' lang='lat' dir='ltr'>uenissent</span> <span class='ocrx_word' id='word_1_268' title='bbox 1199 3403 1233 3458; x_wconf 86' lang='lat' dir='ltr'>et</span> 
     </span>
    </p>

    <p class='ocr_par' dir='ltr' id='par_1_24' title="bbox 127 3496 1233 3584">
     <span class='ocr_line' id='line_1_30' title="bbox 127 3496 1233 3584; baseline -0.005 -16"><span class='ocrx_word' id='word_1_269' title='bbox 127 3501 270 3568; x_wconf 77' lang='lat' dir='ltr'>maxime</span> <span class='ocrx_word' id='word_1_270' title='bbox 293 3500 485 3566; x_wconf 79' lang='lat' dir='ltr'>senescallus</span> <span class='ocrx_word' id='word_1_271' title='bbox 508 3499 680 3566; x_wconf 80' lang='lat' dir='ltr'>Ricardus⁴</span> <span class='ocrx_word' id='word_1_272' title='bbox 702 3498 743 3565; x_wconf 89' lang='lat' dir='ltr'>de</span> <span class='ocrx_word' id='word_1_273' title='bbox 765 3497 924 3584; x_wconf 80' lang='lat' dir='ltr'>Chartrey</span> <span class='ocrx_word' id='word_1_274' title='bbox 941 3496 1179 3563; x_wconf 86' lang='lat' dir='ltr'>concessemnt⁶</span> <span class='ocrx_word' id='word_1_275' title='bbox 1202 3499 1233 3562; x_wconf 90' lang='lat' dir='ltr'>ei</span> 
     </span>
    </p>

    <p class='ocr_par' dir='ltr' id='par_1_25' title="bbox 127 3601 1232 3692">
     <span class='ocr_line' id='line_1_31' title="bbox 127 3601 1232 3692; baseline -0.005 -21"><span class='ocrx_word' id='word_1_276' title='bbox 127 3629 179 3672; x_wconf 82' lang='lat' dir='ltr'>xx.</span> <span class='ocrx_word' id='word_1_277' title='bbox 195 3605 251 3670; x_wconf 87' lang='lat' dir='ltr'>sol</span> <span class='ocrx_word' id='word_1_278' title='bbox 267 3603 308 3670; x_wconf 90' lang='lat' dir='ltr'>de</span> <span class='ocrx_word' id='word_1_279' title='bbox 322 3603 459 3692; x_wconf 86' lang='lat' dir='ltr'>singulis</span> <span class='ocrx_word' id='word_1_280' title='bbox 474 3603 583 3682; x_wconf 83' lang='lat' dir='ltr'>leodis,</span> <span class='ocrx_word' id='word_1_281' title='bbox 598 3611 633 3668; x_wconf 94' lang='lat' dir='ltr'>et</span> <span class='ocrx_word' id='word_1_282' title='bbox 652 3602 730 3689; x_wconf 84' lang='lat' dir='ltr'>quia</span> <span class='ocrx_word' id='word_1_283' title='bbox 749 3603 780 3667; x_wconf 90' lang='lat' dir='ltr'>ei</span> <span class='ocrx_word' id='word_1_284' title='bbox 800 3625 865 3667; x_wconf 91' lang='lat' dir='ltr'>non</span> <span class='ocrx_word' id='word_1_285' title='bbox 889 3601 1089 3667; x_wconf 77' lang='lat' dir='ltr'>satisfactum</span> <span class='ocrx_word' id='word_1_286' title='bbox 1109 3602 1172 3666; x_wconf 80' lang='lat' dir='ltr'>tuit</span> <span class='ocrx_word' id='word_1_287' title='bbox 1191 3602 1232 3666; x_wconf 92' lang='lat' dir='ltr'>de</span> 
     </span>
    </p>

    <p class='ocr_par' dir='ltr' id='par_1_26' title="bbox 127 3706 1233 3796">
     <span class='ocr_line' id='line_1_32' title="bbox 127 3706 1233 3796; baseline -0.005 -20"><span class='ocrx_word' id='word_1_288' title='bbox 127 3735 155 3776; x_wconf 69' lang='lat' dir='ltr'>n</span> <span class='ocrx_word' id='word_1_289' title='bbox 172 3709 275 3776; x_wconf 83' lang='lat' dir='ltr'>feodis</span> <span class='ocrx_word' id='word_1_290' title='bbox 290 3732 354 3796; x_wconf 88' lang='lat' dir='ltr'>que</span> <span class='ocrx_word' id='word_1_291' title='bbox 368 3709 525 3775; x_wconf 77' lang='lat' dir='ltr'>Ricardus</span> <span class='ocrx_word' id='word_1_292' title='bbox 545 3707 585 3776; x_wconf 91' lang='lat' dir='ltr'>de</span> <span class='ocrx_word' id='word_1_293' title='bbox 606 3708 766 3795; x_wconf 83' lang='lat' dir='ltr'>Ohertrey</span> <span class='ocrx_word' id='word_1_294' title='bbox 780 3706 822 3772; x_wconf 88' lang='lat' dir='ltr'>de</span> <span class='ocrx_word' id='word_1_295' title='bbox 836 3729 875 3772; x_wconf 89' lang='lat' dir='ltr'>eo</span> <span class='ocrx_word' id='word_1_296' title='bbox 889 3707 1007 3785; x_wconf 89' lang='lat' dir='ltr'>tenuit,</span> <span class='ocrx_word' id='word_1_297' title='bbox 1021 3707 1108 3794; x_wconf 91' lang='lat' dir='ltr'>cepit</span> <span class='ocrx_word' id='word_1_298' title='bbox 1123 3707 1233 3772; x_wconf 79' lang='lat' dir='ltr'>suerin</span> 
     </span>
    </p>

    <p class='ocr_par' dir='ltr' id='par_1_27' title="bbox 126 3809 1232 3900">
     <span class='ocr_line' id='line_1_33' title="bbox 126 3809 1232 3900; baseline -0.005 -20"><span class='ocrx_word' id='word_1_299' title='bbox 126 3813 266 3880; x_wconf 78' lang='lat' dir='ltr'>Walteri</span> <span class='ocrx_word' id='word_1_300' title='bbox 279 3811 321 3878; x_wconf 89' lang='lat' dir='ltr'>de</span> <span class='ocrx_word' id='word_1_301' title='bbox 336 3812 453 3900; x_wconf 82' lang='lat' dir='ltr'>Regny</span> <span class='ocrx_word' id='word_1_302' title='bbox 466 3833 564 3898; x_wconf 87' lang='lat' dir='ltr'>super</span> <span class='ocrx_word' id='word_1_303' title='bbox 576 3809 752 3877; x_wconf 82' lang='lat' dir='ltr'>Riosrdum</span> <span class='ocrx_word' id='word_1_304' title='bbox 772 3811 813 3875; x_wconf 95' lang='lat' dir='ltr'>de</span> <span class='ocrx_word' id='word_1_305' title='bbox 835 3810 993 3897; x_wconf 76' lang='lat' dir='ltr'>Ohsrtruy</span> <span class='ocrx_word' id='word_1_306' title='bbox 1007 3810 1042 3876; x_wconf 93' lang='lat' dir='ltr'>in</span> <span class='ocrx_word' id='word_1_307' title='bbox 1063 3809 1155 3875; x_wconf 86' lang='lat' dir='ltr'>feodo</span> <span class='ocrx_word' id='word_1_308' title='bbox 1174 3833 1232 3875; x_wconf 91' lang='lat' dir='ltr'>suo</span> 
     </span>
    </p>

    <p class='ocr_par' dir='ltr' id='par_1_28' title="bbox 126 3913 1233 4005">
     <span class='ocr_line' id='line_1_34' title="bbox 126 3913 1233 4005; baseline -0.002 -23"><span class='ocrx_word' id='word_1_309' title='bbox 126 3917 206 4005; x_wconf 82' lang='lat' dir='ltr'>quis</span> <span class='ocrx_word' id='word_1_310' title='bbox 234 3915 399 4002; x_wconf 87' lang='lat' dir='ltr'>predictus</span> <span class='ocrx_word' id='word_1_311' title='bbox 429 3915 585 3982; x_wconf 79' lang='lat' dir='ltr'>Ricardus</span> <span class='ocrx_word' id='word_1_312' title='bbox 614 3915 714 3982; x_wconf 90' lang='lat' dir='ltr'>nichil</span> <span class='ocrx_word' id='word_1_313' title='bbox 748 3915 866 3980; x_wconf 85' lang='lat' dir='ltr'>hebuit</span> <span class='ocrx_word' id='word_1_314' title='bbox 895 3915 929 3979; x_wconf 88' lang='lat' dir='ltr'>in</span> <span class='ocrx_word' id='word_1_315' title='bbox 958 3913 1119 3980; x_wconf 90' lang='lat' dir='ltr'>dominico</span> <span class='ocrx_word' id='word_1_316' title='bbox 1148 3917 1233 4002; x_wconf 92' lang='lat' dir='ltr'>quod</span> 
     </span>
    </p>

    <p class='ocr_par' dir='ltr' id='par_1_29' title="bbox 126 4016 1233 4103">
     <span class='ocr_line' id='line_1_35' title="bbox 126 4016 1233 4103; baseline -0.002 -17"><span class='ocrx_word' id='word_1_317' title='bbox 126 4019 291 4086; x_wconf 88' lang='lat' dir='ltr'>sufficeret</span> <span class='ocrx_word' id='word_1_318' title='bbox 313 4017 355 4084; x_wconf 84' lang='lat' dir='ltr'>sd</span> <span class='ocrx_word' id='word_1_319' title='bbox 378 4043 408 4085; x_wconf 83' lang='lat' dir='ltr'>x.</span> <span class='ocrx_word' id='word_1_320' title='bbox 424 4019 522 4085; x_wconf 79' lang='lat' dir='ltr'>libres</span> <span class='ocrx_word' id='word_1_321' title='bbox 541 4019 719 4096; x_wconf 72' lang='lat' dir='ltr'>soluendus,</span> <span class='ocrx_word' id='word_1_322' title='bbox 734 4028 769 4084; x_wconf 91' lang='lat' dir='ltr'>et</span> <span class='ocrx_word' id='word_1_323' title='bbox 790 4017 831 4083; x_wconf 91' lang='lat' dir='ltr'>de</span> <span class='ocrx_word' id='word_1_324' title='bbox 854 4018 914 4083; x_wconf 92' lang='lat' dir='ltr'>hoc</span> <span class='ocrx_word' id='word_1_325' title='bbox 936 4016 1084 4103; x_wconf 90' lang='lat' dir='ltr'>producit</span> <span class='ocrx_word' id='word_1_326' title='bbox 1103 4027 1233 4084; x_wconf 82' lang='lat' dir='ltr'>sectam.</span> 
     </span>
    </p>

    <p class='ocr_par' dir='ltr' id='par_1_30' title="bbox 128 4120 1279 4209">
     <span class='ocr_line' id='line_1_36' title="bbox 128 4120 1279 4209; baseline -0.003 -20"><span class='ocrx_word' id='word_1_327' title='bbox 128 4123 183 4189; x_wconf 85' lang='lat' dir='ltr'>Ad</span> <span class='ocrx_word' id='word_1_328' title='bbox 211 4122 271 4188; x_wconf 91' lang='lat' dir='ltr'>hoc</span> <span class='ocrx_word' id='word_1_329' title='bbox 301 4121 468 4209; x_wconf 86' lang='lat' dir='ltr'>respondit</span> <span class='ocrx_word' id='word_1_330' title='bbox 497 4124 660 4189; x_wconf 84' lang='lat' dir='ltr'>Walterus</span> <span class='ocrx_word' id='word_1_331' title='bbox 695 4122 736 4189; x_wconf 91' lang='lat' dir='ltr'>de</span> <span class='ocrx_word' id='word_1_332' title='bbox 766 4121 882 4209; x_wconf 85' lang='lat' dir='ltr'>Regny</span> <span class='ocrx_word' id='word_1_333' title='bbox 911 4120 997 4207; x_wconf 91' lang='lat' dir='ltr'>quod</span> <span class='ocrx_word' id='word_1_334' title='bbox 1025 4121 1163 4186; x_wconf 84' lang='lat' dir='ltr'>Ricardo</span> <span class='ocrx_word' id='word_1_335' title='bbox 1192 4120 1233 4186; x_wconf 90' lang='lat' dir='ltr'>de</span> <span class='ocrx_word' id='word_1_336' title='bbox 1275 4169 1279 4174; x_wconf 86' lang='lat'><em>-</em></span> 
     </span>
    </p>
   </div>
   <div class='ocr_carea' id='block_1_4' title="bbox 163 4261 998 4328">
    <p class='ocr_par' dir='ltr' id='par_1_31' title="bbox 163 4261 998 4328">
     <span class='ocr_line' id='line_1_37' title="bbox 163 4261 998 4328; baseline -0.004 -14"><span class='ocrx_word' id='word_1_337' title='bbox 163 4261 174 4296; x_wconf 90' lang='lat'>¹</span> <span class='ocrx_word' id='word_1_338' title='bbox 190 4261 230 4314; x_wconf 76' lang='lat' dir='ltr'>To</span> <span class='ocrx_word' id='word_1_339' title='bbox 240 4261 299 4323; x_wconf 85' lang='lat' dir='ltr'>hoe,</span> <span class='ocrx_word' id='word_1_340' title='bbox 311 4266 339 4314; x_wconf 87' lang='lat' dir='ltr'>to</span> <span class='ocrx_word' id='word_1_341' title='bbox 350 4262 430 4314; x_wconf 76' lang='lat' dir='ltr'>brock</span> <span class='ocrx_word' id='word_1_342' title='bbox 440 4277 476 4328; x_wconf 88' lang='lat' dir='ltr'>up</span> <span class='ocrx_word' id='word_1_343' title='bbox 486 4263 531 4314; x_wconf 76' lang='lat' dir='ltr'>tlte</span> <span class='ocrx_word' id='word_1_344' title='bbox 541 4263 612 4315; x_wconf 76' lang='lat' dir='ltr'>lsnd</span> <span class='ocrx_word' id='word_1_345' title='bbox 708 4276 797 4326; x_wconf 79' lang='lat' dir='ltr'>conge,</span> <span class='ocrx_word' id='word_1_346' title='bbox 811 4275 833 4312; x_wconf 84' lang='lat' dir='ltr'>s.</span> <span class='ocrx_word' id='word_1_347' title='bbox 844 4275 869 4311; x_wconf 81' lang='lat' dir='ltr'>v.</span> <span class='ocrx_word' id='word_1_348' title='bbox 881 4261 998 4312; x_wconf 62' lang='lat' dir='ltr'>tandm.</span> 
     </span>
    </p>
   </div>
   <div class='ocr_carea' id='block_1_5' title="bbox 127 4327 1233 4454">
    <p class='ocr_par' dir='ltr' id='par_1_32' title="bbox 127 4327 1233 4454">
     <span class='ocr_line' id='line_1_38' title="bbox 159 4327 968 4396; baseline -0.005 -16"><span class='ocrx_word' id='word_1_349' title='bbox 159 4329 171 4360; x_wconf 91' lang='lat'><strong>¹</strong></span> <span class='ocrx_word' id='word_1_350' title='bbox 188 4327 272 4379; x_wconf 75' lang='lat' dir='ltr'>These</span> <span class='ocrx_word' id='word_1_351' title='bbox 282 4328 367 4380; x_wconf 79' lang='lat' dir='ltr'>words</span> <span class='ocrx_word' id='word_1_352' title='bbox 375 4328 529 4393; x_wconf 79' lang='lat' dir='ltr'>smusedby</span> <span class='ocrx_word' id='word_1_353' title='bbox 536 4330 657 4390; x_wconf 64' lang='lat' dir='ltr'>Bructeri,</span> <span class='ocrx_word' id='word_1_354' title='bbox 740 4327 840 4378; x_wconf 73' lang='lat' dir='ltr'>‘Gom</span> <span class='ocrx_word' id='word_1_355' title='bbox 851 4327 968 4396; x_wconf 72' lang='lat' dir='ltr'>Ricardt.</span> 
     </span>
     <span class='ocr_line' id='line_1_39' title="bbox 127 4389 1233 4454; baseline -0.005 -9"><span class='ocrx_word' id='word_1_356' title='bbox 127 4395 147 4445; x_wconf 79' lang='lat' dir='ltr'>f.</span> <span class='ocrx_word' id='word_1_357' title='bbox 161 4396 210 4446; x_wconf 74' lang='lat'>187</span> <span class='ocrx_word' id='word_1_358' title='bbox 221 4393 247 4444; x_wconf 89' lang='lat' dir='ltr'>b.</span> <span class='ocrx_word' id='word_1_359' title='bbox 741 4391 752 4426; x_wconf 74' lang='lat'>⁵</span> <span class='ocrx_word' id='word_1_360' title='bbox 768 4391 823 4444; x_wconf 77' lang='lat' dir='ltr'>The</span> <span class='ocrx_word' id='word_1_361' title='bbox 841 4391 898 4443; x_wconf 86' lang='lat' dir='ltr'>lord</span> <span class='ocrx_word' id='word_1_362' title='bbox 913 4389 991 4441; x_wconf 84' lang='lat' dir='ltr'>holds</span> <span class='ocrx_word' id='word_1_363' title='bbox 1010 4405 1027 4441; x_wconf 83' lang='lat' dir='ltr'>s</span> <span class='ocrx_word' id='word_1_364' title='bbox 1045 4389 1122 4441; x_wconf 83' lang='lat' dir='ltr'>smull</span> <span class='ocrx_word' id='word_1_365' title='bbox 1140 4389 1233 4454; x_wconf 78' lang='lat' dir='ltr'>perlis·</span> 
     </span>
    </p>
   </div>
   <div class='ocr_carea' id='block_1_6' title="bbox 158 4455 1118 4526">
    <p class='ocr_par' dir='ltr' id='par_1_33' title="bbox 158 4455 1118 4526">
     <span class='ocr_line' id='line_1_40' title="bbox 158 4455 1118 4526; baseline -0.004 -15"><span class='ocrx_word' id='word_1_366' title='bbox 158 4459 228 4526; x_wconf 74' lang='lat' dir='ltr'>’By</span> <span class='ocrx_word' id='word_1_367' title='bbox 255 4458 374 4523; x_wconf 76' lang='lat' dir='ltr'>building</span> <span class='ocrx_word' id='word_1_368' title='bbox 390 4459 422 4526; x_wconf 74' lang='lat' dir='ltr'>(t)</span> <span class='ocrx_word' id='word_1_369' title='bbox 456 4459 508 4511; x_wconf 88' lang='lat' dir='ltr'>But</span> <span class='ocrx_word' id='word_1_370' title='bbox 535 4475 577 4512; x_wconf 85' lang='lat' dir='ltr'>see</span> <span class='ocrx_word' id='word_1_371' title='bbox 605 4460 657 4512; x_wconf 86' lang='lat' dir='ltr'>Du·</span> <span class='ocrx_word' id='word_1_372' title='bbox 708 4455 1118 4512; x_wconf 76' lang='lat' dir='ltr'>mentofhistensntsinohiel.</span> 
     </span>
    </p>
   </div>
   <div class='ocr_carea' id='block_1_7' title="bbox 0 0 1588 5075">
    <p class='ocr_par' dir='ltr' id='par_1_34' title="bbox 0 0 1588 5075">
     <span class='ocr_line' id='line_1_41' title="bbox 0 0 1588 5075; baseline 0 0"><span class='ocrx_word' id='word_1_373' title='bbox 0 0 1588 5075; x_wconf 95' lang='lat' dir='ltr'> </span> 
     </span>
    </p>
   </div>
  </div>
 </body>
</html>
