3167 5075
368 378 431 444 270
586 391 704 440 conon
727 392 826 453 neon,
847 390 910 439 in.
937 376 1095 453 1238-9,
1118 390 1182 440 nn.
1205 378 1255 441 23.

363 565 530 631 Johannes
551 563 675 629 nullam
697 563 814 628 habuit
835 562 997 640 seisincm‚
1019 563 1068 628 ita
1088 563 1175 649 quod
1197 562 1297 628 nichil
1311 562 1393 648 cepit
1405 582 1451 647 per

363 670 505 749 assisam,
535 678 570 735 et
599 669 672 734 ideo
702 668 861 735 Ricardus
889 668 965 733 inde
995 669 1064 734 sine
1094 670 1148 734 die
1177 677 1212 733 et
1240 668 1400 735 Johsnnes
1423 668 1450 731 in

363 772 589 837 misericordia.

232 898 324 968 1257·
428 878 540 942 Assiso
555 876 649 941 uenit
664 875 870 962 recognitum
883 875 911 940 si
927 876 1089 941 Robertus
1104 876 1145 941 de
1160 876 1296 962 Stokely
1310 884 1344 940 ct
1360 876 1452 961 plures

228 1000 327 1042 ntorum.
363 979 419 1044 alii
434 979 678 1045 disseisiuerunt
693 978 857 1064 Rogerurn
872 977 913 1042 de
935 978 1075 1065 Rising’¹
1098 980 1139 1042 de
1160 979 1262 1043 libero
1285 987 1452 1043 tenemento

254 1066 301 1116 Ely.

363 1106 422 1148 suo
445 1084 480 1148 in
504 1082 627 1169 Rising'
652 1088 726 1167 post
752 1080 891 1165 primam
917 1089 977 1146 etc
1005 1091 1040 1146 et
1065 1082 1152 1147 unde
1179 1082 1260 1147 dicit
1285 1082 1369 1168 qnod
1389 1104 1451 1145 cnm

363 1187 483 1253 habent
509 1186 670 1273 quoddam
696 1184 869 1250 feofatum²
892 1186 935 1250 ab
960 1187 1096 1272 antiquo
1122 1187 1270 1253 leuatum
1296 1187 1332 1251 in
1355 1186 1451 1251 eodem

363 1292 444 1357 uilla
457 1292 545 1357 inter
559 1300 678 1355 terram
694 1312 785 1353 susm
802 1297 837 1353 et
851 1296 971 1354 terram
986 1290 1088 1375 ipsius
1110 1291 1246 1355 Roberti
1266 1291 1353 1355 unde
1371 1289 1452 1354 cristo

362 1396 506 1481 proiecte
519 1405 570 1460 est
584 1416 697 1459 uersus
711 1394 820 1480 ipsum
837 1402 872 1458 et
889 1394 1018 1459 arbores
1036 1395 1185 1482 plantate
1204 1404 1283 1461 sunt
1302 1396 1337 1459 in
1356 1394 1451 1460 eodem

363 1500 432 1585 ipse
447 1499 583 1565 succidit
598 1499 725 1563 arbores
740 1506 775 1562 et
789 1499 970 1583 osportcuit
984 1508 1044 1565 etc

429 1604 473 1667 Et
498 1602 660 1667 Robertus
686 1608 721 1665 et
746 1600 803 1664 alii
828 1601 968 1665 ueniunt
994 1610 1029 1667 et
1055 1602 1170 1667 dicunt
1195 1602 1283 1689 quod
1308 1601 1452 1689 predictus

363 1707 509 1792 Rogerus
524 1726 691 1790 nunquam
707 1702 770 1768 fuit
785 1702 821 1767 in
835 1703 954 1768 seisine
969 1704 1009 1769 de
1025 1706 1145 1770 fossato
1158 1705 1225 1782 illo,
1238 1715 1289 1771 set
1309 1706 1452 1770 Robertn

363 1808 443 1874 dicit
458 1808 544 1895 quod
559 1806 732 1893 aliquando
747 1806 812 1870 fuit
826 1804 985 1892 placitum
999 1808 1087 1872 inter
1100 1808 1275 1894 quemdam
1291 1810 1451 1875 Robertun

363 1914 404 1979 de
420 1913 543 1999 Rising'
559 1920 593 1976 et
607 1912 630 1976 J
631 1910 790 1975 ohannem
807 1909 838 1974 le
854 1910 1005 1975 Peitenin
1023 1910 1064 1975 de
1085 1920 1156 1976 toto
1176 1912 1320 1977 manerio
1338 1914 1400 1990 illo,
1415 1914 1454 1976 its

364 2016 450 2103 quod
464 2038 522 2102 per
536 2012 736 2079 concordiam
751 2011 910 2098 partitum
925 2012 989 2077 fuit
1004 2014 1185 2078 manerium
1199 2014 1283 2079 illud
1303 2016 1387 2079 inter
1402 2036 1453 2087 666

364 2129 399 2185 et
412 2121 462 2186 ita
475 2119 559 2206 quod
575 2118 733 2183 medietas
755 2116 893 2182 manerii
914 2116 1003 2181 illius
1025 2118 1056 2181 ei
1077 2120 1234 2184 remansit
1256 2142 1329 2185 cum
1353 2120 1455 2184 1666616

364 2227 428 2303 illo,
442 2225 491 2290 ita
505 2224 591 2311 qnod
605 2223 728 2287 nullam
744 2222 861 2287 habuit
875 2222 952 2287 inde
966 2222 1118 2287 seisinam
1133 2223 1197 2287 nisi
1211 2223 1359 2289 latenter.

429 2328 473 2392 Et
487 2328 634 2413 Rogerus
649 2324 729 2390 dicit
744 2326 831 2411 quod
846 2326 1002 2390 fossatum
1016 2325 1098 2390 illud
1119 2327 1264 2411 pertinet
1283 2326 1326 2391 ad
1343 2335 1455 2413 partem

363 2452 454 2495 soem
476 2438 511 2494 et
531 2428 617 2516 quod
637 2428 745 2514 ipsum
764 2428 841 2494 inde
862 2428 1040 2494 disseisiuit
1059 2438 1095 2494 et
1114 2430 1191 2495 inde
1210 2431 1305 2516 ponit
1324 2456 1358 2497 se
1371 2453 1457 2517 super

363 2537 511 2602 iuratam.

428 2640 597 2704 Jurotores
624 2638 738 2704 dicunt
767 2639 855 2724 qnod
884 2639 1039 2703 fossatum
1072 2638 1154 2702 illud
1183 2639 1307 2704 fectum
1336 2640 1395 2705 fnit
1419 2639 1458 2704 sd

364 2741 578 2806 claudendum
593 2763 744 2826 campum
759 2741 862 2828 ipsius
876 2741 996 2827 Rogeri
1010 2740 1135 2806 scilicet
1154 2751 1315 2827 quantum
1334 2745 1457 2808 circnm-

364 2847 487 2912 olandit
512 2855 631 2912 terrem
657 2846 759 2932 ipsius
785 2846 905 2933 Rogeri
931 2854 967 2912 et
992 2846 1091 2910 criste
1115 2847 1260 2932 proiecta
1284 2855 1335 2914 est
1357 2869 1459 2912 uersus

365 2961 484 3016 terrem
514 2951 615 3037 ipsius
645 2950 765 3036 Rogeri
792 2958 827 3014 et
852 2949 922 3035 ipse
948 2949 1112 3014 Robertus
1137 2950 1319 3034 asportnuit
1341 2949 1459 3014 arbores

364 3057 528 3142 plantatas
556 3054 591 3118 in
621 3054 738 3118 fossato
763 3053 828 3118 illo.
873 3054 917 3117 Et
942 3052 1016 3117 ideo
1041 3052 1282 3117 consideratum
1307 3052 1458 3139 estquod

365 3158 511 3245 Rogerus
525 3163 693 3241 recuperet
707 3155 861 3220 seisinam
872 3177 965 3220 snam
977 3163 1011 3220 et
1022 3155 1187 3220 Robertus
1197 3155 1232 3219 in
1243 3156 1457 3222 misericordis

429 3263 540 3328 Assiso
555 3261 646 3326 uenit
660 3261 866 3347 recognitum
879 3260 908 3324 si
921 3260 1034 3324 Abbes
1048 3259 1090 3324 de
1105 3259 1289 3324 Waredons
1308 3270 1342 3325 et
1360 3261 1459 3346 plures

365 3365 421 3429 clii
449 3365 570 3430 iniuste
600 3373 634 3428 et
663 3364 732 3428 sine
769 3363 889 3429 iudicio
925 3363 1173 3428 disseisiuerunt
1208 3363 1390 3429 Johnnnem
1423 3364 1458 3428 de

365 3470 512 3558 Wnlepol
532 3470 573 3534 de
593 3469 694 3534 libero
715 3477 905 3533 tenemento
924 3491 983 3533 suo
1003 3469 1038 3534 in
1058 3469 1244 3556 Wroching’
1258 3479 1334 3555 post
1350 3481 1416 3546 etc,
1429 3481 1459 3534 et

366 3576 450 3639 unde
479 3573 560 3638 dicit
589 3572 675 3658 quod
704 3573 851 3658 predicte
878 3573 1062 3660 Ingeleysia
1093 3595 1161 3638 une
1196 3573 1270 3638 etc⁸
1306 3575 1341 3639 in
1375 3576 1459 3661 legen

364 3679 527 3744 uiduitate
554 3699 613 3744 666
637 3677 729 3742 dedit
755 3679 786 3742 ei
816 3679 978 3765 quandam
1007 3678 1201 3764 particulam
1231 3687 1318 3745 terre
1346 3703 1402 3745 666
1427 3679 1457 3743 in

364 3781 456 3845 feodo
471 3803 529 3866 per
543 3788 664 3844 cartam
680 3803 771 3845 suam
787 3789 846 3846 etc

428 3883 451 3948 J
454 3892 596 3948 uratores
610 3882 723 3948 dicunt
738 3883 824 3968 quod
839 3905 953 3947 reuera
962 3883 1034 3968 ipsa
1044 3882 1219 3968 Ingeleisin
1229 3883 1347 3949 habuit
1356 3907 1459 3971 quern·

364 3987 439 4051 dam
469 3985 602 4052 Petrum
632 3986 667 4050 in
696 3987 804 4051 uirum
833 3987 937 4072 primo
967 3995 1002 4051 et
1030 3985 1118 4050 idem
1151 3985 1270 4051 Petrus
1307 3988 1458 4073 quendam

365 4089 555 4176 particulam
578 4090 665 4154 illius
688 4098 771 4156 terre
795 4090 886 4157 dedit
907 4090 970 4177 ipsi
991 4090 1014 4155 J
1016 4089 1136 4155 ohenni
1156 4111 1214 4176 per
1229 4099 1352 4156 cartam
1366 4115 1458 4157 sunni

365 4195 493 4258 Mortuo
523 4215 599 4258 uero
628 4194 772 4280 predicto
803 4195 900 4260 Petro
928 4194 1022 4260 uenit
1051 4193 1197 4279 predicte
1225 4193 1401 4282 Ingeleisis
1429 4197 1459 4261 in

398 4362 406 4392 ¹
425 4359 620 4422 (166116Βί6163,
634 4359 749 4412 Norfolk.
973 4361 984 4394 ⁸
1002 4363 1059 4413 One
1071 4361 1099 4412 61
1109 4360 1154 4413 the
1164 4359 1331 4415 deforciants.

397 4430 407 4460 2
425 4429 497 4476 Corr.
504 4427 634 4488 fossatum.
