3167 5075
518 460 582 509 an.
608 445 701 522 1227,
723 462 785 510 aa
812 449 862 512 12.
1173 449 1234 512 691

130 635 234 702 cioncs
255 636 296 700 de
321 634 459 700 termino
483 633 606 701 Pasche
629 645 665 701 et
686 636 805 723 garbas
825 637 867 701 de
889 644 1070 724 autumpno
1091 636 1237 724 proximo

129 741 319 826 precedenti,
348 740 464 806 dicunt
493 738 580 826 quod
608 739 716 806 dictus
744 742 891 829 Rogatus
927 742 1015 827 cepit
1052 741 1182 828 expleta
1216 763 1238 806 a

129 843 284 930 principio
298 841 543 930 quadragesime
558 864 661 928 usque
676 841 717 908 nd
738 844 865 908 obitum
885 866 982 909 suum
1002 852 1037 910 et
1057 843 1237 909 oblaciones

128 947 247 1013 Pasohe
262 955 296 1013 et
311 947 420 1012 omnia
438 947 667 1034 prouentualia
686 970 788 1035 usque
811 947 939 1014 circiter
958 951 1078 1014 festum
1099 949 1131 1014 S
1147 947 1236 1014 Petri

130 1051 336 1129 Aduincula¹‚
358 1074 422 1138 quo
448 1059 593 1137 tempore
619 1049 702 1116 obiit
726 1051 762 1115 in
787 1051 906 1116 saisina
930 1060 970 1116 ut
994 1075 1137 1140 peisona,
1159 1051 1237 1138 quia

127 1157 271 1242 predicto
300 1165 446 1242 tempore
476 1155 721 1242 quadragesime
747 1155 953 1240 recupemuit
977 1155 1064 1220 idem
1089 1155 1237 1241 Rogerus

128 1259 277 1324 seisinam
313 1281 407 1324 suam
447 1257 487 1322 de
527 1257 674 1344 predicta
713 1258 847 1322 ecclesia
886 1280 999 1324 uersus
1034 1258 1236 1324 Willelmum

129 1363 269 1428 Gemun.

192 1467 237 1532 Et
248 1466 434 1532 Willelmus
446 1466 580 1532 Gemun
592 1465 754 1553 cognoscit
770 1465 856 1552 quod
872 1467 1018 1554 Rogems
1032 1465 1236 1552 recuperauit

127 1570 277 1636 seisinam
286 1593 379 1636 suam
391 1593 449 1657 per
459 1571 747 1656 Archiepisoopum
757 1570 1025 1636 Cantuariensem
1034 1571 1070 1636 in
1078 1569 1236 1658 principio

126 1674 371 1761 quadragesime
386 1674 471 1740 sieut
485 1674 668 1760 predictum
684 1683 742 1752 est,
757 1683 809 1739 set
828 1674 995 1739 sentencia
1014 1675 1072 1740 illa
1085 1681 1237 1740 reuocata

126 1778 188 1843 fuit
204 1787 318 1864 postea
331 1801 391 1865 per
404 1777 527 1843 iudices
542 1801 616 1843 suos
630 1779 796 1866 delegatos
811 1778 868 1865 qui
882 1778 1067 1844 debuerunt
1087 1799 1236 1844 reuocare

127 1901 183 1966 per
197 1880 391 1946 mandatum
406 1879 500 1946 Dom.
518 1880 607 1967 Pape
623 1881 708 1967 quod
724 1881 801 1946 inde
816 1881 1010 1949 habuerunt.

191 1985 235 2050 Et
261 1985 420 2050 iuratores
446 1985 561 2050 dicunt
590 1985 676 2071 quod
701 1993 874 2071 postquam
899 1986 1064 2072 predictus
1090 1986 1236 2072 Rogems

125 2088 332 2175 recuperauit
347 2088 499 2154 seisinam
514 2111 607 2153 suam
621 2081 686 2154 fuit
700 2089 735 2153 in
749 2089 905 2155 continua
918 2091 1116 2177 possessione
1132 2112 1236 2177 usque

126 2191 166 2257 ad
180 2200 320 2258 mortem
336 2215 428 2257 suem
444 2199 478 2258 et
493 2192 575 2258 obiit
590 2193 726 2260 seisitua

190 2296 253 2362 'Et
273 2297 352 2383 quia
366 2296 550 2362 Willelmus
570 2297 733 2383 cognoscit
754 2298 841 2383 quod
863 2297 1010 2384 Rogerus
1030 2297 1237 2384 recupemuit

126 2401 277 2466 seisinam
292 2423 385 2466 suam
404 2423 518 2466 uersus
538 2411 673 2479 sumet
692 2402 850 2467 iuratores
870 2401 993 2487 precise
1014 2400 1128 2466 dicunt
1150 2399 1237 2486 quod

126 2505 273 2594 Rogatus
293 2504 376 2571 obiit
395 2527 532 2593 persona
550 2505 585 2569 in
606 2505 720 2571 eadem
742 2505 877 2572 ecclesia
897 2504 940 2571 ad
960 2503 1235 2593 presentacionem

127 2610 272 2687 Roberti,
284 2610 520 2676 consideratum
537 2618 586 2675 est
598 2610 684 2696 quod
695 2610 858 2675 Robertus
868 2608 1073 2696 recuperauit
1084 2608 1234 2673 seisinam

127 2737 218 2780 suam
230 2714 272 2780 de
285 2715 499 2780 adnocacione
508 2714 574 2791 ille,
585 2722 620 2778 et
631 2714 845 2779 Eustachius⁸
854 2714 888 2779 in
901 2712 1120 2780 misericordia
1131 2720 1192 2779 etc.
1211 2710 1217 2798 Ι

37 2822 92 2889 he.
191 2816 373 2883 ‘Beatricia
408 2840 471 2904 que
508 2816 573 2882 fuit
607 2838 689 2882 uxor
718 2816 879 2903 Stephani
907 2818 948 2882 de
978 2816 1124 2881 Bononia
1151 2814 1238 2901 petit

128 2944 240 2987 uersus
266 2922 470 2987 Willelmum
496 2920 610 2986 Luciel
636 2943 739 2986 unum
765 2922 970 3009 mesuagium
996 2944 1071 2986 cum
1095 2927 1176 3006 pert.
1202 2918 1238 2983 in

129 3026 237 3092 Stowe
259 3034 300 3091 ut
321 3026 374 3090 ius
395 3047 501 3103 suum,
516 3032 550 3090 et
572 3025 607 3089 in
629 3025 715 3111 quod
737 3025 825 3091 idem
847 3024 1031 3091 Willelmus
1051 3045 1115 3089 non
1137 3020 1239 3087 habet

128 3130 309 3218 ingnessum
324 3130 387 3195 nisi
401 3152 462 3216 per
474 3129 663 3221 predictum¹
675 3130 890 3216 Stephanum,
904 3129 958 3194 cui
973 3137 1033 3194 etc.

192 3235 238 3299 Et
268 3234 454 3299 Willelmus
482 3232 577 3298 uenit
607 3241 641 3298 et
678 3232 826 3298 defendit
861 3232 914 3298 ius
949 3254 1054 3307 suum,
1084 3236 1118 3293 et
1154 3227 1237 3293 bene

128 3336 293 3424 cognoscit
308 3336 395 3423 quod
409 3335 527 3401 habuit
548 3335 729 3422 ingressum
749 3358 808 3421 per
828 3334 1011 3420 predictum
1034 3330 1237 3417 Stephanum

127 3450 162 3506 εὴ
179 3464 239 3528 per
258 3441 373 3527 ipsam,
387 3448 438 3506 set
459 3448 533 3526 post
554 3447 692 3505 mortem
716 3438 876 3525 Stephani
898 3436 991 3501 uenit
1011 3436 1082 3523 ipsa
1102 3434 1138 3499 in
1160 3432 1240 3521 ligia

127 3546 293 3611 uiduitate
316 3567 375 3610 sua
397 3553 431 3609 et
453 3544 603 3631 quietum
626 3543 780 3609 clamauit
802 3542 835 3609 ei
857 3550 964 3606 totum
986 3540 1037 3605 ius
1059 3562 1155 3604 suum
1179 3561 1238 3625 per

127 3658 251 3715 cartam
266 3670 359 3714 suam
375 3670 473 3735 quam
488 3649 610 3735 profert
628 3656 662 3713 et
682 3670 746 3735 que
768 3647 829 3713 hoc
849 3655 998 3722 testatur,
1014 3654 1048 3710 et
1070 3644 1156 3731 quod
1177 3644 1238 3708 hoc

127 3753 170 3819 sit
194 3774 312 3819 uerum
335 3751 428 3838 ponit
451 3774 486 3816 se
513 3773 611 3838 super
635 3760 736 3817 testes
761 3758 850 3815 carte
876 3757 911 3815 et
935 3748 1016 3813 dicit
1041 3746 1127 3833 quod
1148 3754 1238 3810 carta

128 3857 245 3924 debuit
260 3856 330 3922 fieri
346 3856 381 3921 in
396 3855 565 3921 hundredo
580 3855 775 3942 Olaueringe
791 3878 869 3920 com.
886 3853 1017 3918 Essexie
1032 3860 1092 3916 etc.

194 3960 240 4025 Et
261 3960 425 4026 Beetricia
444 3960 537 4025 uenit
557 3967 592 4025 et
613 3960 760 4025 defendit
781 3967 904 4024 cartam
925 3957 1015 4023 illam
1038 3963 1072 4020 et
1092 3954 1237 4041 quietam

129 4064 340 4130 clemenciam
377 4071 412 4128 et
448 4072 566 4141 totum,
596 4072 630 4128 et
659 4063 739 4129 dicit
768 4063 855 4150 quod
884 4083 1049 4148 nunquam
1080 4057 1174 4123 uenit
1202 4056 1238 4121 in

130 4166 299 4233 hundredo
314 4166 372 4233 ubi
387 4175 478 4232 carta
490 4166 549 4232 illa
562 4166 675 4232 confici
690 4166 813 4243 debuit,
828 4187 888 4232 nec
902 4164 1046 4250 aliquam
1064 4168 1185 4227 cartam
1206 4159 1238 4224 ei

129 4270 206 4336 inde
229 4271 317 4349 fecit,
331 4278 367 4336 et
388 4270 471 4336 bene
494 4270 682 4357 dicitquod
705 4291 872 4354 nunquam
894 4276 1065 4354 postquam
1087 4264 1139 4329 uir
1160 4285 1239 4327 suus

163 4434 173 4467 ¹
191 4435 233 4484 lst
244 4434 311 4497 Aug.
744 4433 755 4467 ⁸
771 4434 801 4483 de
817 4432 1008 4495 Burliauetooa
1020 4431 1050 4482 L

162 4498 173 4531 ²
190 4500 286 4551 Postea
296 4500 365 4551 from
376 4500 567 4561 Westminster,
581 4500 612 4550 A.
744 4500 754 4531 ⁴
770 4498 802 4547 A.
813 4513 849 4547 m.
861 4496 925 4549 8οἁ

1045 4594 1151 4657 fad-2
