3167 5075
477 400 616 461 nssrsu
638 400 702 451 an.
728 388 821 463 1225,
843 401 908 451 nn
931 388 959 451 9.
1227 388 1267 450 95

159 574 247 661 quod
261 574 336 640 sciri
350 575 473 661 poterit
483 574 570 661 quod
580 574 765 639 Willelmus
775 574 901 640 remisit
912 575 963 639 ius
973 596 1078 653 suum,
1090 573 1268 640 considera·

158 688 231 745 tum
248 687 299 745 est
314 679 401 766 quod
416 679 580 745 Henrious
595 686 629 745 et
643 681 665 745 J
667 680 778 745 uliana
791 679 868 745 inde
883 679 989 766 quieti
1003 688 1038 745 et
1053 678 1269 745 Herewardus

157 783 194 848 in
208 781 430 848 misericordia
435 782 453 849 ¹.

155 1123 354 1190 PLACITA
368 1124 496 1189 APUD
505 1122 972 1190 WESTMONASTERIUM
987 1122 1049 1188 DE
1059 1122 1268 1188 TERMINO

246 1226 426 1292 PASOHE
454 1227 586 1292 ANNO
609 1225 754 1293 REGNI
777 1226 914 1293 REGIS
936 1225 1134 1293 HENRICI
1156 1226 1269 1291 FILH

246 1330 383 1396 REGIS
412 1330 650 1396 JOHANNIS
680 1330 820 1396 NONO.

103 1600 112 1613 .
223 1554 411 1619 Alexander
430 1553 518 1619 filius
537 1554 674 1620 Roberti
693 1555 816 1641 optulit
836 1579 870 1621 se
892 1556 965 1643 iiijw
984 1557 1037 1623 die
1053 1581 1166 1624 uersus
1181 1559 1268 1624 Gau·

155 1659 280 1725 fiidum
295 1660 336 1725 de
351 1658 523 1737 Boclande,
538 1658 714 1723 Ricardum
730 1658 770 1723 de
792 1659 951 1747 Scingnes
971 1669 1006 1726 et
1026 1671 1150 1727 ceteros
1169 1662 1270 1729 socios

156 1786 234 1829 suos
262 1762 456 1829 iusticiarios
484 1761 602 1827 ultimo
631 1762 824 1827 itinerantes
852 1764 888 1828 in
916 1764 1065 1851 partibus
1094 1765 1160 1831 illis
1182 1766 1269 1851 quod

156 1871 303 1935 facerent
322 1867 490 1934 recordum
510 1867 551 1933 de
571 1868 671 1933 assisa
692 1869 807 1933 mortis
826 1870 1037 1935 antecessoris
1055 1892 1154 1956 quam
1169 1872 1269 1958 Hugo

156 1973 200 2039 de
216 1974 248 2038 la
264 1974 341 2038 Sike
357 1982 392 2038 et
406 1972 540 2037 Beatrix
555 1995 635 2037 uxor
650 1972 720 2037 eius
735 1973 979 2039 aramiauerunt
994 1998 1108 2039 uersus
1129 1974 1268 2040 eundem

156 2078 383 2143 Alexandrum
405 2078 446 2143 de
466 2085 592 2164 septem
613 2100 674 2141 acr.
696 2086 781 2142 terre
802 2100 878 2142 curn
892 2086 974 2165 pert.
989 2078 1025 2143 in
1041 2078 1191 2144 Cautona
1206 2100 1269 2165 que

156 2182 260 2247 assisa
281 2205 386 2247 coram
412 2182 459 2245 eis
482 2190 578 2268 capta
601 2182 665 2246 fuit
688 2181 723 2247 in
746 2182 864 2248 itinere
885 2206 952 2261 suo,
972 2191 1008 2247 et
1027 2182 1137 2247 nullus
1157 2204 1269 2246 eorum

157 2288 253 2353 uenit
276 2295 336 2353 etc
359 2295 394 2352 et
416 2290 573 2353 summon’
589 2296 658 2366 etc,
674 2296 709 2352 et
723 2287 796 2353 ideo
811 2296 1003 2376 preceptum
1018 2296 1069 2354 est
1083 2288 1270 2355 uicecomiti

156 2390 247 2477 quod
275 2388 388 2455 uenire
418 2389 516 2455 faciat
546 2412 567 2454 a
595 2390 648 2455 die
679 2391 711 2457 S.
741 2390 828 2456 Trin.
858 2391 892 2455 in
922 2414 974 2456 xv.
1004 2392 1074 2457 dies
1107 2391 1269 2479 predictos

155 2492 336 2558 Ricardum
361 2500 396 2558 et
418 2491 614 2580 Magistrum
635 2492 821 2559 Johannem
841 2492 884 2559 ad
903 2493 1086 2560 faciendum
1108 2502 1177 2571 etc,
1192 2493 1270 2580 quia

157 2595 337 2661 Gaufridus
366 2603 401 2660 et
430 2595 592 2661 Jordanus
618 2617 684 2660 non
712 2594 793 2660 fuit¹
820 2595 856 2659 in
885 2596 1034 2682 partibus
1062 2596 1128 2662 illis
1149 2604 1210 2662 etc.
1233 2605 1269 2661 et

157 2700 339 2764 uicecomes
353 2699 474 2764 habeat
489 2723 620 2786 corpora
635 2700 780 2765 omnium
795 2700 1034 2787 recognitorum
1055 2701 1153 2766 assisa
1173 2707 1268 2786 capte

156 2811 221 2868 etc
237 2811 272 2866 et
286 2803 387 2889 Hugo
402 2801 484 2866 obiit
499 2810 559 2868 etc.

102 2961 110 2973 .
225 2905 337 2970 Assisa
358 2905 451 2970 uenit
472 2905 678 2992 recognitum
699 2905 772 2992 quis
799 2904 977 2972 aduocatus
1007 2915 1153 2993 tempore
1181 2906 1270 2993 pacis

156 3010 363 3097 presentauit
384 3009 534 3074 ultimam
555 3032 724 3095 personam
747 3033 810 3096 que
831 3018 960 3076 mortua
979 3019 1030 3076 est
1044 3011 1087 3075 ad
1101 3011 1269 3077 ecclesiam

156 3115 201 3179 de
226 3114 336 3200 Wyka
361 3135 423 3201 que
450 3121 546 3178 uacat
571 3121 629 3178 etc.
655 3113 748 3178 cuius
771 3114 1021 3181 adnocacionem
1046 3115 1204 3180 Ricardus
1228 3115 1269 3180 de

156 3217 261 3284 Wika
285 3218 405 3282 clamat
430 3239 542 3282 uersus
568 3217 712 3282 Priorem
738 3217 778 3282 de
806 3216 1007 3304 Tywarday¹‚
1032 3218 1088 3304 qui
1114 3218 1208 3283 uenit
1234 3228 1269 3284 et

156 3321 241 3387 dicit
261 3321 348 3407 quod
367 3320 466 3385 assisa
484 3343 551 3384 non
570 3319 669 3386 debet
688 3320 764 3386 inde
786 3320 865 3400 fieri,
887 3323 965 3408 quia
983 3322 1053 3408 ipse
1077 3330 1111 3387 et
1135 3323 1270 3388 ecclesia

156 3449 220 3494 sua
233 3425 357 3490 habent
377 3423 624 3490 aduocacionem
645 3425 777 3491 ecclesie
799 3426 839 3491 de
854 3425 954 3490 Wika
972 3449 1012 3491 ex
1033 3425 1116 3491 dono
1130 3426 1270 3492 Walteri

154 3533 199 3598 de
214 3531 323 3617 Wyka
336 3529 545 3594 antecessoris
560 3528 705 3594 eiusdem
720 3529 860 3608 Ricardi,
872 3538 906 3595 et
921 3529 998 3595 inde
1010 3532 1131 3617 profert
1142 3540 1267 3598 cartam

155 3635 306 3702 eiusdem
332 3634 469 3699 Walteri
495 3655 558 3720 que
585 3632 706 3698 donum
731 3633 815 3699 illud
840 3642 982 3699 testatur
1006 3634 1041 3699 in
1070 3635 1130 3700 hec
1159 3637 1269 3716 uerba,

156 3739 389 3806 Bartholomeo
405 3737 579 3802 Exoniensi
595 3736 767 3824 Episcopo⁴
782 3738 947 3804 Walterus
959 3738 999 3803 de
1010 3739 1119 3826 Wyka
1128 3741 1268 3807 salutem

157 3853 196 3910 et
218 3843 316 3909 fidele
339 3841 522 3918 seruicium‚
547 3841 674 3906 Notum
698 3842 741 3906 sit
767 3842 936 3907 sanctitati
962 3851 1070 3907 uestre
1096 3845 1181 3929 quod
1207 3867 1268 3932 ego
1380 3909 1384 3916 ,

157 3949 327 4013 Walterus
350 3946 391 4012 de
414 3946 523 4032 Wylra
546 3953 581 4010 et
604 3968 664 4032 ego
684 3945 790 4011 Alicia
809 3946 878 4011 lilia
897 3946 1028 4012 Ricardi
1048 3946 1088 4012 de
1109 3948 1142 4012 la
1161 3948 1269 4034 Wyka

158 4052 300 4120 concedo
325 4049 480 4115 fratribus
505 4048 586 4113 meis
612 4049 777 4114 monachis
802 4048 843 4114 de
873 4049 1066 4138 Tywardray
1092 4051 1152 4117 hoc
1181 4052 1268 4138 quod

195 4235 364 4300 ¹s¹1⁸hpsrtie
341 4234 455 4286 reisarek
456 4234 550 4293 n,slclk
558 4234 674 4286 undae
615 4249 690 4298 aegre
772 4233 1077 4299 ’Tywuuaucomw
1078 4237 1121 4289 all.
1153 4237 1267 4289 Monast.

158 4271 932 4397 abomtmpedigiee‚sot1iereisnovvol.,4p..osr

158 4365 480 4485 battlseicrorigrandassm
772 4365 933 4415 ⁴.0b1184.
