3167 5075
345 383 410 447 206
564 394 681 445 courir
704 394 803 456 anon,
824 393 888 443 an.
914 378 1073 455 1236-7,
1094 394 1157 442 aa
1180 381 1232 441 21.

343 562 472 651 patria¹.
518 564 562 629 iii
583 564 703 651 quesiti
725 563 884 651 quomodo
907 564 1014 629 sciunt
1040 564 1126 650 quod
1150 564 1315 651 predictus
1338 564 1454 629 Abbas

343 689 408 741 non
428 667 544 733 habuit
563 667 714 733 seisinam
736 667 777 733 de
797 666 944 754 predicta
962 675 1049 732 terra
1067 668 1131 733 nisi
1153 668 1280 734 racione
1302 667 1453 733 custodie

342 772 427 837 sicut
444 772 627 862 predictum
647 779 706 851 est,
720 771 836 837 dicunt
855 772 942 859 quod
962 772 1022 836 hoc
1042 772 1126 838 bene
1145 772 1290 839 sciebant
1311 780 1348 838 et
1366 774 1452 838 bene

341 876 475 963 patebat
490 876 568 963 quia
581 876 668 942 idem
685 876 850 942 Galfiidus
864 876 1000 942 leofauit
1019 876 1193 962 quemdam
1211 876 1395 941 Robertum
1410 877 1451 942 de

340 980 411 1045 Ral’
429 981 470 1046 de
490 981 557 1046 situ
577 980 746 1047 cuiusdam
766 980 945 1046 molendini
963 980 1005 1046 ad
1027 979 1142 1066 equos¹
1163 979 1204 1045 de
1225 980 1341 1045 eadem
1363 990 1452 1045 teria

339 1084 381 1150 ad
395 1085 515 1151 festum
531 1085 563 1151 S.
579 1084 748 1150 Michaelis
761 1085 908 1171 proximo
922 1084 1117 1171 preteritum
1137 1083 1172 1148 in
1192 1106 1295 1149 unuin
1315 1107 1449 1150 annum

339 1188 384 1253 Et
410 1189 529 1275 quesiti
551 1190 586 1253 in
609 1211 673 1275 quo
695 1196 784 1254 statu
808 1187 872 1253 fuit
894 1187 982 1253 idem
1005 1187 1169 1253 Galliidus
1190 1186 1319 1273 quando
1340 1188 1451 1254 dictus

340 1291 479 1358 Ouidius
492 1291 587 1357 uenit
600 1292 643 1357 ad
657 1291 850 1357 comitatum
866 1291 1092 1379 Bucliingham
1108 1314 1182 1356 cum
1197 1299 1287 1356 carta
1301 1292 1451 1379 predicta

339 1404 374 1460 et
388 1394 563 1461 canonicis⁸
577 1394 732 1482 predictis
752 1402 787 1460 et
807 1394 936 1481 quando
956 1396 1042 1460 lecta
1061 1395 1125 1460 fuit
1143 1393 1258 1461 dicunt
1276 1395 1366 1481 quod
1384 1418 1449 1462 non

339 1501 403 1565 fuit
417 1522 546 1586 compos
560 1500 611 1565 sui
616 1500 635 1566 ⁴.

404 1605 522 1670 Postea
535 1626 641 1669 coram
655 1603 749 1669 Dom
765 1603 857 1690 Rege
876 1602 965 1690 apud
979 1602 1190 1689 Wygomiam
1210 1603 1252 1668 ad
1271 1604 1395 1669 festum
1415 1604 1449 1670 S.

267 1768 272 1778 .
339 1706 474 1773 Jacobi³
507 1706 712 1793 presentibus
747 1707 923 1793 Episcopis,
960 1706 1152 1784 Comitibus‚
1187 1707 1370 1773 Batonibus
1390 1709 1397 1794 Ι
1414 1717 1451 1773 et

339 1811 411 1877 aliis
433 1810 641 1898 magnatibus
663 1810 741 1897 quia
765 1809 969 1897 recognitum
992 1817 1044 1874 est
1068 1830 1128 1895 per
1152 1832 1263 1875 omnes
1285 1819 1391 1876 testes
1415 1821 1451 1876 et

339 1916 496 1981 iuratores
521 1914 607 2001 quod
632 1914 745 1979 Abbas
769 1912 871 1979 nichil
896 1910 1014 1977 habuit
1038 1912 1074 1976 in
1099 1912 1194 1978 feodo
1217 1934 1278 1978 nec
1302 1914 1449 1999 aliquam

339 2018 490 2100 seisinam
512 2018 575 2083 nisi
595 2017 722 2083 racione
744 2018 898 2095 custodie,
912 2025 947 2082 et
966 2026 1115 2103 preterea
1134 2018 1212 2104 quia
1230 2026 1334 2084 testes
1347 2018 1450 2084 nichil

339 2123 446 2189 sciunt
461 2121 501 2187 de
516 2130 606 2188 carta
619 2120 763 2207 exceptis
778 2120 884 2185 tribus
895 2120 952 2207 qui
963 2142 1029 2185 non
1039 2121 1241 2201 concordant,
1252 2129 1288 2186 et
1298 2131 1450 2208 preterea

339 2228 417 2315 quia
429 2226 516 2292 idem
533 2226 697 2292 Galfiidus
711 2246 880 2312 nunquam
894 2246 1001 2289 coram
1021 2224 1179 2289 comitatu
1196 2225 1252 2289 uel
1266 2225 1349 2291 alibi
1361 2248 1448 2291 coin-

339 2331 449 2419 paruit
463 2330 505 2396 ad
520 2330 655 2396 faciend'
670 2330 715 2395 eis
730 2330 882 2396 saisinam
896 2352 957 2395 nec
971 2350 1029 2416 pro
1043 2352 1082 2395 eo
1095 2329 1238 2395 balliuus
1256 2352 1337 2395 suus
1350 2339 1450 2395 notus

338 2436 423 2502 sicut
448 2436 518 2522 ipse
542 2435 656 2501 Abbas
681 2434 817 2513 dixerat,
844 2434 1092 2501 Consideratum
1118 2436 1280 2522 estquod
1308 2436 1451 2521 predicti

338 2539 473 2605 heredes
494 2545 685 2626 recuperent
706 2539 858 2604 saisinam
880 2561 974 2604 suain
997 2539 1108 2625 quiete
1130 2538 1166 2603 in
1186 2547 1385 2625 perpetuum
1407 2541 1450 2606 dc

338 2643 408 2730 ipso
429 2643 559 2709 Abbate
582 2651 616 2708 et
637 2642 872 2707 successoribus
890 2642 959 2708 suis
980 2651 1015 2708 et
1036 2651 1126 2709 carta
1144 2643 1343 2708 cancellatur
1361 2645 1450 2710 sicut

339 2747 427 2823 italae,
450 2754 485 2810 et
507 2745 593 2832 quod
615 2744 727 2811 Abbas
748 2743 865 2810 reddat
886 2745 934 2810 eis
955 2767 1014 2832 per
1033 2754 1271 2811 sacramentum
1292 2748 1448 2834 legalium

339 2849 507 2914 hominum
537 2870 648 2913 omnes
676 2849 784 2914 exitus
813 2871 893 2935 quos
921 2848 998 2913 inde
1027 2849 1173 2936 percepit
1201 2858 1275 2936 post
1307 2861 1448 2917 mortem

339 2951 442 3038 ipsius
468 2949 614 3030 Galliidi,
636 2959 671 3016 et
692 2949 736 3016 sit
757 2949 792 3014 in
815 2951 1033 3016 misericordia
1052 2974 1111 3038 pro
1133 2953 1276 3018 falsitate
1297 2962 1388 3020 carte
1412 2963 1448 3020 et

339 3076 397 3140 pro
411 3053 533 3118 iniusto
547 3052 805 3118 deforciamento.

210 3168 301 3233 1190.
404 3154 531 3220 ‘Assisa
543 3155 638 3220 uenit
652 3155 768 3220 ultime
782 3157 1036 3242 presentaeionis
1056 3181 1154 3245 quam
1173 3160 1342 3227 lohannes
1360 3163 1449 3228 filius

212 3267 294 3308 ΜΝ»
341 3257 479 3325 Galffidi
514 3258 687 3324 aramiauit
723 3283 837 3327 uersus
873 3261 1052 3328 Henricum
1089 3261 1131 3329 de
1159 3264 1377 3332 Franchesnei
1404 3266 1447 3332 de

340 3362 474 3428 ecclesia
494 3361 536 3426 de
557 3361 708 3426 Mortona
724 3363 923 3428 summonita
936 3373 1023 3429 esset
1037 3387 1143 3429 coram
1157 3365 1344 3432 iusticiariis
1357 3368 1448 3454 apud

340 3463 665 3530 westmonasterium
695 3472 730 3529 st
758 3465 846 3531 idem
876 3466 1038 3532 Henricus
1066 3466 1222 3533 defaltum
1255 3470 1379 3535 faceret
1411 3480 1449 3536 et

339 3566 509 3634 iusticiarii
523 3567 610 3632 diem
625 3566 790 3632 dedissent
804 3567 902 3634 nimis
915 3568 1071 3634 diffusum
1090 3569 1179 3635 intra
1198 3593 1295 3656 quem
1312 3571 1446 3638 deuolui

339 3671 449 3758 potuit
470 3669 600 3736 collacio
621 3669 664 3736 ad
685 3671 871 3757 episcopum
893 3692 952 3757 per
972 3671 1101 3758 lapsum
1122 3695 1179 3738 sex
1204 3675 1383 3740 mensium'
1402 3677 1446 3742 de

339 3773 471 3840 consilio
485 3775 578 3839 Doni.
593 3773 694 3861 Regis
708 3775 875 3861 prouisum
889 3775 953 3841 luit
967 3774 1054 3862 quod
1073 3776 1252 3842 uiceoomes
1269 3778 1449 3868 diligenter

340 3878 518 3966 inquireret
532 3877 589 3964 qui
604 3878 737 3943 l'uerunt
751 3878 968 3965 recognitores
981 3879 1070 3944 illius
1084 3879 1182 3946 assisa
1197 3889 1232 3947 et
1245 3881 1319 3947 illos
1332 3885 1447 3951 uenire

372 4093 380 4126 ¹
398 4094 420 4143 A
432 4091 527 4142 bei-init
537 4092 567 4142 ol
575 4091 620 4143 the
630 4089 739 4144 district.
946 4093 1005 4143 ⁶25
1016 4093 1087 4157 Jnly.

372 4156 1448 4274 ²sh0rso-mii1.⁶rh0bsginningoiiiiisnnir5noeqi

413 4225 513 4280 ambra,
525 4222 581 4273 ΜΒ.
915 4237 987 4272 some
1003 4223 1183 4284 emendatum
1203 4224 1250 4274 bnt
1266 4224 1313 4276 the
1330 4243 1408 4280 sonas
1423 4232 1448 4282 is

372 4223 468 4337 :iisne
479 4258 543 4337 siids
553 4287 599 4337 the
608 4287 696 4337 record
708 4287 735 4337 ol
750 4286 796 4338 the
806 4301 863 4350 p-ro
914 4287 996 4350 plain

341 4351 556 4414 caedmgsbelore
569 4301 863 4416 usjuuoesaiwiit-
947 4352 1010 4402 'Aa
1029 4356 1057 4403 to
1075 4353 1171 4417 spsady
1185 4353 1327 4418 mnodum
1344 4361 1375 4410 to
1392 4375 1448 4423 pre

915 4418 1067 4482 ientlapse‚
1079 4419 1177 4469 seeBr
1187 4419 1275 4472 tm
