3167 5075
379 367 541 418 reasons
564 367 665 430 nrnn,
686 365 750 418 an.
776 354 870 429 1222,
892 367 956 418 aa
980 354 1009 418 6.
1180 352 1245 418 615

143 539 276 606 ariorum
298 539 416 605 ultimo
436 539 664 606 itinerantium
686 539 811 606 scilieet
832 538 1035 612 Willelmum
1055 537 1199 617 nomina
1209 547 1244 604 et

143 651 255 729 petunt
269 643 427 708 iudicium
442 643 471 708 si
485 643 626 710 debeant
641 643 683 710 ad
698 643 758 710 hoe
773 644 873 710 breue
887 643 1088 729 respondere.
1116 643 1244 710 Dieunt

143 747 238 812 eciam
260 747 347 833 quod
369 755 456 812 terra
477 769 576 834 quam
598 747 650 814 uir
671 771 749 813 suus
771 747 881 813 tenuit
902 748 967 814 fuit
985 747 1021 812 in
1035 769 1134 813 manu
1149 746 1243 813 Dom

142 851 234 937 Regis
257 873 316 936 per
333 851 358 937 j.
383 872 505 918 annum
530 859 565 916 et
585 852 609 938 j.
635 851 731 931 diem,
755 861 789 918 et
814 859 928 939 postea
955 851 1085 918 reddita
1111 849 1244 937 capitali

141 953 273 1032 domino,
289 963 323 1020 et
338 955 412 1020 ideo
426 954 543 1021 nolunt
557 955 750 1042 respondere
765 955 829 1021 nisi
843 955 934 1021 ouria
947 953 1207 1020 considerauerit.

202 1060 244 1126 Et
267 1059 385 1124 Emma
406 1067 443 1126 et
462 1061 574 1148 Agnes
596 1066 793 1146 cognoscunt
816 1057 903 1144 quod
923 1079 1039 1122 reuera
1059 1056 1244 1122 Willelmus

141 1162 189 1226 uir
212 1161 365 1226 eiusdem·
384 1161 500 1226 Emme
524 1161 588 1226 fuit
614 1160 782 1248 utlagatus
806 1169 842 1226 et
867 1160 954 1246 quod
976 1158 1127 1225 nesciunt
1148 1159 1176 1223 si
1199 1158 1244 1223 sit

140 1273 281 1331 mortuus
296 1265 350 1330 uel
365 1264 470 1330 uiuus.
515 1265 560 1330 Et
575 1265 648 1330 ideo
663 1264 901 1330 consideratum
920 1272 971 1329 est
992 1264 1079 1350 quod
1100 1262 1157 1328 alii
1178 1284 1243 1328 non

139 1369 349 1456 respondeant
363 1369 405 1434 ad
420 1367 481 1434 hoe
496 1369 595 1434 breue
606 1369 796 1455 priusquam
806 1368 929 1434 sciatur
939 1377 1051 1433 utrum
1060 1367 1244 1433 Willelmus

139 1472 179 1538 sit
199 1481 347 1538 mortuus
370 1495 430 1539 nee
451 1495 501 1538 ne.
546 1474 591 1538 Et
614 1472 691 1559 quia
713 1473 805 1538 nulla
829 1473 868 1538 fit
891 1471 1009 1538 diuisio
1030 1471 1066 1536 in
1086 1471 1180 1536 breui
1202 1470 1243 1536 de

139 1585 330 1655 tenemento,
352 1577 476 1664 Agneti
497 1600 563 1643 non
584 1576 818 1663 respondeatur
838 1576 881 1642 ad
902 1576 964 1642 hoe
984 1576 1093 1654 breue,
1115 1583 1149 1641 et
1170 1575 1245 1642 ideo

139 1678 203 1744 sine
217 1679 270 1744 die
287 1688 349 1746 ete.

48 1771 106 1840 799.
198 1783 310 1848 Assisa
324 1782 417 1848 uenit
430 1781 638 1869 recognitura
652 1783 679 1847 si
695 1783 809 1848 Simon
823 1781 910 1847 filius
929 1781 1020 1848 Petri
1039 1791 1134 1868 pater
1155 1780 1245 1846 Petri

138 1886 191 1972 qui
205 1895 254 1952 est
269 1887 355 1952 infra
369 1895 493 1952 etatem
508 1886 572 1951 fuit
586 1885 717 1952 saisitus
731 1886 766 1952 in
781 1885 942 1953 dominico
962 1907 1021 1950 suo
1041 1894 1080 1950 ut
1094 1885 1135 1951 de
1150 1885 1244 1950 feodo

138 1988 175 2055 de
190 1990 334 2077 quinque
349 1991 431 2056 aeris
444 1998 530 2060 terre
546 1998 605 2055 ete.
621 1989 657 2056 in
672 1990 816 2076 Tylneye
830 1989 884 2053 die
904 2010 969 2075 quo
986 1997 1056 2067 ete,
1071 1998 1106 2055 et
1124 1989 1153 2054 si
1174 1998 1244 2068 ete,

137 2093 218 2158 unde
244 2093 447 2180 Reginaldus
473 2093 588 2158 Bulloe
609 2100 702 2157 tenet
723 2098 857 2158 tantum
878 2099 938 2156 ete
959 2090 964 2178 Ι
983 2099 1019 2156 et
1044 2091 1243 2156 Laurentius

137 2197 228 2282 Kyde
257 2204 390 2264 tantum
419 2204 478 2262 ete
524 2196 569 2261 Et
598 2195 801 2283 Reginaldus
829 2216 895 2260 non
924 2195 1018 2260 uenit
1044 2202 1105 2262 eto.
1130 2205 1182 2261 set
1206 2219 1242 2262 se

137 2301 316 2368 essoniauit.
361 2302 406 2367 Et
432 2301 594 2382 essonium
619 2322 685 2366 nou
709 2299 812 2364 iacuit
836 2299 915 2384 quia
939 2299 1056 2365 Petrus
1079 2308 1130 2365 est
1158 2299 1244 2366 infra

136 2404 279 2484 etatem¹,
294 2412 330 2470 et
344 2404 417 2470 ideo
432 2412 491 2470 ete
536 2404 582 2469 Et
597 2404 796 2470 Laureneius
815 2404 909 2469 uenit
928 2412 963 2469 et
985 2411 1081 2470 uooat
1102 2403 1179 2470 inde
1200 2405 1243 2470 ad

136 2518 314 2575 warantum
342 2509 528 2597 predictum
553 2508 780 2597 Reginaldum.
826 2507 959 2575 Habeat
988 2531 1064 2575 eum
1093 2518 1153 2576 ete
1183 2531 1242 2597 per
1318 2542 1331 2573 ο

137 2614 291 2680 auxilium
307 2614 403 2679 curie.

48 2716 105 2781 800.
198 2720 358 2786 Rieardus
379 2720 421 2785 de
443 2718 725 2807 Freehingefeldia
746 2718 848 2806 peciit
867 2739 981 2785 uersus
1002 2720 1181 2785 Radulfum
1201 2718 1242 2784 de

138 2821 251 2889 Stokes
266 2844 319 2888 xv.
335 2846 425 2889 aeras
439 2831 525 2888 terre
540 2845 615 2889 eum
630 2830 710 2909 pert.
726 2823 761 2888 in
781 2824 924 2889 Fretona
942 2832 982 2889 ut
1000 2823 1051 2890 ius
1071 2846 1176 2900 suum,
1194 2822 1244 2891 ita

138 2926 220 3009 quod
231 2925 321 2990 idem
330 2925 491 2991 Radulfus
506 2924 541 2989 in
556 2926 714 2990 comitatu
728 2926 838 3011 posuit
849 2947 884 2992 se
899 2927 1095 3014 inmagnam
1110 2926 1243 2991 assisam

138 3026 229 3095 Dom.
255 3028 357 3115 Regis
380 3050 494 3093 uersus
518 3028 658 3093 eundem
683 3028 861 3094 Rieardum
886 3038 948 3097 eto.
991 3030 1036 3095 Et
1057 3052 1154 3116 super
1182 3028 1243 3094 hoo
1368 3026 1372 3034 ’

138 3133 228 3197 uenit
259 3132 349 3197 idem
379 3132 540 3197 Radulfus
570 3141 605 3197 et
634 3132 714 3197 dieit
744 3132 833 3218 quod
861 3155 977 3199 reuera
1004 3132 1114 3219 posuit
1143 3154 1178 3198 se
1207 3132 1243 3197 iu

139 3258 288 3323 magnam
304 3236 437 3302 assisam
453 3244 488 3301 et
502 3235 610 3301 adhue
624 3243 723 3322 ponet
738 3236 766 3301 si
781 3235 871 3301 ouria
890 3236 1141 3302 considerauerit
1156 3236 1243 3322 quod

139 3338 235 3404 assisa
248 3339 369 3405 debeat
383 3339 554 3426 procedere
568 3361 666 3425 super
679 3339 779 3404 finem
790 3340 913 3404 factum
928 3338 1015 3404 inter
1028 3346 1243 3404 antecessores

140 3466 210 3511 suos
238 3452 274 3510 et
304 3444 479 3531 quemdam
509 3444 731 3509 Alexandrum
760 3444 803 3509 de
832 3443 1008 3529 Draytona
1053 3443 1098 3508 Et
1122 3444 1244 3530 profert

140 3546 365 3636 cirographum
390 3548 477 3634 quod
501 3549 625 3613 factum
651 3549 714 3613 fuit
737 3556 797 3615 ete.
820 3547 908 3634 apud
930 3547 1131 3613 Londoniam
1156 3555 1244 3614 xxx⁰0

140 3672 221 3717 anno
243 3651 347 3739 Regis
370 3652 506 3717 Henriei
531 3651 674 3731 secundi,
699 3660 733 3717 et
763 3653 849 3738 quod
878 3659 1020 3717 testatur
1041 3651 1127 3738 quod
1155 3651 1244 3717 idem

140 3752 322 3819 Alexander
335 3755 524 3842 reeognouit
539 3777 638 3821 unam
654 3762 837 3821 carucatam
852 3762 937 3819 terre
952 3754 987 3819 in
1001 3754 1248 3820 Freohenetona

141 3879 205 3923 esse
223 3859 276 3923 ius
297 3858 434 3925 Heruioi
457 3859 516 3923 filii
536 3858 668 3924 Ricardi
690 3867 724 3924 et
746 3858 817 3923 Eue
837 3858 946 3924 uxoris
966 3859 1036 3924 eius
1054 3860 1130 3925 auie
1149 3858 1247 3926 istius

141 3960 270 4027 Redulfi
285 3970 320 4027 et
335 3962 425 4027 illam
441 3962 487 4027 eis
502 3971 536 4028 et
552 3962 726 4027 heredibus
746 3963 814 4029 suis
835 3963 961 4029 remisit
980 3964 1016 4029 in
1038 3970 1244 4056 perpetuum.

143 4063 183 4128 Et
198 4065 326 4132 desieut
340 4068 428 4133 idem
443 4068 602 4133 Ricardus
616 4090 676 4133 neo
690 4066 824 4154 aliquis'
835 4077 915 4133 tune
925 4068 1078 4133 elamium
1093 4066 1244 4153 apposuit

143 4168 224 4253 petit
239 4164 397 4235 iudicium
412 4170 441 4235 si
455 4170 572 4236 debeat
588 4193 685 4256 super
699 4171 798 4236 finem
813 4170 908 4236 illum
921 4171 1120 4257 respondere.

205 4274 249 4339 Et
276 4274 434 4339 Ricardus
456 4275 548 4341 uenit
572 4283 605 4341 et
623 4275 704 4341 dicit
725 4276 812 4363 quod
833 4277 916 4341 bene
938 4284 1046 4362 potest
1068 4299 1136 4344 esse
1158 4276 1244 4362 quod

323 4388 332 4421 ¹
348 4389 392 4439 Br.
404 4390 423 4439 f.
436 4391 484 4441 ³40
495 4390 520 4441 b.
846 4391 858 4424 ²
874 4391 972 4455 Supply
983 4393 1060 4448 olim.
