<?xml version="1.0" encoding="UTF-8"?>
<!DOCTYPE html PUBLIC "-//W3C//DTD XHTML 1.0 Transitional//EN"
    "http://www.w3.org/TR/xhtml1/DTD/xhtml1-transitional.dtd">
<html xmlns="http://www.w3.org/1999/xhtml" xml:lang="en" lang="en">
 <head>
  <title>
</title>
<meta http-equiv="Content-Type" content="text/html;charset=utf-8" />
  <meta name='ocr-system' content='tesseract 3.04.00' />
  <meta name='ocr-capabilities' content='ocr_page ocr_carea ocr_par ocr_line ocrx_word'/>
</head>
<body>
  <div class='ocr_page' id='page_1' title='image "bractonsnoteboo03maitgoog_0247.png"; bbox 0 0 3167 5075; ppageno 0'>
   <div class='ocr_carea' id='block_1_1' title="bbox 332 383 1217 462">
    <p class='ocr_par' dir='ltr' id='par_1_1' title="bbox 332 383 1217 462">
     <span class='ocr_line' id='line_1_1' title="bbox 332 383 1217 462; baseline 0.002 -10"><span class='ocrx_word' id='word_1_1' title='bbox 332 400 569 462; x_wconf 74' lang='lat' dir='ltr'>conmanere,</span> <span class='ocrx_word' id='word_1_2' title='bbox 592 388 657 450; x_wconf 73' lang='lat' dir='ltr'>nn.</span> <span class='ocrx_word' id='word_1_3' title='bbox 681 383 841 462; x_wconf 74' lang='lat'>1237-8,</span> <span class='ocrx_word' id='word_1_4' title='bbox 862 400 925 450; x_wconf 73' lang='lat' dir='ltr'>aa</span> <span class='ocrx_word' id='word_1_5' title='bbox 949 388 998 450; x_wconf 79' lang='lat'>22.</span> <span class='ocrx_word' id='word_1_6' title='bbox 1153 388 1217 455; x_wconf 74' lang='lat'>233</span> 
     </span>
    </p>
   </div>
   <div class='ocr_carea' id='block_1_2' title="bbox 122 568 1266 2628">
    <p class='ocr_par' dir='ltr' id='par_1_2' title="bbox 124 568 1220 952">
     <span class='ocr_line' id='line_1_2' title="bbox 126 568 1218 661; baseline 0 -22"><span class='ocrx_word' id='word_1_7' title='bbox 126 570 203 641; x_wconf 85' lang='lat' dir='ltr'>unde</span> <span class='ocrx_word' id='word_1_8' title='bbox 217 570 353 661; x_wconf 90' lang='lat' dir='ltr'>predicti</span> <span class='ocrx_word' id='word_1_9' title='bbox 367 570 470 637; x_wconf 79' lang='lat' dir='ltr'>Fuleo</span> <span class='ocrx_word' id='word_1_10' title='bbox 485 578 519 637; x_wconf 91' lang='lat' dir='ltr'>et</span> <span class='ocrx_word' id='word_1_11' title='bbox 533 570 557 636; x_wconf 82' lang='lat' dir='ltr'><strong>J</strong></span> <span class='ocrx_word' id='word_1_12' title='bbox 557 570 701 635; x_wconf 88' lang='lat' dir='ltr'>ohannes</span> <span class='ocrx_word' id='word_1_13' title='bbox 714 568 829 636; x_wconf 87' lang='lat' dir='ltr'>dicunt</span> <span class='ocrx_word' id='word_1_14' title='bbox 844 572 930 657; x_wconf 86' lang='lat' dir='ltr'>quod</span> <span class='ocrx_word' id='word_1_15' title='bbox 945 594 1019 637; x_wconf 88' lang='lat' dir='ltr'>cnm</span> <span class='ocrx_word' id='word_1_16' title='bbox 1036 570 1085 640; x_wconf 90' lang='lat' dir='ltr'>W.</span> <span class='ocrx_word' id='word_1_17' title='bbox 1100 572 1218 639; x_wconf 81' lang='lat' dir='ltr'>Comes</span> 
     </span>
     <span class='ocr_line' id='line_1_3' title="bbox 126 674 1218 762; baseline -0.001 -19"><span class='ocrx_word' id='word_1_18' title='bbox 126 676 336 744; x_wconf 77' lang='lat' dir='ltr'>Marescallus¹</span> <span class='ocrx_word' id='word_1_19' title='bbox 362 678 464 741; x_wconf 84' lang='lat' dir='ltr'>frater</span> <span class='ocrx_word' id='word_1_20' title='bbox 490 674 629 762; x_wconf 76' lang='lat' dir='ltr'>predicti</span> <span class='ocrx_word' id='word_1_21' title='bbox 658 674 796 741; x_wconf 84' lang='lat' dir='ltr'>Comitis</span> <span class='ocrx_word' id='word_1_22' title='bbox 824 682 970 761; x_wconf 84' lang='lat' dir='ltr'>tempore</span> <span class='ocrx_word' id='word_1_23' title='bbox 998 698 1058 741; x_wconf 88' lang='lat' dir='ltr'>suc</span> <span class='ocrx_word' id='word_1_24' title='bbox 1082 684 1218 743; x_wconf 87' lang='lat' dir='ltr'>uocatus</span> 
     </span>
     <span class='ocr_line' id='line_1_4' title="bbox 124 777 1220 867; baseline 0 -20"><span class='ocrx_word' id='word_1_25' title='bbox 124 791 200 847; x_wconf 84' lang='lat' dir='ltr'>esset</span> <span class='ocrx_word' id='word_1_26' title='bbox 228 782 269 847; x_wconf 86' lang='lat' dir='ltr'>ad</span> <span class='ocrx_word' id='word_1_27' title='bbox 299 790 479 847; x_wconf 74' lang='lat' dir='ltr'><strong>warantum</strong></span> <span class='ocrx_word' id='word_1_28' title='bbox 507 779 549 845; x_wconf 90' lang='lat' dir='ltr'>de</span> <span class='ocrx_word' id='word_1_29' title='bbox 578 777 733 866; x_wconf 80' lang='lat' dir='ltr'><strong>predictis</strong></span> <span class='ocrx_word' id='word_1_30' title='bbox 762 778 914 845; x_wconf 74' lang='lat' dir='ltr'>maneriis</span> <span class='ocrx_word' id='word_1_31' title='bbox 938 779 1093 867; x_wconf 87' lang='lat' dir='ltr'>inspectis</span> <span class='ocrx_word' id='word_1_32' title='bbox 1120 780 1220 847; x_wconf 82' lang='lat' dir='ltr'>cartis</span> 
     </span>
     <span class='ocr_line' id='line_1_5' title="bbox 124 878 788 952; baseline -0.008 0"><span class='ocrx_word' id='word_1_33' title='bbox 124 887 241 952; x_wconf 85' lang='lat' dir='ltr'>illorum</span> <span class='ocrx_word' id='word_1_34' title='bbox 257 880 403 951; x_wconf 81' lang='lat' dir='ltr'>maneria</span> <span class='ocrx_word' id='word_1_35' title='bbox 417 884 474 949; x_wconf 85' lang='lat' dir='ltr'>illa</span> <span class='ocrx_word' id='word_1_36' title='bbox 488 884 535 949; x_wconf 88' lang='lat' dir='ltr'>eie</span> <span class='ocrx_word' id='word_1_37' title='bbox 549 878 788 949; x_wconf 74' lang='lat' dir='ltr'>warentizenit.&#39;</span> 
     </span>
    </p>

    <p class='ocr_par' dir='ltr' id='par_1_3' title="bbox 122 986 1266 2109">
     <span class='ocr_line' id='line_1_6' title="bbox 181 986 1266 1075; baseline -0.002 -20"><span class='ocrx_word' id='word_1_38' title='bbox 181 990 288 1055; x_wconf 85' lang='lat' dir='ltr'>Primo</span> <span class='ocrx_word' id='word_1_39' title='bbox 309 988 390 1055; x_wconf 88' lang='lat' dir='ltr'>dicit</span> <span class='ocrx_word' id='word_1_40' title='bbox 411 986 498 1073; x_wconf 91' lang='lat' dir='ltr'>quod</span> <span class='ocrx_word' id='word_1_41' title='bbox 520 986 678 1073; x_wconf 85' lang='lat' dir='ltr'>placitum</span> <span class='ocrx_word' id='word_1_42' title='bbox 699 986 781 1052; x_wconf 87' lang='lat' dir='ltr'>illud</span> <span class='ocrx_word' id='word_1_43' title='bbox 803 1008 869 1053; x_wconf 93' lang='lat' dir='ltr'>non</span> <span class='ocrx_word' id='word_1_44' title='bbox 891 986 991 1053; x_wconf 85' lang='lat' dir='ltr'>debet</span> <span class='ocrx_word' id='word_1_45' title='bbox 1012 989 1104 1075; x_wconf 87' lang='lat' dir='ltr'>sequi</span> <span class='ocrx_word' id='word_1_46' title='bbox 1124 989 1218 1054; x_wconf 81' lang='lat' dir='ltr'>Dom.</span> <span class='ocrx_word' id='word_1_47' title='bbox 1260 1027 1266 1045; x_wconf 59' lang='grc' dir='ltr'><em>ι</em></span> 
     </span>
     <span class='ocr_line' id='line_1_7' title="bbox 123 1088 1219 1180; baseline 0 -23"><span class='ocrx_word' id='word_1_48' title='bbox 123 1092 237 1180; x_wconf 84' lang='lat' dir='ltr'>Regem</span> <span class='ocrx_word' id='word_1_49' title='bbox 264 1089 344 1177; x_wconf 87' lang='lat' dir='ltr'>quia</span> <span class='ocrx_word' id='word_1_50' title='bbox 372 1090 557 1155; x_wconf 86' lang='lat' dir='ltr'>communia</span> <span class='ocrx_word' id='word_1_51' title='bbox 584 1088 706 1177; x_wconf 88' lang='lat' dir='ltr'>placita</span> <span class='ocrx_word' id='word_1_52' title='bbox 734 1097 820 1154; x_wconf 84' lang='lat' dir='ltr'>terre</span> <span class='ocrx_word' id='word_1_53' title='bbox 846 1098 934 1155; x_wconf 87' lang='lat' dir='ltr'>certo</span> <span class='ocrx_word' id='word_1_54' title='bbox 959 1090 1028 1155; x_wconf 89' lang='lat' dir='ltr'>loeo</span> <span class='ocrx_word' id='word_1_55' title='bbox 1051 1092 1219 1157; x_wconf 77' lang='lat' dir='ltr'>terminari</span> 
     </span>
     <span class='ocr_line' id='line_1_8' title="bbox 122 1192 1218 1282; baseline 0.002 -23"><span class='ocrx_word' id='word_1_56' title='bbox 122 1196 232 1260; x_wconf 87' lang='lat' dir='ltr'>debent</span> <span class='ocrx_word' id='word_1_57' title='bbox 258 1204 295 1261; x_wconf 87' lang='lat' dir='ltr'>et</span> <span class='ocrx_word' id='word_1_58' title='bbox 324 1202 436 1259; x_wconf 90' lang='lat' dir='ltr'>contra</span> <span class='ocrx_word' id='word_1_59' title='bbox 463 1202 586 1258; x_wconf 84' lang='lat' dir='ltr'>cartam</span> <span class='ocrx_word' id='word_1_60' title='bbox 613 1192 804 1257; x_wconf 86' lang='lat' dir='ltr'>libertatum</span> <span class='ocrx_word' id='word_1_61' title='bbox 829 1202 880 1258; x_wconf 88' lang='lat' dir='ltr'>est</span> <span class='ocrx_word' id='word_1_62' title='bbox 906 1194 992 1280; x_wconf 90' lang='lat' dir='ltr'>quod</span> <span class='ocrx_word' id='word_1_63' title='bbox 1018 1195 1218 1282; x_wconf 85' lang='lat' dir='ltr'>sequantur¹.</span> 
     </span>
     <span class='ocr_line' id='line_1_9' title="bbox 124 1296 1220 1385; baseline 0.001 -22"><span class='ocrx_word' id='word_1_64' title='bbox 124 1299 315 1385; x_wconf 70' lang='lat' dir='ltr'>Responsum</span> <span class='ocrx_word' id='word_1_65' title='bbox 331 1308 381 1363; x_wconf 89' lang='lat' dir='ltr'>est</span> <span class='ocrx_word' id='word_1_66' title='bbox 396 1297 482 1384; x_wconf 92' lang='lat' dir='ltr'>quod</span> <span class='ocrx_word' id='word_1_67' title='bbox 497 1296 586 1362; x_wconf 87' lang='lat' dir='ltr'>istud</span> <span class='ocrx_word' id='word_1_68' title='bbox 606 1318 777 1361; x_wconf 87' lang='lat' dir='ltr'>commune</span> <span class='ocrx_word' id='word_1_69' title='bbox 797 1297 955 1382; x_wconf 86' lang='lat' dir='ltr'>placitum</span> <span class='ocrx_word' id='word_1_70' title='bbox 976 1321 1040 1363; x_wconf 92' lang='lat' dir='ltr'>non</span> <span class='ocrx_word' id='word_1_71' title='bbox 1055 1308 1105 1363; x_wconf 86' lang='lat' dir='ltr'>est</span> <span class='ocrx_word' id='word_1_72' title='bbox 1119 1298 1220 1365; x_wconf 91' lang='lat' dir='ltr'>immo</span> 
     </span>
     <span class='ocr_line' id='line_1_10' title="bbox 123 1398 1218 1486; baseline 0.003 -21"><span class='ocrx_word' id='word_1_73' title='bbox 123 1401 277 1485; x_wconf 88' lang='lat' dir='ltr'>priuatum</span> <span class='ocrx_word' id='word_1_74' title='bbox 314 1399 472 1485; x_wconf 87' lang='lat' dir='ltr'>placitum</span> <span class='ocrx_word' id='word_1_75' title='bbox 502 1406 537 1463; x_wconf 94' lang='lat' dir='ltr'>et</span> <span class='ocrx_word' id='word_1_76' title='bbox 565 1398 749 1484; x_wconf 81' lang='lat' dir='ltr'>speciaiiter</span> <span class='ocrx_word' id='word_1_77' title='bbox 783 1399 892 1486; x_wconf 80' lang='lat' dir='ltr'>tangit</span> <span class='ocrx_word' id='word_1_78' title='bbox 925 1422 1095 1486; x_wconf 86' lang='lat' dir='ltr'>personam</span> <span class='ocrx_word' id='word_1_79' title='bbox 1123 1402 1218 1469; x_wconf 73' lang='lat' dir='ltr'>Dona</span> 
     </span>
     <span class='ocr_line' id='line_1_11' title="bbox 124 1501 1218 1592; baseline 0.002 -23"><span class='ocrx_word' id='word_1_80' title='bbox 124 1504 212 1592; x_wconf 83' lang='lat' dir='ltr'>Regis</span> <span class='ocrx_word' id='word_1_81' title='bbox 235 1514 271 1569; x_wconf 92' lang='lat' dir='ltr'>et</span> <span class='ocrx_word' id='word_1_82' title='bbox 296 1526 402 1569; x_wconf 90' lang='lat' dir='ltr'>coram</span> <span class='ocrx_word' id='word_1_83' title='bbox 428 1526 467 1568; x_wconf 89' lang='lat' dir='ltr'>eo</span> <span class='ocrx_word' id='word_1_84' title='bbox 493 1502 661 1567; x_wconf 89' lang='lat' dir='ltr'>terminari</span> <span class='ocrx_word' id='word_1_85' title='bbox 686 1502 785 1567; x_wconf 90' lang='lat' dir='ltr'>debet</span> <span class='ocrx_word' id='word_1_86' title='bbox 810 1501 968 1588; x_wconf 90' lang='lat' dir='ltr'>placitum</span> <span class='ocrx_word' id='word_1_87' title='bbox 996 1504 1082 1591; x_wconf 86' lang='lat' dir='ltr'>quod</span> <span class='ocrx_word' id='word_1_88' title='bbox 1110 1507 1218 1592; x_wconf 87' lang='lat' dir='ltr'>ipsum</span> 
     </span>
     <span class='ocr_line' id='line_1_12' title="bbox 123 1605 887 1695; baseline -0.001 -22"><span class='ocrx_word' id='word_1_89' title='bbox 123 1609 220 1695; x_wconf 78' lang='lat' dir='ltr'>tangit</span> <span class='ocrx_word' id='word_1_90' title='bbox 234 1618 270 1675; x_wconf 88' lang='lat' dir='ltr'>et</span> <span class='ocrx_word' id='word_1_91' title='bbox 285 1608 359 1673; x_wconf 87' lang='lat' dir='ltr'>ideo</span> <span class='ocrx_word' id='word_1_92' title='bbox 374 1608 439 1673; x_wconf 86' lang='lat' dir='ltr'>ista</span> <span class='ocrx_word' id='word_1_93' title='bbox 453 1607 602 1693; x_wconf 84' lang='lat' dir='ltr'>excepcio</span> <span class='ocrx_word' id='word_1_94' title='bbox 617 1616 668 1671; x_wconf 85' lang='lat' dir='ltr'>est</span> <span class='ocrx_word' id='word_1_95' title='bbox 683 1606 774 1672; x_wconf 86' lang='lat' dir='ltr'>nulla</span> <span class='ocrx_word' id='word_1_96' title='bbox 787 1606 864 1673; x_wconf 82' lang='lat' dir='ltr'>etc⁸</span> <span class='ocrx_word' id='word_1_97' title='bbox 881 1605 887 1695; x_wconf 87' lang='grc' dir='ltr'>Ι</span> 
     </span>
     <span class='ocr_line' id='line_1_13' title="bbox 129 1711 1219 1801; baseline 0.002 -24"><span class='ocrx_word' id='word_1_98' title='bbox 129 1748 133 1755; x_wconf 86' lang='grc'><em>·</em></span> <span class='ocrx_word' id='word_1_99' title='bbox 180 1712 221 1777; x_wconf 85' lang='lat' dir='ltr'>Et</span> <span class='ocrx_word' id='word_1_100' title='bbox 241 1713 281 1778; x_wconf 81' lang='lat' dir='ltr'>G.</span> <span class='ocrx_word' id='word_1_101' title='bbox 303 1711 511 1777; x_wconf 83' lang='lat' dir='ltr'>Maresoallus</span> <span class='ocrx_word' id='word_1_102' title='bbox 528 1712 621 1776; x_wconf 90' lang='lat' dir='ltr'>uenit</span> <span class='ocrx_word' id='word_1_103' title='bbox 642 1720 676 1777; x_wconf 90' lang='lat' dir='ltr'>et</span> <span class='ocrx_word' id='word_1_104' title='bbox 698 1712 853 1798; x_wconf 84' lang='lat' dir='ltr'>inspectis</span> <span class='ocrx_word' id='word_1_105' title='bbox 874 1711 972 1777; x_wconf 85' lang='lat' dir='ltr'>cartis</span> <span class='ocrx_word' id='word_1_106' title='bbox 993 1712 1122 1777; x_wconf 86' lang='lat' dir='ltr'>illorum</span> <span class='ocrx_word' id='word_1_107' title='bbox 1145 1735 1219 1801; x_wconf 83' lang='lat' dir='ltr'>cog·</span> 
     </span>
     <span class='ocr_line' id='line_1_14' title="bbox 123 1813 1218 1900; baseline 0.003 -22"><span class='ocrx_word' id='word_1_108' title='bbox 123 1817 215 1880; x_wconf 87' lang='lat' dir='ltr'>noscit</span> <span class='ocrx_word' id='word_1_109' title='bbox 229 1824 336 1881; x_wconf 80' lang='lat' dir='ltr'>cartas</span> <span class='ocrx_word' id='word_1_110' title='bbox 351 1823 386 1879; x_wconf 90' lang='lat' dir='ltr'>et</span> <span class='ocrx_word' id='word_1_111' title='bbox 400 1815 435 1879; x_wconf 92' lang='lat' dir='ltr'>in</span> <span class='ocrx_word' id='word_1_112' title='bbox 450 1822 540 1879; x_wconf 86' lang='lat' dir='ltr'>carta</span> <span class='ocrx_word' id='word_1_113' title='bbox 558 1813 709 1879; x_wconf 79' lang='lat' dir='ltr'>Falconis</span> <span class='ocrx_word' id='word_1_114' title='bbox 729 1814 915 1879; x_wconf 78' lang='lat' dir='ltr'>continetur</span> <span class='ocrx_word' id='word_1_115' title='bbox 934 1814 1020 1900; x_wconf 92' lang='lat' dir='ltr'>quod</span> <span class='ocrx_word' id='word_1_116' title='bbox 1036 1813 1086 1882; x_wconf 89' lang='lat' dir='ltr'>W.</span> <span class='ocrx_word' id='word_1_117' title='bbox 1102 1816 1218 1882; x_wconf 83' lang='lat' dir='ltr'>Comes</span> 
     </span>
     <span class='ocr_line' id='line_1_15' title="bbox 124 1918 1218 1986; baseline 0.001 -1"><span class='ocrx_word' id='word_1_118' title='bbox 124 1919 322 1985; x_wconf 81' lang='lat' dir='ltr'>Marescellus</span> <span class='ocrx_word' id='word_1_119' title='bbox 341 1919 433 1984; x_wconf 88' lang='lat' dir='ltr'>dedit</span> <span class='ocrx_word' id='word_1_120' title='bbox 456 1918 563 1984; x_wconf 91' lang='lat' dir='ltr'>eidem</span> <span class='ocrx_word' id='word_1_121' title='bbox 579 1919 714 1984; x_wconf 85' lang='lat' dir='ltr'>Falconi</span> <span class='ocrx_word' id='word_1_122' title='bbox 735 1919 916 1985; x_wconf 91' lang='lat' dir='ltr'>manerium</span> <span class='ocrx_word' id='word_1_123' title='bbox 931 1941 1028 1985; x_wconf 90' lang='lat' dir='ltr'>suum</span> <span class='ocrx_word' id='word_1_124' title='bbox 1042 1919 1084 1985; x_wconf 88' lang='lat' dir='ltr'>de</span> <span class='ocrx_word' id='word_1_125' title='bbox 1099 1921 1218 1986; x_wconf 91' lang='lat' dir='ltr'>Wane-</span> 
     </span>
     <span class='ocr_line' id='line_1_16' title="bbox 124 2023 390 2109; baseline 0.004 -22"><span class='ocrx_word' id='word_1_126' title='bbox 124 2023 203 2109; x_wconf 79' lang='lat' dir='ltr'>tinge</span> <span class='ocrx_word' id='word_1_127' title='bbox 218 2046 295 2089; x_wconf 88' lang='lat' dir='ltr'>cum</span> <span class='ocrx_word' id='word_1_128' title='bbox 310 2030 390 2108; x_wconf 85' lang='lat' dir='ltr'>pert</span> 
     </span>
    </p>

    <p class='ocr_par' dir='ltr' id='par_1_4' title="bbox 123 2122 1219 2520">
     <span class='ocr_line' id='line_1_17' title="bbox 180 2122 1219 2191; baseline -0.002 0"><span class='ocrx_word' id='word_1_129' title='bbox 180 2127 221 2191; x_wconf 90' lang='lat' dir='ltr'>Et</span> <span class='ocrx_word' id='word_1_130' title='bbox 236 2126 359 2191; x_wconf 63' lang='lat' dir='ltr'>Comes,</span> <span class='ocrx_word' id='word_1_131' title='bbox 370 2123 416 2189; x_wconf 84' lang='lat' dir='ltr'>eis</span> <span class='ocrx_word' id='word_1_132' title='bbox 430 2123 488 2189; x_wconf 87' lang='lat' dir='ltr'>illa</span> <span class='ocrx_word' id='word_1_133' title='bbox 501 2124 689 2189; x_wconf 81' lang='lat' dir='ltr'>warantizat</span> <span class='ocrx_word' id='word_1_134' title='bbox 706 2122 791 2189; x_wconf 87' lang='lat' dir='ltr'>sicut</span> <span class='ocrx_word' id='word_1_135' title='bbox 810 2124 868 2189; x_wconf 89' lang='lat' dir='ltr'>illa</span> <span class='ocrx_word' id='word_1_136' title='bbox 887 2132 1002 2189; x_wconf 89' lang='lat' dir='ltr'>tenent</span> <span class='ocrx_word' id='word_1_137' title='bbox 1021 2134 1072 2190; x_wconf 86' lang='lat' dir='ltr'>eet</span> <span class='ocrx_word' id='word_1_138' title='bbox 1093 2124 1219 2190; x_wconf 87' lang='lat' dir='ltr'>desicut</span> 
     </span>
     <span class='ocr_line' id='line_1_18' title="bbox 123 2228 1218 2295; baseline 0.001 -2"><span class='ocrx_word' id='word_1_139' title='bbox 123 2229 223 2295; x_wconf 84' lang='lat' dir='ltr'>Abbas</span> <span class='ocrx_word' id='word_1_140' title='bbox 242 2230 285 2295; x_wconf 89' lang='lat' dir='ltr'>de</span> <span class='ocrx_word' id='word_1_141' title='bbox 309 2228 427 2294; x_wconf 86' lang='lat' dir='ltr'>Becco⁴</span> <span class='ocrx_word' id='word_1_142' title='bbox 448 2238 539 2294; x_wconf 84' lang='lat' dir='ltr'>tenet</span> <span class='ocrx_word' id='word_1_143' title='bbox 561 2228 808 2294; x_wconf 88' lang='lat' dir='ltr'>aduocacionem</span> <span class='ocrx_word' id='word_1_144' title='bbox 831 2229 962 2293; x_wconf 87' lang='lat' dir='ltr'>ecclesie</span> <span class='ocrx_word' id='word_1_145' title='bbox 984 2230 1128 2294; x_wconf 86' lang='lat' dir='ltr'>eiusdem</span> <span class='ocrx_word' id='word_1_146' title='bbox 1150 2252 1218 2294; x_wconf 92' lang='lat' dir='ltr'>ma·</span> 
     </span>
     <span class='ocr_line' id='line_1_19' title="bbox 124 2332 1219 2419; baseline 0.004 -24"><span class='ocrx_word' id='word_1_147' title='bbox 124 2333 195 2397; x_wconf 90' lang='lat' dir='ltr'>nerii</span> <span class='ocrx_word' id='word_1_148' title='bbox 218 2333 259 2399; x_wconf 88' lang='lat' dir='ltr'>de</span> <span class='ocrx_word' id='word_1_149' title='bbox 287 2332 483 2419; x_wconf 85' lang='lat' dir='ltr'>Wanetinge</span> <span class='ocrx_word' id='word_1_150' title='bbox 507 2341 542 2398; x_wconf 90' lang='lat' dir='ltr'>et</span> <span class='ocrx_word' id='word_1_151' title='bbox 567 2354 667 2397; x_wconf 90' lang='lat' dir='ltr'>unam</span> <span class='ocrx_word' id='word_1_152' title='bbox 693 2332 804 2396; x_wconf 84' lang='lat' dir='ltr'>hidam</span> <span class='ocrx_word' id='word_1_153' title='bbox 831 2339 915 2397; x_wconf 81' lang='lat' dir='ltr'>tene</span> <span class='ocrx_word' id='word_1_154' title='bbox 941 2354 1005 2397; x_wconf 92' lang='lat' dir='ltr'>non</span> <span class='ocrx_word' id='word_1_155' title='bbox 1030 2333 1163 2398; x_wconf 87' lang='lat' dir='ltr'>uidetur</span> <span class='ocrx_word' id='word_1_156' title='bbox 1187 2333 1219 2399; x_wconf 89' lang='lat' dir='ltr'>ei</span> 
     </span>
     <span class='ocr_line' id='line_1_20' title="bbox 124 2433 793 2520; baseline 0 -21"><span class='ocrx_word' id='word_1_157' title='bbox 124 2435 199 2520; x_wconf 91' lang='lat' dir='ltr'>quod</span> <span class='ocrx_word' id='word_1_158' title='bbox 214 2436 334 2501; x_wconf 86' lang='lat' dir='ltr'>debeat</span> <span class='ocrx_word' id='word_1_159' title='bbox 349 2433 390 2499; x_wconf 88' lang='lat' dir='ltr'>ad</span> <span class='ocrx_word' id='word_1_160' title='bbox 405 2434 465 2499; x_wconf 91' lang='lat' dir='ltr'>hoc</span> <span class='ocrx_word' id='word_1_161' title='bbox 480 2433 579 2499; x_wconf 91' lang='lat' dir='ltr'>breue</span> <span class='ocrx_word' id='word_1_162' title='bbox 594 2433 793 2519; x_wconf 85' lang='lat' dir='ltr'>respondere.</span> 
     </span>
    </p>

    <p class='ocr_par' dir='ltr' id='par_1_5' title="bbox 156 2538 1219 2628">
     <span class='ocr_line' id='line_1_21' title="bbox 156 2538 1219 2628; baseline 0.004 -24"><span class='ocrx_word' id='word_1_163' title='bbox 156 2581 158 2588; x_wconf 63' lang='lat'>›</span> <span class='ocrx_word' id='word_1_164' title='bbox 179 2539 228 2604; x_wconf 89' lang='lat' dir='ltr'>De</span> <span class='ocrx_word' id='word_1_165' title='bbox 251 2539 397 2604; x_wconf 89' lang='lat' dir='ltr'>manerio</span> <span class='ocrx_word' id='word_1_166' title='bbox 419 2538 459 2602; x_wconf 89' lang='lat' dir='ltr'>de</span> <span class='ocrx_word' id='word_1_167' title='bbox 482 2539 631 2604; x_wconf 87' lang='lat' dir='ltr'>Nortona</span> <span class='ocrx_word' id='word_1_168' title='bbox 652 2539 839 2624; x_wconf 88' lang='lat' dir='ltr'>dicitquod</span> <span class='ocrx_word' id='word_1_169' title='bbox 858 2561 923 2604; x_wconf 93' lang='lat' dir='ltr'>non</span> <span class='ocrx_word' id='word_1_170' title='bbox 941 2539 1073 2605; x_wconf 89' lang='lat' dir='ltr'>uidetur</span> <span class='ocrx_word' id='word_1_171' title='bbox 1086 2541 1117 2607; x_wconf 92' lang='lat' dir='ltr'>ei</span> <span class='ocrx_word' id='word_1_172' title='bbox 1132 2542 1219 2628; x_wconf 92' lang='lat' dir='ltr'>quod</span> 
     </span>
    </p>
   </div>
   <div class='ocr_carea' id='block_1_3' title="bbox 123 2639 1220 2732">
    <p class='ocr_par' dir='ltr' id='par_1_6' title="bbox 123 2639 1220 2732">
     <span class='ocr_line' id='line_1_22' title="bbox 123 2639 1220 2732; baseline 0.005 -28"><span class='ocrx_word' id='word_1_173' title='bbox 123 2639 230 2706; x_wconf 84' lang='lat' dir='ltr'>debeat</span> <span class='ocrx_word' id='word_1_174' title='bbox 245 2641 323 2706; x_wconf 90' lang='lat' dir='ltr'>inde</span> <span class='ocrx_word' id='word_1_175' title='bbox 339 2640 539 2726; x_wconf 88' lang='lat' dir='ltr'>respondere,</span> <span class='ocrx_word' id='word_1_176' title='bbox 552 2641 629 2727; x_wconf 90' lang='lat' dir='ltr'>quia</span> <span class='ocrx_word' id='word_1_177' title='bbox 639 2663 702 2705; x_wconf 87' lang='lat' dir='ltr'>non</span> <span class='ocrx_word' id='word_1_178' title='bbox 718 2649 811 2706; x_wconf 89' lang='lat' dir='ltr'>tenet</span> <span class='ocrx_word' id='word_1_179' title='bbox 826 2649 932 2706; x_wconf 90' lang='lat' dir='ltr'>totum</span> <span class='ocrx_word' id='word_1_180' title='bbox 947 2645 1127 2709; x_wconf 89' lang='lat' dir='ltr'>manerium</span> <span class='ocrx_word' id='word_1_181' title='bbox 1142 2645 1220 2732; x_wconf 90' lang='lat' dir='ltr'>quia</span> 
     </span>
    </p>
   </div>
   <div class='ocr_carea' id='block_1_4' title="bbox 124 2847 1223 4176">
    <p class='ocr_par' dir='ltr' id='par_1_7' title="bbox 124 2847 1220 3227">
     <span class='ocr_line' id='line_1_23' title="bbox 124 2847 1219 2935; baseline 0.007 -25"><span class='ocrx_word' id='word_1_182' title='bbox 124 2847 205 2913; x_wconf 89' lang='lat' dir='ltr'>rium</span> <span class='ocrx_word' id='word_1_183' title='bbox 250 2849 303 2913; x_wconf 95' lang='lat' dir='ltr'>De</span> <span class='ocrx_word' id='word_1_184' title='bbox 326 2848 471 2912; x_wconf 86' lang='lat' dir='ltr'>manerio</span> <span class='ocrx_word' id='word_1_185' title='bbox 492 2847 532 2914; x_wconf 89' lang='lat' dir='ltr'>de</span> <span class='ocrx_word' id='word_1_186' title='bbox 554 2848 726 2913; x_wconf 85' lang='lat' dir='ltr'>Folesham</span> <span class='ocrx_word' id='word_1_187' title='bbox 747 2848 829 2912; x_wconf 90' lang='lat' dir='ltr'>dicit</span> <span class='ocrx_word' id='word_1_188' title='bbox 851 2849 936 2935; x_wconf 92' lang='lat' dir='ltr'>quod</span> <span class='ocrx_word' id='word_1_189' title='bbox 958 2873 1023 2915; x_wconf 93' lang='lat' dir='ltr'>non</span> <span class='ocrx_word' id='word_1_190' title='bbox 1043 2851 1174 2916; x_wconf 89' lang='lat' dir='ltr'>uidetur</span> <span class='ocrx_word' id='word_1_191' title='bbox 1188 2853 1219 2918; x_wconf 88' lang='lat' dir='ltr'>ei</span> 
     </span>
     <span class='ocr_line' id='line_1_24' title="bbox 124 2952 1220 3040; baseline 0.005 -24"><span class='ocrx_word' id='word_1_192' title='bbox 124 2953 201 3036; x_wconf 89' lang='lat' dir='ltr'>quod</span> <span class='ocrx_word' id='word_1_193' title='bbox 214 2953 335 3018; x_wconf 86' lang='lat' dir='ltr'>debeat</span> <span class='ocrx_word' id='word_1_194' title='bbox 350 2952 427 3016; x_wconf 91' lang='lat' dir='ltr'>inde</span> <span class='ocrx_word' id='word_1_195' title='bbox 442 2953 632 3040; x_wconf 87' lang='lat' dir='ltr'>respondere</span> <span class='ocrx_word' id='word_1_196' title='bbox 648 2952 724 3037; x_wconf 89' lang='lat' dir='ltr'>quia</span> <span class='ocrx_word' id='word_1_197' title='bbox 734 2975 800 3016; x_wconf 92' lang='lat' dir='ltr'>non</span> <span class='ocrx_word' id='word_1_198' title='bbox 811 2961 904 3017; x_wconf 90' lang='lat' dir='ltr'>tenet</span> <span class='ocrx_word' id='word_1_199' title='bbox 917 2961 1024 3018; x_wconf 87' lang='lat' dir='ltr'>totum</span> <span class='ocrx_word' id='word_1_200' title='bbox 1039 2957 1220 3021; x_wconf 88' lang='lat' dir='ltr'>manerium</span> 
     </span>
     <span class='ocr_line' id='line_1_25' title="bbox 124 3056 1220 3145; baseline 0.005 -25"><span class='ocrx_word' id='word_1_201' title='bbox 124 3057 196 3122; x_wconf 87' lang='lat' dir='ltr'>illud</span> <span class='ocrx_word' id='word_1_202' title='bbox 209 3059 289 3145; x_wconf 90' lang='lat' dir='ltr'>quia</span> <span class='ocrx_word' id='word_1_203' title='bbox 309 3057 427 3123; x_wconf 85' lang='lat' dir='ltr'>Comes</span> <span class='ocrx_word' id='word_1_204' title='bbox 442 3057 620 3122; x_wconf 81' lang='lat' dir='ltr'>Warenne⁵</span> <span class='ocrx_word' id='word_1_205' title='bbox 635 3065 727 3122; x_wconf 90' lang='lat' dir='ltr'>tenet</span> <span class='ocrx_word' id='word_1_206' title='bbox 742 3079 772 3122; x_wconf 84' lang='lat' dir='ltr'>x.</span> <span class='ocrx_word' id='word_1_207' title='bbox 787 3056 921 3122; x_wconf 83' lang='lat' dir='ltr'>libratas</span> <span class='ocrx_word' id='word_1_208' title='bbox 941 3066 1025 3122; x_wconf 89' lang='lat' dir='ltr'>terre</span> <span class='ocrx_word' id='word_1_209' title='bbox 1045 3058 1086 3123; x_wconf 92' lang='lat' dir='ltr'>de</span> <span class='ocrx_word' id='word_1_210' title='bbox 1106 3060 1220 3127; x_wconf 90' lang='lat' dir='ltr'>eodem</span> 
     </span>
     <span class='ocr_line' id='line_1_26' title="bbox 125 3164 264 3227; baseline 0.014 -3"><span class='ocrx_word' id='word_1_211' title='bbox 125 3164 264 3227; x_wconf 86' lang='lat' dir='ltr'>manerio.</span> 
     </span>
    </p>

    <p class='ocr_par' dir='ltr' id='par_1_8' title="bbox 125 3262 1223 4176">
     <span class='ocr_line' id='line_1_27' title="bbox 181 3262 1220 3349; baseline 0.002 -20"><span class='ocrx_word' id='word_1_212' title='bbox 181 3266 222 3329; x_wconf 88' lang='lat' dir='ltr'>Et</span> <span class='ocrx_word' id='word_1_213' title='bbox 237 3265 335 3329; x_wconf 90' lang='lat' dir='ltr'>Dom.</span> <span class='ocrx_word' id='word_1_214' title='bbox 352 3264 424 3329; x_wconf 82' lang='lat' dir='ltr'>Rex</span> <span class='ocrx_word' id='word_1_215' title='bbox 444 3263 529 3349; x_wconf 86' lang='lat' dir='ltr'>petit</span> <span class='ocrx_word' id='word_1_216' title='bbox 549 3263 705 3328; x_wconf 90' lang='lat' dir='ltr'>iudicium</span> <span class='ocrx_word' id='word_1_217' title='bbox 729 3262 855 3327; x_wconf 89' lang='lat' dir='ltr'>desiout</span> <span class='ocrx_word' id='word_1_218' title='bbox 876 3262 945 3349; x_wconf 88' lang='lat' dir='ltr'>ipse</span> <span class='ocrx_word' id='word_1_219' title='bbox 969 3263 1085 3330; x_wconf 84' lang='lat' dir='ltr'>Comes</span> <span class='ocrx_word' id='word_1_220' title='bbox 1098 3288 1220 3331; x_wconf 88' lang='lat' dir='ltr'>waren·</span> 
     </span>
     <span class='ocr_line' id='line_1_28' title="bbox 125 3365 1221 3455; baseline 0.004 -24"><span class='ocrx_word' id='word_1_221' title='bbox 125 3367 196 3432; x_wconf 88' lang='lat' dir='ltr'>tizat</span> <span class='ocrx_word' id='word_1_222' title='bbox 221 3369 268 3433; x_wconf 85' lang='lat' dir='ltr'>eis</span> <span class='ocrx_word' id='word_1_223' title='bbox 293 3375 400 3432; x_wconf 84' lang='lat' dir='ltr'>cartas</span> <span class='ocrx_word' id='word_1_224' title='bbox 426 3368 497 3431; x_wconf 79' lang='lat' dir='ltr'>illas</span> <span class='ocrx_word' id='word_1_225' title='bbox 523 3375 557 3432; x_wconf 91' lang='lat' dir='ltr'>et</span> <span class='ocrx_word' id='word_1_226' title='bbox 584 3374 655 3432; x_wconf 84' lang='lat' dir='ltr'>tota</span> <span class='ocrx_word' id='word_1_227' title='bbox 679 3366 822 3431; x_wconf 85' lang='lat' dir='ltr'>maneria</span> <span class='ocrx_word' id='word_1_228' title='bbox 843 3365 900 3430; x_wconf 85' lang='lat' dir='ltr'>illa</span> <span class='ocrx_word' id='word_1_229' title='bbox 920 3389 994 3431; x_wconf 90' lang='lat' dir='ltr'>cum</span> <span class='ocrx_word' id='word_1_230' title='bbox 1016 3376 1097 3454; x_wconf 89' lang='lat' dir='ltr'>pert.</span> <span class='ocrx_word' id='word_1_231' title='bbox 1117 3369 1221 3455; x_wconf 90' lang='lat' dir='ltr'>siper</span> 
     </span>
     <span class='ocr_line' id='line_1_29' title="bbox 125 3469 1220 3558; baseline 0.005 -24"><span class='ocrx_word' id='word_1_232' title='bbox 125 3471 213 3536; x_wconf 81' lang='lat' dir='ltr'>talem</span> <span class='ocrx_word' id='word_1_233' title='bbox 229 3472 470 3558; x_wconf 75' lang='lat' dir='ltr'>responsionem</span> <span class='ocrx_word' id='word_1_234' title='bbox 485 3470 604 3535; x_wconf 88' lang='lat' dir='ltr'>debeat</span> <span class='ocrx_word' id='word_1_235' title='bbox 618 3470 717 3534; x_wconf 91' lang='lat' dir='ltr'>breue</span> <span class='ocrx_word' id='word_1_236' title='bbox 732 3469 899 3555; x_wconf 76' lang='lat' dir='ltr'>prosterni</span> <span class='ocrx_word' id='word_1_237' title='bbox 938 3471 981 3534; x_wconf 88' lang='lat' dir='ltr'>Et</span> <span class='ocrx_word' id='word_1_238' title='bbox 992 3471 1068 3556; x_wconf 90' lang='lat' dir='ltr'>qnia</span> <span class='ocrx_word' id='word_1_239' title='bbox 1082 3473 1220 3557; x_wconf 73' lang='lat' dir='ltr'>predicti</span> 
     </span>
     <span class='ocr_line' id='line_1_30' title="bbox 125 3574 1220 3660; baseline 0.004 -21"><span class='ocrx_word' id='word_1_240' title='bbox 125 3575 281 3642; x_wconf 76' lang='lat' dir='ltr'>iohannes</span> <span class='ocrx_word' id='word_1_241' title='bbox 301 3585 336 3641; x_wconf 91' lang='lat' dir='ltr'>et</span> <span class='ocrx_word' id='word_1_242' title='bbox 357 3574 458 3639; x_wconf 87' lang='lat' dir='ltr'>Fulco</span> <span class='ocrx_word' id='word_1_243' title='bbox 476 3574 574 3638; x_wconf 86' lang='lat' dir='ltr'>istam</span> <span class='ocrx_word' id='word_1_244' title='bbox 596 3582 832 3659; x_wconf 85' lang='lat' dir='ltr'>proposuerunt</span> <span class='ocrx_word' id='word_1_245' title='bbox 853 3574 1076 3660; x_wconf 81' lang='lat' dir='ltr'>excepcionem</span> <span class='ocrx_word' id='word_1_246' title='bbox 1098 3577 1220 3644; x_wconf 88' lang='lat' dir='ltr'>scilicet</span> 
     </span>
     <span class='ocr_line' id='line_1_31' title="bbox 126 3678 1221 3764; baseline 0.005 -23"><span class='ocrx_word' id='word_1_247' title='bbox 126 3679 201 3762; x_wconf 91' lang='lat' dir='ltr'>quod</span> <span class='ocrx_word' id='word_1_248' title='bbox 216 3680 362 3745; x_wconf 86' lang='lat' dir='ltr'>maneria</span> <span class='ocrx_word' id='word_1_249' title='bbox 376 3679 433 3742; x_wconf 87' lang='lat' dir='ltr'>illa</span> <span class='ocrx_word' id='word_1_250' title='bbox 448 3679 575 3764; x_wconf 81' lang='lat' dir='ltr'>integre</span> <span class='ocrx_word' id='word_1_251' title='bbox 590 3699 654 3742; x_wconf 93' lang='lat' dir='ltr'>non</span> <span class='ocrx_word' id='word_1_252' title='bbox 676 3685 854 3741; x_wconf 88' lang='lat' dir='ltr'>tenuerunt</span> <span class='ocrx_word' id='word_1_253' title='bbox 874 3685 909 3741; x_wconf 90' lang='lat' dir='ltr'>et</span> <span class='ocrx_word' id='word_1_254' title='bbox 927 3678 1115 3744; x_wconf 89' lang='lat' dir='ltr'>obiecerunt</span> <span class='ocrx_word' id='word_1_255' title='bbox 1136 3681 1221 3747; x_wconf 88' lang='lat' dir='ltr'>circa</span> 
     </span>
     <span class='ocr_line' id='line_1_32' title="bbox 127 3779 1219 3870; baseline 0.006 -27"><span class='ocrx_word' id='word_1_256' title='bbox 127 3779 177 3846; x_wconf 89' lang='lat' dir='ltr'>hoc</span> <span class='ocrx_word' id='word_1_257' title='bbox 205 3793 365 3870; x_wconf 86' lang='lat' dir='ltr'>quantum</span> <span class='ocrx_word' id='word_1_258' title='bbox 396 3787 584 3867; x_wconf 82' lang='lat' dir='ltr'>potuerunt,</span> <span class='ocrx_word' id='word_1_259' title='bbox 613 3787 648 3843; x_wconf 88' lang='lat' dir='ltr'>et</span> <span class='ocrx_word' id='word_1_260' title='bbox 678 3779 755 3865; x_wconf 83' lang='lat' dir='ltr'>quia</span> <span class='ocrx_word' id='word_1_261' title='bbox 783 3779 869 3843; x_wconf 87' lang='lat' dir='ltr'>idem</span> <span class='ocrx_word' id='word_1_262' title='bbox 901 3781 1017 3846; x_wconf 84' lang='lat' dir='ltr'>Comes</span> <span class='ocrx_word' id='word_1_263' title='bbox 1047 3792 1219 3870; x_wconf 84' lang='lat' dir='ltr'>postquam</span> 
     </span>
     <span class='ocr_line' id='line_1_33' title="bbox 126 3884 1220 3975; baseline 0.009 -29"><span class='ocrx_word' id='word_1_264' title='bbox 126 3887 356 3952; x_wconf 83' lang='lat' dir='ltr'>warentizauit⁰</span> <span class='ocrx_word' id='word_1_265' title='bbox 372 3909 437 3951; x_wconf 90' lang='lat' dir='ltr'>non</span> <span class='ocrx_word' id='word_1_266' title='bbox 452 3895 585 3951; x_wconf 88' lang='lat' dir='ltr'>tenetur</span> <span class='ocrx_word' id='word_1_267' title='bbox 599 3884 640 3949; x_wconf 90' lang='lat' dir='ltr'>ad</span> <span class='ocrx_word' id='word_1_268' title='bbox 660 3884 858 3950; x_wconf 85' lang='lat' dir='ltr'>escambium</span> <span class='ocrx_word' id='word_1_269' title='bbox 878 3884 920 3949; x_wconf 90' lang='lat' dir='ltr'>ad</span> <span class='ocrx_word' id='word_1_270' title='bbox 942 3886 1015 3971; x_wconf 89' lang='lat' dir='ltr'>plus</span> <span class='ocrx_word' id='word_1_271' title='bbox 1037 3909 1134 3972; x_wconf 89' lang='lat' dir='ltr'>qnam</span> <span class='ocrx_word' id='word_1_272' title='bbox 1156 3890 1220 3975; x_wconf 83' lang='lat' dir='ltr'>ipsi</span> 
     </span>
     <span class='ocr_line' id='line_1_34' title="bbox 126 3987 1223 4080; baseline 0.009 -30"><span class='ocrx_word' id='word_1_273' title='bbox 126 3990 281 4055; x_wconf 84' lang='lat' dir='ltr'>tonuerint</span> <span class='ocrx_word' id='word_1_274' title='bbox 309 3989 339 4055; x_wconf 86' lang='lat' dir='ltr'>si</span> <span class='ocrx_word' id='word_1_275' title='bbox 367 3989 537 4054; x_wconf 88' lang='lat' dir='ltr'>amiserint</span> <span class='ocrx_word' id='word_1_276' title='bbox 566 3988 618 4052; x_wconf 92' lang='lat' dir='ltr'>die</span> <span class='ocrx_word' id='word_1_277' title='bbox 645 4011 708 4073; x_wconf 91' lang='lat' dir='ltr'>qno</span> <span class='ocrx_word' id='word_1_278' title='bbox 735 3987 959 4053; x_wconf 77' lang='lat' dir='ltr'>warentizauit</span> <span class='ocrx_word' id='word_1_279' title='bbox 987 4011 1046 4054; x_wconf 91' lang='lat' dir='ltr'>nec</span> <span class='ocrx_word' id='word_1_280' title='bbox 1074 3992 1117 4057; x_wconf 91' lang='lat' dir='ltr'>ad</span> <span class='ocrx_word' id='word_1_281' title='bbox 1145 3994 1223 4080; x_wconf 83' lang='lat' dir='ltr'>plue</span> 
     </span>
     <span class='ocr_line' id='line_1_35' title="bbox 126 4089 1221 4176; baseline 0.011 -24"><span class='ocrx_word' id='word_1_282' title='bbox 126 4115 213 4176; x_wconf 82' lang='lat' dir='ltr'>qnam</span> <span class='ocrx_word' id='word_1_283' title='bbox 228 4095 262 4158; x_wconf 93' lang='lat' dir='ltr'>in</span> <span class='ocrx_word' id='word_1_284' title='bbox 277 4103 368 4159; x_wconf 88' lang='lat' dir='ltr'>carta</span> <span class='ocrx_word' id='word_1_285' title='bbox 389 4091 575 4157; x_wconf 82' lang='lat' dir='ltr'>continetur</span> <span class='ocrx_word' id='word_1_286' title='bbox 594 4100 628 4156; x_wconf 92' lang='lat' dir='ltr'>et</span> <span class='ocrx_word' id='word_1_287' title='bbox 648 4091 732 4155; x_wconf 88' lang='lat' dir='ltr'>sicut</span> <span class='ocrx_word' id='word_1_288' title='bbox 755 4090 801 4154; x_wconf 86' lang='lat' dir='ltr'>eis</span> <span class='ocrx_word' id='word_1_289' title='bbox 823 4089 901 4155; x_wconf 92' lang='lat' dir='ltr'>data</span> <span class='ocrx_word' id='word_1_290' title='bbox 923 4092 1054 4158; x_wconf 87' lang='lat' dir='ltr'>fuerunt-</span> <span class='ocrx_word' id='word_1_291' title='bbox 1076 4098 1221 4164; x_wconf 88' lang='lat' dir='ltr'>maneria</span> 
     </span>
    </p>
   </div>
   <div class='ocr_carea' id='block_1_5' title="bbox 127 4228 1218 4488">
    <p class='ocr_par' dir='ltr' id='par_1_9' title="bbox 154 4228 983 4296">
     <span class='ocr_line' id='line_1_36' title="bbox 154 4228 983 4296; baseline 0.006 -17"><span class='ocrx_word' id='word_1_292' title='bbox 154 4231 162 4262; x_wconf 90' lang='lat'>¹</span> <span class='ocrx_word' id='word_1_293' title='bbox 178 4231 266 4281; x_wconf 70' lang='lat' dir='ltr'>areat</span> <span class='ocrx_word' id='word_1_294' title='bbox 277 4245 324 4280; x_wconf 83' lang='lat' dir='ltr'>son</span> <span class='ocrx_word' id='word_1_295' title='bbox 336 4232 365 4281; x_wconf 78' lang='lat' dir='ltr'>or</span> <span class='ocrx_word' id='word_1_296' title='bbox 375 4231 420 4279; x_wconf 84' lang='lat' dir='ltr'>the</span> <span class='ocrx_word' id='word_1_297' title='bbox 430 4229 538 4292; x_wconf 77' lang='lat' dir='ltr'>Regent.</span> <span class='ocrx_word' id='word_1_298' title='bbox 726 4228 736 4260; x_wconf 88' lang='lat'><strong>⁴</strong></span> <span class='ocrx_word' id='word_1_299' title='bbox 753 4230 812 4287; x_wconf 85' lang='lat' dir='ltr'>Bec,</span> <span class='ocrx_word' id='word_1_300' title='bbox 823 4231 983 4296; x_wconf 79' lang='lat' dir='ltr'>Normandy.</span> 
     </span>
    </p>

    <p class='ocr_par' dir='ltr' id='par_1_10' title="bbox 127 4293 1218 4420">
     <span class='ocr_line' id='line_1_37' title="bbox 154 4293 1218 4354; baseline 0.009 -11"><span class='ocrx_word' id='word_1_301' title='bbox 154 4295 226 4344; x_wconf 77' lang='lat' dir='ltr'>²For</span> <span class='ocrx_word' id='word_1_302' title='bbox 253 4297 297 4345; x_wconf 81' lang='lat' dir='ltr'>the</span> <span class='ocrx_word' id='word_1_303' title='bbox 325 4295 409 4344; x_wconf 81' lang='lat' dir='ltr'>words</span> <span class='ocrx_word' id='word_1_304' title='bbox 436 4293 465 4344; x_wconf 81' lang='lat' dir='ltr'>of</span> <span class='ocrx_word' id='word_1_305' title='bbox 491 4295 535 4345; x_wconf 87' lang='lat' dir='ltr'>the</span> <span class='ocrx_word' id='word_1_306' title='bbox 564 4295 644 4345; x_wconf 87' lang='lat' dir='ltr'>Great</span> <span class='ocrx_word' id='word_1_307' title='bbox 726 4293 784 4344; x_wconf 64' lang='grc' dir='ltr'>ΒΙιι</span> <span class='ocrx_word' id='word_1_308' title='bbox 797 4297 818 4343; x_wconf 85' lang='grc' dir='ltr'><strong>Δ</strong></span> <span class='ocrx_word' id='word_1_309' title='bbox 833 4294 878 4344; x_wconf 83' lang='lat' dir='ltr'>the</span> <span class='ocrx_word' id='word_1_310' title='bbox 890 4297 1036 4349; x_wconf 89' lang='lat' dir='ltr'>remainder</span> <span class='ocrx_word' id='word_1_311' title='bbox 1049 4299 1077 4350; x_wconf 81' lang='lat' dir='ltr'>of</span> <span class='ocrx_word' id='word_1_312' title='bbox 1092 4301 1146 4351; x_wconf 81' lang='lat' dir='ltr'>this</span> <span class='ocrx_word' id='word_1_313' title='bbox 1160 4318 1218 4354; x_wconf 88' lang='lat' dir='ltr'>case</span> 
     </span>
     <span class='ocr_line' id='line_1_38' title="bbox 127 4359 883 4420; baseline 0 -10"><span class='ocrx_word' id='word_1_314' title='bbox 127 4359 227 4410; x_wconf 79' lang='lat' dir='ltr'>Charter</span> <span class='ocrx_word' id='word_1_315' title='bbox 237 4375 279 4410; x_wconf 85' lang='lat' dir='ltr'>ece</span> <span class='ocrx_word' id='word_1_316' title='bbox 289 4361 378 4418; x_wconf 76' lang='lat' dir='ltr'>above,</span> <span class='ocrx_word' id='word_1_317' title='bbox 391 4360 455 4410; x_wconf 78' lang='lat' dir='ltr'>Osse</span> <span class='ocrx_word' id='word_1_318' title='bbox 467 4361 540 4409; x_wconf 75' lang='lat'>121³.</span> <span class='ocrx_word' id='word_1_319' title='bbox 693 4359 743 4409; x_wconf 86' lang='lat' dir='ltr'>has</span> <span class='ocrx_word' id='word_1_320' title='bbox 754 4359 883 4420; x_wconf 85' lang='lat' dir='ltr'>perished.</span> 
     </span>
    </p>

    <p class='ocr_par' dir='ltr' id='par_1_11' title="bbox 156 4425 933 4488">
     <span class='ocr_line' id='line_1_39' title="bbox 156 4425 933 4488; baseline 0.001 -14"><span class='ocrx_word' id='word_1_321' title='bbox 156 4427 165 4458; x_wconf 80' lang='lat'>³</span> <span class='ocrx_word' id='word_1_322' title='bbox 181 4425 242 4475; x_wconf 79' lang='lat' dir='ltr'>This</span> <span class='ocrx_word' id='word_1_323' title='bbox 252 4427 276 4474; x_wconf 86' lang='lat' dir='ltr'>ia</span> <span class='ocrx_word' id='word_1_324' title='bbox 287 4425 355 4475; x_wconf 74' lang='lat' dir='ltr'>rin.</span> <span class='ocrx_word' id='word_1_325' title='bbox 367 4427 463 4488; x_wconf 72' lang='lat' dir='ltr'>Brirse,</span> <span class='ocrx_word' id='word_1_326' title='bbox 478 4427 534 4474; x_wconf 80' lang='lat'><strong>882.</strong></span> <span class='ocrx_word' id='word_1_327' title='bbox 726 4426 738 4458; x_wconf 78' lang='lat'>⁵</span> <span class='ocrx_word' id='word_1_328' title='bbox 753 4428 866 4483; x_wconf 79' lang='lat' dir='ltr'>rcarmt&#39;,</span> <span class='ocrx_word' id='word_1_329' title='bbox 879 4427 933 4476; x_wconf 82' lang='lat' dir='ltr'>MS.</span> 
     </span>
    </p>
   </div>
   <div class='ocr_carea' id='block_1_6' title="bbox 0 0 1590 5075">
    <p class='ocr_par' dir='ltr' id='par_1_12' title="bbox 0 0 1590 5075">
     <span class='ocr_line' id='line_1_40' title="bbox 0 0 1590 5075; baseline 0 0"><span class='ocrx_word' id='word_1_330' title='bbox 0 0 1590 5075; x_wconf 95' lang='lat' dir='ltr'> </span> 
     </span>
    </p>
   </div>
  </div>
 </body>
</html>
