3167 5075
379 355 443 418 522
598 367 834 432 monimine,
856 369 921 421 nn.
945 359 1038 433 1225,
1060 371 1124 422 nn
1150 360 1266 424 9—10.

256 576 258 580 v
374 541 549 606 Rcbertue'
559 563 632 606 eam
651 541 862 628 desponeauit
882 551 916 608 et
931 543 1116 630 perdecem
1132 557 1234 614 anno's
1248 553 1359 630 postea
1372 545 1457 610 tenuit

375 645 560 711 Willelmue
579 647 653 712 illas
671 646 714 712 xl.
729 669 790 712 aer.
807 655 901 725 terre,
921 657 956 713 et
976 657 1090 734 postea
1110 649 1229 715 eccidit
1250 649 1286 713 in
1308 659 1418 714 etatem
1432 659 1458 713 et

375 750 440 816 suit
463 751 626 837 impotens
649 753 701 818 sui
722 760 757 817 et
783 760 863 818 tunc
884 753 993 839 posuit
1019 775 1054 819 se
1076 754 1111 818 in
1137 754 1318 820 custodiam
1346 753 1457 818 Raberti

373 853 504 939 nepotis
527 854 579 920 aui
602 877 677 920 cum
697 864 785 920 terra
804 856 868 922 illa
914 857 958 921 Et
977 857 1050 922 ideo
1071 857 1309 922 consideratum
1329 865 1376 921 eet
1391 855 1458 942 quod

374 957 512 1023 Matillie
526 958 627 1024 nichil
641 959 750 1046 capiat
764 960 921 1046 perhanc
940 961 1090 1038 iuratam,
1105 969 1141 1026 et
1154 960 1242 1047 quod
1257 959 1374 1025 iniuste
1386 982 1458 1024 occu·

374 1063 470 1148 pauit
499 1070 621 1129 terram
649 1063 749 1140 illam,
774 1073 810 1130 et
839 1065 926 1151 quod
955 1064 1115 1130 Rndulfua
1144 1072 1179 1130 et
1208 1063 1315 1128 Alicia
1341 1063 1459 1129 habeant

373 1164 526 1231 eeisinam
549 1188 642 1231 suam
666 1189 764 1252 quem
789 1167 855 1232 cito
878 1167 965 1233 idem
989 1167 1150 1233 Radulfue
1173 1167 1362 1254 purgauerit
1380 1189 1409 1232 ae
1428 1165 1459 1230 de

373 1270 479 1356 apello
502 1269 590 1336 unde
614 1270 771 1335 Ricardue
797 1270 884 1336 filius
907 1271 1032 1358 Nigelli
1054 1294 1130 1336 eum
1152 1271 1298 1358 appellat
1317 1271 1356 1336 de
1374 1270 1459 1357 predi·

374 1374 465 1439 cione
480 1373 619 1459 corporis
633 1374 727 1438 Dom.
740 1373 865 1462 Regie¹,
881 1384 915 1440 et
926 1375 1058 1440 interim
1073 1385 1263 1442 remaneant
1279 1385 1361 1440 terre
1375 1373 1459 1439 illein

251 1522 256 1530 -
373 1501 474 1543 manu
490 1480 585 1545 Dom.
600 1479 708 1566 Regis.
753 1478 872 1544 Postea
886 1479 1016 1565 quietus
1031 1479 1133 1544 estde
1147 1479 1277 1565 appello
1291 1479 1346 1544 illo
1359 1486 1391 1544 et
1403 1477 1459 1542 ideo

373 1582 518 1648 habeant
532 1583 683 1648 eeisinam
698 1591 759 1648 etc.

438 1685 617 1750 'Robertus
641 1685 683 1750 de
707 1687 811 1751 Becco
836 1687 923 1773 petit
949 1709 1062 1753 uersus
1091 1687 1289 1753 Matillidem
1314 1687 1355 1754 de
1378 1687 1459 1753 Boeo

279 1799 292 1828 ⁰
374 1789 461 1876 quod
477 1789 575 1855 faciat
595 1789 626 1855 ei
645 1791 896 1856 eonsuetudines
915 1799 950 1856 et
970 1791 1107 1857 seruicia
1125 1815 1189 1878 que
1209 1791 1242 1858 ei
1261 1793 1363 1858 fecere
1382 1791 1461 1857 debet

372 1894 416 1959 de
430 1894 532 1960 libero
546 1903 735 1960 tenemento
749 1917 808 1960 auo
828 1895 915 1982 quod
936 1895 977 1960 de
992 1918 1031 1961 eo
1045 1904 1138 1962 tenet
1152 1897 1188 1961 in
1203 1895 1379 1974 stantona,
1391 1893 1461 1960 unde

373 1997 460 2064 idem
475 1997 639 2064 Robertua
653 1998 802 2084 queritur
816 1999 903 2086 quod
917 1999 1065 2066 defendit
1079 2001 1110 2066 ei
1124 2001 1310 2088 scutagium
1323 1999 1364 2066 de
1377 1998 1462 2064 Bede-

372 2103 491 2169 fordia⁸
512 2103 638 2169 desicut
660 2103 732 2189 ipsa
752 2105 958 2191 recuperauit
981 2113 1100 2170 terram
1122 2105 1213 2170 illam
1234 2105 1271 2171 in
1292 2104 1398 2171 dotem
1417 2123 1463 2190 pet

371 2207 560 2273 warentiam
576 2206 721 2272 eiusdem
736 2207 881 2274 Roberti

437 2311 483 2376 Et
508 2310 646 2376 Matillis
666 2311 761 2376 uenit
783 2319 819 2376 et
841 2311 989 2378 defendit
1012 2311 1082 2378 uim
1104 2319 1139 2379 et
1164 2313 1318 2380 iniuriam
1343 2321 1377 2380 et
1398 2313 1463 2378 dicit

372 2415 459 2502 quod
473 2437 589 2480 reuera
601 2423 695 2480 tenet
712 2424 833 2480 terram
853 2416 944 2481 illam
959 2417 995 2482 in
1008 2416 1128 2494 dotem,
1144 2428 1195 2484 eet
1209 2439 1275 2483 non
1290 2439 1349 2505 per
1361 2439 1463 2483 waren·

371 2519 453 2585 tiam
479 2520 582 2607 ipsius
608 2519 753 2599 Roberti,
777 2520 855 2608 quia
876 2519 1039 2588 Rebertus
1065 2521 1117 2588 uir
1141 2546 1220 2589 suus
1246 2522 1462 2589 terramillam

371 2624 463 2690 dedit
482 2625 647 2690 Willelmo
664 2624 805 2690 filiosuo
822 2625 1040 2713 primogenito
1054 2627 1111 2713 qui
1128 2626 1205 2691 inde
1220 2627 1285 2693 suit
1300 2627 1421 2693 seieitm
1432 2632 1460 2690 et

371 2728 453 2795 obiit
474 2728 604 2794 eeisitua
626 2736 662 2793 et
683 2726 800 2794 habuit
819 2750 919 2794 unam
935 2730 1034 2795 filiam
1054 2731 1240 2796 Johannam
1260 2730 1396 2808 nomine,
1409 2751 1460 2816 que

371 2841 410 2897 ut
429 2832 461 2896 ei
481 2831 614 2897 uidetur
635 2831 734 2897 debet
755 2854 826 2899 eese
845 2842 989 2898 waranta
1010 2856 1076 2911 aua
1093 2842 1128 2900 et
1146 2834 1310 2901 Bnbertue
1324 2836 1364 2901 de
1377 2836 1461 2899 Boem

369 2943 465 3021 pater
483 2935 665 3001 attcmauit
682 2936 823 3001 eundem
837 2936 1039 3003 Willelmum
1051 2938 1093 3003 ad
1107 2938 1293 3004 faciendum
1308 2938 1460 3005 seminium

370 3040 503 3127 capitali
513 3039 653 3117 domino,
664 3048 699 3104 et
713 3040 785 3126 ipsa
798 3048 913 3127 postea
923 3063 982 3127 per
992 3041 1156 3107 defectum
1171 3042 1275 3129 ipsius
1285 3043 1424 3108 Johanne
1434 3047 1462 3103 et

370 3165 430 3230 per
451 3143 615 3209 defectum
641 3142 787 3209 eiusdem
812 3144 948 3209 Roberti
973 3145 1051 3210 fecit
1074 3146 1249 3211 seminium
1268 3146 1352 3211 illud
1368 3153 1399 3209 et
1415 3164 1461 3229 per

370 3246 607 3313 districcionem
621 3269 720 3333 quam
736 3246 853 3313 Comes
868 3248 973 3335 Bigod
988 3250 1136 3336 capitalis
1151 3250 1303 3315 dominus
1317 3248 1347 3315 ei
1360 3247 1434 3313 fecit

374 3389 377 3393 ·
436 3353 482 3416 Et
496 3352 660 3417 Robertue
674 3351 755 3417 dicit
770 3353 858 3439 quod
872 3354 1057 3420 Willelmus
1076 3354 1177 3421 nichil
1194 3354 1273 3420 inde
1288 3354 1398 3420 habuit
1409 3348 1459 3415 nisi

371 3444 413 3519 de
427 3454 529 3519 ballia
542 3454 679 3520 Roberti
693 3456 796 3542 patrie
810 3456 863 3521 sui
882 3456 925 3521 ad
944 3479 978 3521 se
998 3456 1250 3523 sustentandum
1274 3456 1417 3544 quamdiu
1434 3452 1458 3516 ei

372 3558 524 3644 placeret,
549 3567 585 3623 et
609 3558 697 3624 idem
721 3559 907 3627 Willelmus
931 3582 1060 3646 semper
1084 3560 1162 3627 fecit
1185 3561 1358 3626 seminium
1379 3578 1455 3624 suum

372 3662 515 3727 Reberto
528 3660 615 3748 patri
628 3684 694 3739 ano,
710 3673 746 3727 et
760 3663 923 3728 Rebertus
944 3663 1026 3729 obiit
1047 3663 1178 3729 aeisitus
1197 3662 1239 3729 de
1260 3662 1388 3729 aeruicio
1406 3658 1457 3730 illo,

372 3771 407 3829 et
428 3764 502 3829 ideo
524 3762 609 3849 petit
630 3763 782 3828 seieinam
805 3786 898 3829 suam
913 3764 954 3831 de
969 3765 1083 3830 eodem
1105 3763 1242 3830 seruicia
1264 3764 1385 3829 deeicnt
1402 3760 1456 3845 ipse

372 3878 423 3935 eet
436 3868 530 3933 heres
543 3866 682 3953 predicti
696 3867 833 3934 Roberti
847 3876 882 3934 et
896 3868 997 3934 habet
1012 3868 1229 3934 hereditatem
1243 3890 1342 3934 auam.

404 4056 414 4089 ¹
432 4055 470 4105 Το
487 4054 541 4105 thie
558 4055 651 4118 appeal
668 4055 783 4105 Bracton
801 4055 900 4107 alluder
950 4059 1028 4107 term.

372 4134 407 4171 on
429 4122 448 4171 f.
471 4120 533 4183 1413
557 4120 605 4169 bnt
626 4120 672 4170 the
692 4134 784 4170 names
807 4122 835 4170 ο1
855 4121 900 4172 the
983 4120 1327 4182 ²A.m.14;13.m.1ad.
1359 4116 1452 4170 eane

372 4187 470 4250 parties
490 4201 534 4235 arc
556 4186 631 4248 eadly
652 4185 779 4236 datorted
804 4187 832 4235 in
855 4186 900 4237 the
949 4202 1009 4239 ease
1019 4186 1162 4238 andcasea
1173 4188 1301 4249 tamea

372 4252 475 4315 printed
491 4250 571 4310 bcok;
588 4266 623 4301 an
639 4254 750 4300 account
766 4251 796 4301 of
809 4251 831 4302 it
847 4252 900 4301 will
981 4252 1119 4315 ⁸Seutage
1146 4253 1187 4302 tor
1209 4252 1254 4303 the
1280 4249 1409 4316 reproeaior
1431 4242 1452 4293 ot

372 4318 404 4367 be
419 4316 501 4367 found
514 4315 544 4365 in
557 4317 627 4365 Ann.
639 4316 753 4366 Monaat.
768 4318 821 4367 vol.
836 4319 861 4375 ὃ,
872 4333 898 4381 p.
949 4317 1056 4370 Fawkes
1067 4318 1096 4368 os
1107 4318 1227 4369 Breaate.

372 4385 417 4442 97ς
434 4382 479 4433 the
488 4381 578 4431 record
589 4381 612 4431 ie
623 4396 657 4431 on
667 4380 712 4431 tha
723 4382 786 4431 rolla
797 4382 837 4432 tor
845 4382 898 4432 thie
