3167 5075
326 413 389 479 656
557 409 785 478 rsrnsnunu's
807 426 900 476 nunu
922 425 960 475 ru
982 423 1193 486 ronxsmn,

322 600 502 687 ingressum
528 621 587 684 per
612 597 806 664 (lanfridum
830 605 958 683 petrem
983 618 1080 662 suum
1108 603 1144 661 et
1172 603 1303 682 petrem
1332 592 1436 680 ipsius

323 703 469 780 Walteri,
484 703 541 790 qui
556 711 677 768 terrem
700 702 791 768 illem
812 701 843 766 ei
863 700 955 767 dedit
978 722 1037 787 pro
1061 700 1213 787 homagio
1236 709 1274 764 et
1297 698 1436 764 seruicio

322 829 388 885 suo,
404 813 438 874 et
452 807 574 894 profert
589 816 712 872 curtem
727 806 829 892 ipsius
844 805 994 871 Gnufridi
1008 826 1071 891 que
1091 805 1152 870 hoc
1165 812 1277 870 totum
1292 811 1437 870 testetur

322 919 383 978 etc.

387 1015 431 1079 Et
460 1014 625 1080 Walterus
655 1012 754 1079 nichil
785 1011 929 1078 ostendit
958 1011 1045 1097 quod
1074 1011 1260 1076 Willelmus
1296 1009 1436 1074 habeta

320 1117 502 1206 ingressum
516 1141 575 1204 per
591 1118 753 1195 swanum,
768 1139 830 1181 nec
843 1123 953 1201 potest
972 1115 1121 1181 dedicere
1136 1125 1261 1181 cortem
1277 1115 1315 1180 G.
1332 1113 1437 1200 petris

321 1221 381 1301 sui,
390 1243 449 1286 nec
461 1219 585 1306 aliquid
599 1219 680 1286 dicit
694 1241 754 1284 nec
769 1218 913 1284 ostendit
927 1218 992 1283 nisi
1006 1218 1186 1304 simplicem
1201 1241 1318 1284 uocem
1333 1239 1437 1282 suem.

321 1325 401 1392 Ideo
423 1325 660 1392 consideratum
683 1333 734 1390 est
754 1323 844 1410 quod
864 1323 994 1409 loquela
1013 1345 1074 1388 sue
1095 1344 1201 1388 uscue
1219 1332 1281 1401 est,
1295 1331 1332 1388 et
1349 1320 1437 1408 quod

157 1435 280 1522 N‘glp‘tffiffl
321 1429 506 1496 Willelmus
521 1436 575 1493 eet
589 1427 665 1493 inde
680 1426 750 1493 sine
765 1426 828 1504 die,
842 1434 878 1492 et
892 1426 1059 1492 Walterus
1078 1427 1114 1490 in
1133 1426 1357 1492 misericordis
1376 1447 1436 1512 pro

157 1494 288 1617 ffifm
322 1535 402 1600 falso
416 1535 555 1600 clamore
570 1542 629 1598 etc

189 1645 283 1709 1869,
387 1633 554 1698 Johennes
576 1632 617 1697 de
640 1633 778 1697 Bessum
800 1631 886 1718 petit
905 1653 1019 1696 uersus
1033 1631 1166 1696 Petrum
1183 1631 1225 1698 de
1240 1631 1332 1697 Mnlo
1346 1631 1436 1696 Lucu

322 1743 357 1800 et
372 1734 545 1800 Isobellam
560 1734 710 1800 uxorem¹
725 1734 936 1799 medietatem
951 1734 1049 1799 unius
1063 1734 1200 1821 piscarie
1214 1757 1292 1800 curn
1306 1744 1390 1821 pert.
1401 1733 1438 1798 in

322 1839 460 1904 Besecrn
473 1839 509 1902 in
524 1859 623 1924 quem
638 1860 702 1902 non
717 1837 819 1902 hebet
834 1837 1016 1923 ingressum
1030 1837 1095 1902 nisi
1108 1859 1167 1922 per
1188 1837 1374 1902 Roberturn
1394 1837 1439 1902 de

321 1944 509 2008 Turnehcm
533 1951 662 2028 putrem
686 1941 832 2028 predicte
859 1941 998 2006 Isobelle
1017 1941 1072 2006 cui
1094 1941 1212 2007 Petrus
1232 1942 1277 2007 de
1299 1943 1441 2008 Besscru

322 2053 417 2132 peter
441 2043 581 2132 predicti
609 2044 771 2112 lobannis
801 2045 894 2112 cuius
923 2047 1017 2114 heres
1045 2054 1108 2112 etc.
1133 2067 1207 2112 eam
1236 2046 1366 2112 dimisit
1395 2046 1440 2112 ed

323 2149 502 2216 terminum
517 2155 578 2214 etc.
610 2208 616 2219 .

159 2270 288 2358 goum-
389 2255 433 2319 Et
449 2254 565 2319 Petrus
579 2253 673 2318 uenit
687 2261 722 2318 et
736 2252 818 2318 dicit
832 2253 919 2340 quod
933 2277 999 2320 non
1010 2254 1128 2320 habuit
1138 2254 1216 2320 inde
1227 2255 1442 2320 summonioi-

159 2373 306 2451 33313031„
323 2380 428 2434 onem,
444 2365 479 2422 et
494 2357 579 2443 petit
594 2356 682 2423 diem
696 2357 935 2437 racionabilem
950 2367 986 2424 et
1004 2359 1257 2424 summonitores
1272 2359 1397 2446 quesiti
1411 2360 1442 2424 si

159 2456 313 2553 ξ’ῃῆἳξξξζω
324 2462 491 2528 l'ecissent'
513 2461 803 2527 summonioionem
824 2461 940 2528 dieunt
962 2463 1049 2550 quod
1068 2464 1177 2551 ipsum
1192 2464 1331 2530 Petrum
1348 2487 1442 2530 sum·

159 2552 296 2640 ''ullss‘mllm
325 2574 522 2633 monuerunt
544 2574 579 2631 et
601 2588 667 2631 non
686 2588 821 2632 uxorem
841 2567 921 2633 eius
965 2569 1010 2632 Et
1023 2567 1098 2633 ideo
1111 2568 1209 2634 dutus
1223 2578 1276 2635 est
1290 2570 1363 2636 dies
1376 2580 1443 2636 etc.

325 2680 361 2739 et
375 2671 501 2739 dictum
516 2680 566 2737 est
582 2671 678 2737 Petro
693 2670 780 2757 quod
795 2672 916 2737 habent
930 2694 1064 2736 uxorem
1078 2671 1149 2737 eius
1163 2681 1223 2737 ete

192 2804 287 2874 1370·
391 2776 504 2843 Assisa
517 2776 611 2843 uenit
625 2777 833 2863 recognitum
847 2777 875 2842 si
890 2777 1055 2843 Welterus
1068 2776 1100 2842 le
1117 2776 1359 2866 Chnmberleyn
1374 2778 1443 2843 fnit
1559 2857 1560 2864 ἵ

161 2890 284 2978 pomp?
326 2880 456 2947 scisitus
478 2880 513 2946 in
535 2880 695 2947 dominico
716 2902 774 2945 suo
792 2888 829 2946 et
843 2879 900 2945 do'
914 2880 972 2967 iiij.
987 2881 1096 2946 bouet.
1112 2890 1199 2947 terre
1212 2904 1289 2946 cum
1303 2892 1388 2968 pert
1404 2883 1441 2948 in

161 2996 239 3025 ΜΝ
248 2983 312 3023 '¹¹⁰⁰’
326 2983 530 3072 Brndelsgha
543 2982 597 3049 die
612 2994 681 3061 etc,
690 2982 777 3049 unde
793 2982 955 3049 Rndullus
969 2982 1010 3047 de
1025 2982 1163 3049 Brsdele
1178 2992 1272 3049 tenet
1282 2985 1316 3071 ij.
1327 2986 1443 3051 bouet.

161 3042 227 3081 qum
238 3041 314 3070 nerum

161 3078 289 3211 Ψὲὲῗ
327 3099 362 3155 θὴ
377 3088 572 3156 Constsncie.
585 3110 650 3175 que
665 3088 728 3154 fuit
743 3111 826 3153 uxor
839 3088 998 3154 Willelmi
1016 3088 1077 3154 filii
1096 3090 1120 3154 J
1120 3090 1258 3155 ohannis
1277 3089 1313 3175 ij.
1327 3090 1442 3157 bonan
1558 3151 1559 3166 ,

161 3183 316 3313 polimus
327 3194 372 3259 Et
394 3192 555 3257 deulfus
576 3192 671 3257 uenit
693 3200 727 3257 et
749 3199 847 3256 uocet
867 3190 910 3257 ed
927 3200 1109 3257 warantum
1131 3192 1314 3257 Robertum
1332 3193 1442 3259 filium

162 3316 293 3399 pppffiffi
327 3295 479 3384 Hugonis
494 3296 553 3360 filii
568 3296 714 3361 Wolteri.
759 3294 805 3361 Et
819 3318 921 3382 quum
936 3304 1096 3361 testatum
1111 3304 1161 3361 est
1176 3296 1264 3382 quod
1275 3296 1445 3363 Robertus

162 3404 307 3501 ‘popm'
328 3398 385 3486 qui
399 3406 533 3464 uocatus
548 3406 599 3465 est
613 3398 655 3464 ed
670 3407 851 3464 warantum
866 3421 931 3463 non
946 3407 997 3463 est
1012 3397 1105 3464 heres
1124 3398 1265 3485 predicti
1286 3400 1445 3485 Hugonis

162 3500 294 3586 mm„
327 3527 367 3570 eo
388 3502 475 3590 quod
496 3503 597 3568 habet
619 3500 891 3590 primogenitum'
913 3502 954 3567 de
974 3509 1068 3589 petre
1088 3509 1123 3566 et
1138 3510 1242 3567 matre
1258 3502 1443 3567 Rndulsum

162 3598 290 3689 mill.
328 3607 468 3685 nomine,
483 3615 517 3671 et
531 3614 621 3671 curta
638 3606 777 3692 predicti
798 3605 951 3693 Hugonis
973 3614 1117 3671 testetur
1136 3605 1223 3692 quod
1244 3605 1317 3692 ipse
1339 3606 1446 3694 Hngo

163 3696 272 3782 lilllli
327 3720 362 3779 et
377 3710 512 3778 heredes
526 3710 578 3775 sui
597 3709 603 3796 Ι
620 3708 742 3775 debent
758 3718 877 3774 terrem
893 3708 982 3775 illum
998 3709 1031 3775 ei
1044 3708 1263 3785 warentizure,
1277 3710 1445 3776 consider·

162 3781 250 3820 mlum
259 3782 310 3819 tuno

163 3827 292 3913 ggggffiw
327 3825 420 3882 etum
443 3822 493 3881 est
515 3813 601 3901 quod
622 3812 724 3878 assisa
745 3812 900 3899 procedet
921 3836 961 3880 eo
979 3813 1068 3900 quod
1082 3836 1148 3879 non
1162 3814 1299 3879 uocauit
1313 3824 1445 3880 rectum

163 3930 291 4007 ffiffi
327 3930 518 3999 warantum,
527 3919 600 3985 etsi
614 3919 776 3985 Redulfus
790 3918 937 3985 emiserit
951 3940 1010 4006 per
1020 3919 1162 3996 essissm,
1174 3918 1264 4005 quod
1274 3918 1447 4005 predictus

163 4012 283 4125 “iliis
362 4074 434 4125 ιθ.
447 4072 536 4153 cmo.
907 4072 1256 4170 cummutationem
1339 4140 1346 4151 ⁶

362 4141 374 4239 :
385 4140 565 4269 θθθ
645 4266 652 4280 ,
743 4266 750 4279 ,
906 4137 1445 4269 iftttffl·

328 4266 855 4398 utute
906 4268 1166 4398 θθθθ
1187 4270 1263 4319 u
1284 4272 1343 4321 θ’
1360 4274 1445 4322 u·

328 4397 858 4529 sustenturus
940 4398 1196 4464 uuum
