3167 5075
369 384 434 455 336
676 393 827 465 rnrar'rr,
849 403 913 453 an.
940 390 1033 465 1220,
1055 405 1117 452 aa.
1142 391 1170 451 4.

368 586 403 643 et
417 587 456 643 ut
470 576 554 643 illud
567 576 655 641 unde
669 575 855 640 Willelmus
870 573 911 638 de
927 574 1052 637 Breusa
1065 580 1160 658 pater
1178 595 1256 637 suus
1270 574 1332 638 fuit
1344 573 1447 639 seiaitm

368 691 407 747 ut
431 683 471 747 de
495 680 588 746 feodo
611 688 645 744 et
666 679 736 744 iure
756 687 904 764 tempore
923 678 955 743 J.
971 677 1072 764 Regis
1085 677 1242 763 capiendo
1257 678 1331 744 inde
1344 680 1449 765 expleta

367 787 410 852 ad
439 784 619 851 ualenciam
644 790 777 848 centum
803 782 987 847 solidorum.
1033 782 1076 846 Et
1097 781 1265 847 sciendum
1290 782 1372 868 quod
1389 782 1450 847 alin

367 888 604 976 calumpniauit
634 887 723 952 idem
752 886 954 973 Reginaldus
984 893 1107 950 etatem
1135 884 1282 951 ciusdem
1309 886 1453 961 Jobannia,

367 994 454 1059 unde
468 993 547 1079 quia
560 992 730 1057 iusticiarii
744 991 981 1056 dubitauerunt
995 990 1037 1055 de
1053 997 1140 1054 etate
1155 1012 1224 1066 sua,
1239 990 1453 1055 consideratum

366 1098 430 1162 fuit
454 1096 542 1183 quod
562 1096 712 1183 probaret
733 1102 858 1160 etatem
877 1118 971 1160 suam
982 1117 1052 1180 per
1066 1093 1120 1179 xij.
1136 1094 1258 1182 legales
1273 1096 1418 1172 homines,
1429 1107 1455 1159 et

366 1202 436 1289 ipse
460 1202 502 1267 ad
526 1202 613 1267 hunc
636 1200 724 1265 diem
748 1199 842 1265 uenit
866 1222 942 1264 cum
967 1198 1157 1285 probaoionc
1183 1221 1244 1264 sua
1269 1209 1304 1264 et
1327 1199 1457 1285 probauit

367 1314 490 1372 etatem
505 1329 598 1371 suam
613 1327 671 1391 per
685 1304 757 1369 illos
772 1304 827 1391 xij.
843 1304 991 1369 homines
1009 1326 1148 1388 quorum
1163 1303 1299 1368 nomina
1312 1312 1385 1369 sunt
1397 1326 1458 1368 cum

367 1410 460 1474 breui
484 1409 641 1497 originali,
663 1408 721 1495 qui
744 1408 859 1474 dicunt
882 1429 981 1493 super
1009 1414 1248 1471 sacramentum
1273 1430 1368 1472 suum
1387 1407 1459 1493 quod

366 1513 467 1577 habet
481 1514 612 1599 plenam
628 1521 751 1578 etatem
766 1511 889 1577 scilicet
904 1512 968 1598 xxj.
985 1534 1086 1577 annos
1101 1519 1135 1576 ct
1150 1511 1269 1576 habuit
1293 1520 1410 1577 etatem
1425 1510 1459 1575 ad

232 1686 236 1693 ⁸
367 1616 487 1681 festum
502 1616 619 1681 talem¹
634 1624 704 1693 etc,
720 1624 753 1680 et
769 1614 842 1680 ideo
857 1615 1097 1701 respondeatur.

297 1736 302 1743 '
431 1721 475 1784 Et
490 1742 587 1806 super
601 1721 662 1785 hoc
677 1719 770 1784 uenit
784 1718 987 1805 Reginaldus
1002 1726 1036 1783 et
1051 1717 1132 1783 dicit
1152 1718 1239 1803 quod
1261 1718 1361 1783 breue
1378 1720 1457 1782 suun

367 1821 430 1888 fuit
459 1822 661 1907 inpetratum
691 1829 768 1887 ante
799 1820 882 1886 illud
912 1822 1032 1885 festum
1068 1821 1189 1886 Sancte
1218 1820 1328 1885 Fidis'
1354 1819 1457 1885 saffica

366 1934 512 2012 tempore
538 1948 603 2012 quo
629 1926 692 1990 fuit
715 1925 801 1990 infra
828 1932 951 1990 etatem
974 1925 1059 1989 sicut
1080 1924 1147 1989 iam
1168 1926 1342 2010 probatum
1362 1935 1413 2001 ast
1431 1935 1457 1988 ct

367 2028 493 2093 desicut
507 2036 588 2093 tunc
603 2027 759 2113 temporis
773 2050 839 2113 quo
854 2028 954 2092 breue
974 2026 1039 2091 fuit
1060 2026 1262 2112 inpetratum
1283 2049 1348 2091 non
1366 2026 1456 2112 potuit

366 2132 466 2197 breue
481 2132 563 2198 illud
578 2132 609 2197 ei
625 2131 741 2209 ualere,
756 2130 842 2218 petit
857 2130 1016 2196 iudicium
1031 2129 1120 2195 curie
1139 2130 1168 2195 si
1190 2131 1311 2196 debeat
1334 2132 1372 2196 ad
1390 2129 1455 2195 illud

367 2236 466 2301 breue
481 2237 681 2322 respondere.

434 2340 477 2404 Et
491 2341 657 2405 Johannes
672 2338 752 2405 dicit
767 2339 854 2425 quod
868 2340 930 2404 hoc
944 2362 1009 2403 non
1030 2339 1129 2405 debet
1143 2339 1175 2404 ci
1189 2362 1304 2405 nocere
1318 2339 1390 2427 quia
1401 2339 1454 2424 ipae

367 2444 518 2531 probauit
534 2454 657 2510 etatem
672 2468 773 2522 suam,
789 2453 824 2510 et
841 2444 910 2531 ipse
931 2444 1134 2531 Reginaldus
1157 2444 1265 2509 noluit
1287 2444 1454 2530 respondere

368 2557 543 2636 antequam
566 2549 701 2616 haberet
724 2558 856 2629 etatem,
871 2558 906 2615 et
929 2550 1056 2615 deneut
1077 2548 1184 2615 noluit
1205 2550 1392 2635 respondere
1408 2568 1454 2632 pro

369 2660 466 2726 etate,
497 2660 531 2718 et
561 2653 631 2739 ipse
660 2653 760 2719 habet
790 2662 922 2733 etatem,
946 2654 1080 2720 uidetur
1105 2654 1136 2719 ci
1159 2652 1246 2740 quod
1271 2652 1382 2718 debeat
1401 2673 1453 2715 raa·

366 2757 517 2842 pondere.
548 2757 797 2824 consideratum
808 2757 957 2844 estquod
967 2757 1160 2844 respondeat
1172 2756 1214 2822 ad
1225 2757 1287 2822 hoc
1296 2757 1394 2822 breue.
1418 2755 1452 2818 a

368 2859 569 2947 Reginaldus
584 2859 685 2937 uenit,
700 2868 735 2925 et
748 2861 836 2946 petit
851 2861 967 2939 uisum,
982 2862 1109 2927 habeat
1147 2861 1228 2927 Dies
1242 2861 1338 2926 datus
1350 2868 1393 2925 est
1404 2854 1450 2923 etc

237 2969 330 3042 1363,
433 2960 564 3026 ’Petrus
579 2961 665 3025 filius
681 2961 855 3027 Herebcrti
870 2963 1087 3028 summonitus
1101 2963 1165 3028 fuit
1185 2964 1226 3029 ad
1242 2962 1450 3029 ostendendum

250 3071 316 3111 ⁰¹⁰⁰·
368 3087 468 3150 quare
493 3065 570 3130 fecit
599 3065 730 3130 finalem
757 3067 959 3132 concordiam
985 3091 1060 3132 cum
1086 3068 1230 3133 Henrico
1254 3068 1296 3133 de
1321 3063 1449 3153 Oyllyiu

369 3169 459 3235 curia
479 3169 579 3257 Regis
600 3169 688 3256 apud
712 3171 877 3258 Radinges
899 3195 1007 3237 coram
1028 3171 1214 3237 iusticiariis
1240 3172 1354 3236 ultimo
1373 3169 1448 3234 itinc-

369 3272 516 3337 rantibus
531 3281 590 3338 etc.
606 3273 647 3338 de
668 3273 812 3338 manerio
832 3273 873 3338 de
888 3273 1105 3339 Waltlintona
1119 3297 1194 3339 cum
1208 3282 1291 3360 pert.
1306 3273 1384 3360 quod
1399 3291 1448 3334 non

369 3377 485 3441 habuit
499 3377 563 3442 nisi
577 3376 618 3442 de
637 3377 736 3442 ballio
755 3376 850 3443 Dom.
867 3378 967 3464 Regis
982 3381 1012 3444 J.
1058 3378 1102 3443 Et
1125 3378 1195 3464 ipse
1218 3379 1313 3444 uenit
1334 3387 1366 3444 et
1384 3371 1448 3440 dixit

369 3479 455 3566 quod
470 3480 557 3545 idem
572 3480 736 3545 Henricus
744 3480 952 3568 inplacitauit
967 3505 1043 3546 eum
1054 3482 1143 3568 apud
1153 3480 1448 3548 westmonasterium

368 3585 404 3649 in
418 3585 520 3648 banco
545 3593 621 3648 ante
645 3584 709 3650 iter
728 3584 980 3651 iusticiariorum
996 3595 1030 3650 ct
1045 3595 1159 3671 postea
1171 3609 1280 3652 coram
1293 3581 1448 3652 iusticiariis

370 3687 485 3753 ultimo
499 3687 739 3765 itinerantibus,
754 3696 788 3754 et
803 3697 842 3753 ut
857 3689 998 3754 euitaret
1013 3689 1156 3755 laborem
1177 3699 1211 3756 et
1230 3713 1378 3778 expensas
1389 3685 1448 3752 feeit

369 3791 569 3857 concordiam
599 3799 633 3857 et
663 3777 762 3856 finem
790 3792 884 3857 illum
915 3802 949 3858 et
979 3793 1062 3859 bene
1091 3795 1256 3881 cognoscit
1285 3794 1365 3883 quod
1389 3787 1448 3855 fecit

368 3897 610 3982 cyrographum.
656 3897 700 3961 Et
721 3895 803 3960 dicit
824 3896 912 3982 quod
934 3897 1050 3969 habuit
1074 3906 1194 3964 terram
1216 3899 1306 3965 illam
1330 3921 1365 3964 cx
1383 3894 1448 3958 dono

369 3997 464 4065 Dom.
479 3999 579 4086 Regis
593 4000 623 4065 J.
640 4008 674 4064 et
689 4023 754 4064 nou
770 3999 811 4065 de
825 3999 924 4065 ballio
938 4025 998 4066 suo
1013 4010 1047 4067 et
1062 4003 1122 4068 hoc
1141 4004 1332 4069 monstrabit
1344 3995 1448 4091 quaudo

369 4111 546 4167 monstrare
575 4103 716 4169 debebit.
762 4104 806 4170 Et
840 4103 914 4170 ideo
942 4105 1040 4172 datus
1069 4115 1120 4173 eat
1148 4108 1219 4174 dies
1247 4108 1288 4174 de
1314 4099 1447 4173 audiendo

370 4205 489 4270 iudicio
504 4227 562 4271 suo
576 4215 636 4273 etc.

370 4327 372 4330 -
403 4359 412 4392 ¹
431 4361 522 4410 Sancte
533 4361 606 4412 sida
615 4366 729 4426 proximo
737 4367 895 4426 preteritum,
980 4364 993 4396 ²
1009 4365 1105 4424 ΟΜ.

370 4425 401 4484 Δ,
414 4425 446 4476 Β.
981 4429 993 4462 ³
1010 4431 1040 4480 Δ.
1052 4446 1087 4480 m.
1100 4433 1128 4493 23
1144 4433 1176 4482 B.
1188 4448 1224 4482 m.
1236 4435 1263 4510 3..
