<?xml version="1.0" encoding="UTF-8"?>
<!DOCTYPE html PUBLIC "-//W3C//DTD XHTML 1.0 Transitional//EN"
    "http://www.w3.org/TR/xhtml1/DTD/xhtml1-transitional.dtd">
<html xmlns="http://www.w3.org/1999/xhtml" xml:lang="en" lang="en">
 <head>
  <title>
</title>
<meta http-equiv="Content-Type" content="text/html;charset=utf-8" />
  <meta name='ocr-system' content='tesseract 3.04.00' />
  <meta name='ocr-capabilities' content='ocr_page ocr_carea ocr_par ocr_line ocrx_word'/>
</head>
<body>
  <div class='ocr_page' id='page_1' title='image "bractonsnoteboo03maitgoog_0296.png"; bbox 0 0 3167 5075; ppageno 0'>
   <div class='ocr_carea' id='block_1_1' title="bbox 339 359 1229 438">
    <p class='ocr_par' dir='ltr' id='par_1_1' title="bbox 339 359 1229 438">
     <span class='ocr_line' id='line_1_1' title="bbox 339 359 1229 438; baseline -0.003 -11"><span class='ocrx_word' id='word_1_1' title='bbox 339 364 404 429; x_wconf 78' lang='lat'>282</span> <span class='ocrx_word' id='word_1_2' title='bbox 560 376 677 427; x_wconf 77' lang='lat' dir='ltr'>ooasu</span> <span class='ocrx_word' id='word_1_3' title='bbox 699 372 798 438; x_wconf 77' lang='lat' dir='ltr'>anas,</span> <span class='ocrx_word' id='word_1_4' title='bbox 821 374 885 425; x_wconf 82' lang='lat' dir='ltr'>an.</span> <span class='ocrx_word' id='word_1_5' title='bbox 911 359 1070 436; x_wconf 75' lang='lat'>1238-9‚</span> <span class='ocrx_word' id='word_1_6' title='bbox 1091 374 1156 425; x_wconf 76' lang='lat' dir='ltr'>aa</span> <span class='ocrx_word' id='word_1_7' title='bbox 1178 360 1229 424; x_wconf 79' lang='lat'>23.</span> 
     </span>
    </p>
   </div>
   <div class='ocr_carea' id='block_1_2' title="bbox 222 544 1541 3956">
    <p class='ocr_par' dir='ltr' id='par_1_2' title="bbox 222 544 1446 946">
     <span class='ocr_line' id='line_1_2' title="bbox 336 544 1443 632; baseline -0.004 -19"><span class='ocrx_word' id='word_1_8' title='bbox 336 548 489 615; x_wconf 88' lang='lat' dir='ltr'>seisiuam</span> <span class='ocrx_word' id='word_1_9' title='bbox 517 548 603 613; x_wconf 88' lang='lat' dir='ltr'>siout</span> <span class='ocrx_word' id='word_1_10' title='bbox 630 546 673 613; x_wconf 90' lang='lat' dir='ltr'>de</span> <span class='ocrx_word' id='word_1_11' title='bbox 697 546 862 613; x_wconf 75' lang='lat' dir='ltr'>aesneacia</span> <span class='ocrx_word' id='word_1_12' title='bbox 883 568 945 613; x_wconf 84' lang='lat' dir='ltr'>aua</span> <span class='ocrx_word' id='word_1_13' title='bbox 965 546 1097 632; x_wconf 85' lang='lat' dir='ltr'>qualem</span> <span class='ocrx_word' id='word_1_14' title='bbox 1120 544 1236 611; x_wconf 84' lang='lat' dir='ltr'>Oomes</span> <span class='ocrx_word' id='word_1_15' title='bbox 1261 545 1295 611; x_wconf 86' lang='lat' dir='ltr'>J.</span> <span class='ocrx_word' id='word_1_16' title='bbox 1319 544 1443 611; x_wconf 82' lang='lat' dir='ltr'>habuit</span> 
     </span>
     <span class='ocr_line' id='line_1_3' title="bbox 337 649 1446 738; baseline -0.004 -20"><span class='ocrx_word' id='word_1_17' title='bbox 337 651 426 719; x_wconf 86' lang='lat' dir='ltr'>Item</span> <span class='ocrx_word' id='word_1_18' title='bbox 441 652 483 717; x_wconf 79' lang='lat' dir='ltr'>od</span> <span class='ocrx_word' id='word_1_19' title='bbox 498 652 558 718; x_wconf 89' lang='lat' dir='ltr'>hoc</span> <span class='ocrx_word' id='word_1_20' title='bbox 572 651 660 738; x_wconf 88' lang='lat' dir='ltr'>quod</span> <span class='ocrx_word' id='word_1_21' title='bbox 673 650 789 717; x_wconf 90' lang='lat' dir='ltr'>dicunt</span> <span class='ocrx_word' id='word_1_22' title='bbox 803 650 891 735; x_wconf 89' lang='lat' dir='ltr'>quod</span> <span class='ocrx_word' id='word_1_23' title='bbox 905 650 1069 715; x_wconf 76' lang='lat' dir='ltr'>heredites</span> <span class='ocrx_word' id='word_1_24' title='bbox 1082 650 1229 735; x_wconf 75' lang='lat' dir='ltr'>quelibet</span> <span class='ocrx_word' id='word_1_25' title='bbox 1249 670 1314 735; x_wconf 92' lang='lat' dir='ltr'>que</span> <span class='ocrx_word' id='word_1_26' title='bbox 1333 649 1446 715; x_wconf 84' lang='lat' dir='ltr'>sorori-</span> 
     </span>
     <span class='ocr_line' id='line_1_4' title="bbox 338 754 1445 840; baseline -0.004 -19"><span class='ocrx_word' id='word_1_27' title='bbox 338 756 400 821; x_wconf 90' lang='lat' dir='ltr'>bus</span> <span class='ocrx_word' id='word_1_28' title='bbox 412 755 531 821; x_wconf 83' lang='lat' dir='ltr'>eccidit</span> <span class='ocrx_word' id='word_1_29' title='bbox 546 754 651 821; x_wconf 79' lang='lat' dir='ltr'>diiudi</span> <span class='ocrx_word' id='word_1_30' title='bbox 665 754 764 821; x_wconf 88' lang='lat' dir='ltr'>debet</span> <span class='ocrx_word' id='word_1_31' title='bbox 778 754 866 819; x_wconf 86' lang='lat' dir='ltr'>inter</span> <span class='ocrx_word' id='word_1_32' title='bbox 879 776 1002 819; x_wconf 87' lang='lat' dir='ltr'>sorores</span> <span class='ocrx_word' id='word_1_33' title='bbox 1015 762 1051 819; x_wconf 90' lang='lat' dir='ltr'>ot</span> <span class='ocrx_word' id='word_1_34' title='bbox 1065 754 1153 840; x_wconf 88' lang='lat' dir='ltr'>quod</span> <span class='ocrx_word' id='word_1_35' title='bbox 1167 776 1337 839; x_wconf 88' lang='lat' dir='ltr'>nunquam</span> <span class='ocrx_word' id='word_1_36' title='bbox 1357 754 1445 817; x_wconf 86' lang='lat' dir='ltr'>uisus</span> 
     </span>
     <span class='ocr_line' id='line_1_5' title="bbox 222 858 1446 946; baseline -0.007 -15"><span class='ocrx_word' id='word_1_37' title='bbox 222 880 279 931; x_wconf 68' lang='grc' dir='ltr'>[Μ]</span> <span class='ocrx_word' id='word_1_38' title='bbox 337 859 402 925; x_wconf 83' lang='lat' dir='ltr'>luit</span> <span class='ocrx_word' id='word_1_39' title='bbox 416 882 508 925; x_wconf 87' lang='lat' dir='ltr'>casus</span> <span class='ocrx_word' id='word_1_40' title='bbox 527 860 722 936; x_wconf 78' lang='lat' dir='ltr'>Comitatus,</span> <span class='ocrx_word' id='word_1_41' title='bbox 743 858 955 946; x_wconf 70' lang='lat' dir='ltr'>{dicitquod</span> <span class='ocrx_word' id='word_1_42' title='bbox 972 880 1066 923; x_wconf 86' lang='lat' dir='ltr'>casus</span> <span class='ocrx_word' id='word_1_43' title='bbox 1087 859 1150 923; x_wconf 88' lang='lat' dir='ltr'>iste</span> <span class='ocrx_word' id='word_1_44' title='bbox 1172 880 1237 924; x_wconf 89' lang='lat' dir='ltr'>non</span> <span class='ocrx_word' id='word_1_45' title='bbox 1260 858 1446 923; x_wconf 81' lang='lat' dir='ltr'>estsimilis</span> 
     </span>
    </p>

    <p class='ocr_par' dir='ltr' id='par_1_3' title="bbox 335 962 1539 2398">
     <span class='ocr_line' id='line_1_6' title="bbox 335 962 1445 1048; baseline -0.002 -19"><span class='ocrx_word' id='word_1_46' title='bbox 335 964 465 1029; x_wconf 82' lang='lat' dir='ltr'>casibus</span> <span class='ocrx_word' id='word_1_47' title='bbox 479 964 705 1029; x_wconf 83' lang='lat' dir='ltr'>communibus</span> <span class='ocrx_word' id='word_1_48' title='bbox 719 985 779 1027; x_wconf 88' lang='lat' dir='ltr'>neo</span> <span class='ocrx_word' id='word_1_49' title='bbox 793 984 951 1048; x_wconf 83' lang='lat' dir='ltr'>umquem</span> <span class='ocrx_word' id='word_1_50' title='bbox 965 963 1078 1028; x_wconf 89' lang='lat' dir='ltr'>euenit</span> <span class='ocrx_word' id='word_1_51' title='bbox 1093 962 1156 1028; x_wconf 89' lang='lat' dir='ltr'>iste</span> <span class='ocrx_word' id='word_1_52' title='bbox 1167 985 1260 1027; x_wconf 82' lang='lat' dir='ltr'>cesus</span> <span class='ocrx_word' id='word_1_53' title='bbox 1270 963 1307 1027; x_wconf 88' lang='lat' dir='ltr'>in</span> <span class='ocrx_word' id='word_1_54' title='bbox 1317 962 1445 1048; x_wconf 72' lang='lat' dir='ltr'>Anglia</span> 
     </span>
     <span class='ocr_line' id='line_1_7' title="bbox 336 1065 1445 1150; baseline -0.001 -19"><span class='ocrx_word' id='word_1_55' title='bbox 336 1067 425 1133; x_wconf 88' lang='lat' dir='ltr'>unde</span> <span class='ocrx_word' id='word_1_56' title='bbox 446 1068 631 1134; x_wconf 81' lang='lat' dir='ltr'>Comitatus</span> <span class='ocrx_word' id='word_1_57' title='bbox 650 1066 756 1132; x_wconf 91' lang='lat' dir='ltr'>diuidi</span> <span class='ocrx_word' id='word_1_58' title='bbox 775 1088 841 1131; x_wconf 91' lang='lat' dir='ltr'>non</span> <span class='ocrx_word' id='word_1_59' title='bbox 861 1066 960 1131; x_wconf 88' lang='lat' dir='ltr'>debet</span> <span class='ocrx_word' id='word_1_60' title='bbox 974 1088 1050 1132; x_wconf 90' lang='lat' dir='ltr'>cum</span> <span class='ocrx_word' id='word_1_61' title='bbox 1064 1065 1109 1131; x_wconf 89' lang='lat' dir='ltr'>sit</span> <span class='ocrx_word' id='word_1_62' title='bbox 1123 1066 1310 1133; x_wconf 78' lang='lat' dir='ltr'><strong>Comitatus</strong></span> <span class='ocrx_word' id='word_1_63' title='bbox 1322 1066 1445 1150; x_wconf 79' lang='lat' dir='ltr'>Paleya</span> 
     </span>
     <span class='ocr_line' id='line_1_8' title="bbox 337 1169 1446 1256; baseline -0.002 -21"><span class='ocrx_word' id='word_1_64' title='bbox 337 1170 426 1236; x_wconf 89' lang='lat' dir='ltr'>Item</span> <span class='ocrx_word' id='word_1_65' title='bbox 439 1170 558 1236; x_wconf 87' lang='lat' dir='ltr'>adhoc</span> <span class='ocrx_word' id='word_1_66' title='bbox 572 1169 666 1235; x_wconf 91' lang='lat' dir='ltr'>dicit¹</span> <span class='ocrx_word' id='word_1_67' title='bbox 682 1170 769 1256; x_wconf 92' lang='lat' dir='ltr'>quod</span> <span class='ocrx_word' id='word_1_68' title='bbox 784 1170 872 1234; x_wconf 85' lang='lat' dir='ltr'>facta</span> <span class='ocrx_word' id='word_1_69' title='bbox 890 1170 955 1234; x_wconf 85' lang='lat' dir='ltr'>fuit</span> <span class='ocrx_word' id='word_1_70' title='bbox 975 1170 1111 1256; x_wconf 85' lang='lat' dir='ltr'>particio</span> <span class='ocrx_word' id='word_1_71' title='bbox 1131 1170 1237 1235; x_wconf 86' lang='lat' dir='ltr'>tocius</span> <span class='ocrx_word' id='word_1_72' title='bbox 1255 1169 1446 1235; x_wconf 85' lang='lat' dir='ltr'>hereditatis</span> 
     </span>
     <span class='ocr_line' id='line_1_9' title="bbox 338 1273 1537 1359; baseline -0.003 -17"><span class='ocrx_word' id='word_1_73' title='bbox 338 1275 476 1342; x_wconf 84' lang='lat' dir='ltr'>Comitia</span> <span class='ocrx_word' id='word_1_74' title='bbox 490 1274 644 1339; x_wconf 81' lang='lat' dir='ltr'>Rennulli</span> <span class='ocrx_word' id='word_1_75' title='bbox 659 1274 757 1339; x_wconf 91' lang='lat' dir='ltr'>simul</span> <span class='ocrx_word' id='word_1_76' title='bbox 771 1296 848 1339; x_wconf 89' lang='lat' dir='ltr'>cum</span> <span class='ocrx_word' id='word_1_77' title='bbox 866 1273 1034 1340; x_wconf 72' lang='lat' dir='ltr'>comitatu</span> <span class='ocrx_word' id='word_1_78' title='bbox 1055 1274 1182 1340; x_wconf 70' lang='lat' dir='ltr'>(leat-rie</span> <span class='ocrx_word' id='word_1_79' title='bbox 1202 1282 1237 1339; x_wconf 93' lang='lat' dir='ltr'>et</span> <span class='ocrx_word' id='word_1_80' title='bbox 1256 1296 1315 1359; x_wconf 88' lang='lat' dir='ltr'>per</span> <span class='ocrx_word' id='word_1_81' title='bbox 1332 1283 1446 1338; x_wconf 83' lang='lat' dir='ltr'>exten·</span> <span class='ocrx_word' id='word_1_82' title='bbox 1536 1317 1537 1346; x_wconf 47' lang='lat' dir='ltr'>t</span> 
     </span>
     <span class='ocr_line' id='line_1_10' title="bbox 336 1376 1447 1465; baseline -0.002 -20"><span class='ocrx_word' id='word_1_83' title='bbox 336 1381 460 1446; x_wconf 88' lang='lat' dir='ltr'>sionem</span> <span class='ocrx_word' id='word_1_84' title='bbox 486 1388 522 1445; x_wconf 91' lang='lat' dir='ltr'>et</span> <span class='ocrx_word' id='word_1_85' title='bbox 548 1380 635 1465; x_wconf 91' lang='lat' dir='ltr'>quod</span> <span class='ocrx_word' id='word_1_86' title='bbox 665 1380 782 1446; x_wconf 82' lang='lat' dir='ltr'>Comes</span> <span class='ocrx_word' id='word_1_87' title='bbox 811 1381 844 1446; x_wconf 88' lang='lat' dir='ltr'>J.</span> <span class='ocrx_word' id='word_1_88' title='bbox 869 1379 987 1445; x_wconf 87' lang='lat' dir='ltr'>habuit</span> <span class='ocrx_word' id='word_1_89' title='bbox 1016 1378 1219 1447; x_wconf 74' lang='lat' dir='ltr'>comitatum</span> <span class='ocrx_word' id='word_1_90' title='bbox 1250 1379 1376 1445; x_wconf 69' lang='lat' dir='ltr'>Ooetrie</span> <span class='ocrx_word' id='word_1_91' title='bbox 1403 1376 1447 1443; x_wconf 89' lang='lat' dir='ltr'>ad</span> 
     </span>
     <span class='ocr_line' id='line_1_11' title="bbox 336 1480 1447 1570; baseline -0.003 -22"><span class='ocrx_word' id='word_1_92' title='bbox 336 1486 464 1570; x_wconf 75' lang='lat' dir='ltr'>partem</span> <span class='ocrx_word' id='word_1_93' title='bbox 486 1506 579 1548; x_wconf 85' lang='lat' dir='ltr'>suam</span> <span class='ocrx_word' id='word_1_94' title='bbox 601 1490 636 1548; x_wconf 87' lang='lat' dir='ltr'>et</span> <span class='ocrx_word' id='word_1_95' title='bbox 657 1505 716 1569; x_wconf 89' lang='lat' dir='ltr'>per</span> <span class='ocrx_word' id='word_1_96' title='bbox 737 1482 970 1559; x_wconf 75' lang='lat' dir='ltr'>extensionem,</span> <span class='ocrx_word' id='word_1_97' title='bbox 992 1482 1035 1547; x_wconf 87' lang='lat' dir='ltr'>ad</span> <span class='ocrx_word' id='word_1_98' title='bbox 1060 1482 1137 1547; x_wconf 83' lang='lat' dir='ltr'>hoc&#39;</span> <span class='ocrx_word' id='word_1_99' title='bbox 1158 1480 1241 1547; x_wconf 84' lang='lat' dir='ltr'>dicit</span> <span class='ocrx_word' id='word_1_100' title='bbox 1261 1481 1447 1546; x_wconf 73' lang='lat' dir='ltr'>willelmus</span> 
     </span>
     <span class='ocr_line' id='line_1_12' title="bbox 337 1586 1445 1675; baseline -0.005 -21"><span class='ocrx_word' id='word_1_101' title='bbox 337 1588 424 1675; x_wconf 91' lang='lat' dir='ltr'>quod</span> <span class='ocrx_word' id='word_1_102' title='bbox 445 1588 485 1653; x_wconf 89' lang='lat' dir='ltr'>de</span> <span class='ocrx_word' id='word_1_103' title='bbox 508 1589 567 1654; x_wconf 93' lang='lat' dir='ltr'>hoc</span> <span class='ocrx_word' id='word_1_104' title='bbox 588 1588 689 1653; x_wconf 86' lang='lat' dir='ltr'>nichil</span> <span class='ocrx_word' id='word_1_105' title='bbox 709 1587 780 1665; x_wconf 86' lang='lat' dir='ltr'>scit,</span> <span class='ocrx_word' id='word_1_106' title='bbox 801 1596 853 1653; x_wconf 89' lang='lat' dir='ltr'>aet</span> <span class='ocrx_word' id='word_1_107' title='bbox 876 1588 1031 1674; x_wconf 88' lang='lat' dir='ltr'>quioquid</span> <span class='ocrx_word' id='word_1_108' title='bbox 1054 1588 1184 1653; x_wconf 88' lang='lat' dir='ltr'>dicatur</span> <span class='ocrx_word' id='word_1_109' title='bbox 1205 1609 1334 1673; x_wconf 80' lang='lat' dir='ltr'>semper</span> <span class='ocrx_word' id='word_1_110' title='bbox 1359 1586 1445 1672; x_wconf 86' lang='lat' dir='ltr'>petit</span> 
     </span>
     <span class='ocr_line' id='line_1_13' title="bbox 337 1689 1445 1777; baseline -0.003 -21"><span class='ocrx_word' id='word_1_111' title='bbox 337 1691 627 1757; x_wconf 75' lang='lat' dir='ltr'>consideracionem</span> <span class='ocrx_word' id='word_1_112' title='bbox 643 1691 730 1757; x_wconf 89' lang='lat' dir='ltr'>curie</span> <span class='ocrx_word' id='word_1_113' title='bbox 747 1692 841 1756; x_wconf 89' lang='lat' dir='ltr'>Dom.</span> <span class='ocrx_word' id='word_1_114' title='bbox 853 1690 953 1777; x_wconf 79' lang='lat' dir='ltr'>Regis</span> <span class='ocrx_word' id='word_1_115' title='bbox 967 1690 1146 1757; x_wconf 86' lang='lat' dir='ltr'>secundum</span> <span class='ocrx_word' id='word_1_116' title='bbox 1162 1691 1249 1777; x_wconf 91' lang='lat' dir='ltr'>quod</span> <span class='ocrx_word' id='word_1_117' title='bbox 1262 1689 1445 1776; x_wconf 87' lang='lat' dir='ltr'>predictum</span> 
     </span>
     <span class='ocr_line' id='line_1_14' title="bbox 339 1792 1448 1881; baseline -0.003 -22"><span class='ocrx_word' id='word_1_118' title='bbox 339 1804 390 1860; x_wconf 87' lang='lat' dir='ltr'>est</span> <span class='ocrx_word' id='word_1_119' title='bbox 404 1795 446 1860; x_wconf 87' lang='lat' dir='ltr'>de</span> <span class='ocrx_word' id='word_1_120' title='bbox 466 1794 635 1861; x_wconf 85' lang='lat' dir='ltr'>Comitetu</span> <span class='ocrx_word' id='word_1_121' title='bbox 654 1794 782 1881; x_wconf 76' lang='lat' dir='ltr'>integre</span> <span class='ocrx_word' id='word_1_122' title='bbox 803 1793 931 1858; x_wconf 75' lang='lat' dir='ltr'>racione</span> <span class='ocrx_word' id='word_1_123' title='bbox 950 1793 1112 1857; x_wconf 86' lang='lat' dir='ltr'>aeanescie</span> <span class='ocrx_word' id='word_1_124' title='bbox 1132 1793 1263 1877; x_wconf 85' lang='lat' dir='ltr'>qualem</span> <span class='ocrx_word' id='word_1_125' title='bbox 1282 1792 1448 1878; x_wconf 86' lang='lat' dir='ltr'>predictus</span> 
     </span>
     <span class='ocr_line' id='line_1_15' title="bbox 335 1894 1538 1963; baseline -0.003 0"><span class='ocrx_word' id='word_1_126' title='bbox 335 1895 505 1963; x_wconf 78' lang='lat' dir='ltr'>Johonnes</span> <span class='ocrx_word' id='word_1_127' title='bbox 533 1896 651 1963; x_wconf 84' lang='lat' dir='ltr'>Comes</span> <span class='ocrx_word' id='word_1_128' title='bbox 681 1896 799 1961; x_wconf 83' lang='lat' dir='ltr'>hebuit</span> <span class='ocrx_word' id='word_1_129' title='bbox 827 1897 918 1961; x_wconf 84' lang='lat' dir='ltr'>saluo</span> <span class='ocrx_word' id='word_1_130' title='bbox 946 1896 1018 1961; x_wconf 90' lang='lat' dir='ltr'>iure</span> <span class='ocrx_word' id='word_1_131' title='bbox 1049 1895 1249 1961; x_wconf 85' lang='lat' dir='ltr'>cuiuslibet⁸.</span> <span class='ocrx_word' id='word_1_132' title='bbox 1294 1896 1339 1960; x_wconf 86' lang='lat' dir='ltr'>Et</span> <span class='ocrx_word' id='word_1_133' title='bbox 1365 1894 1448 1959; x_wconf 87' lang='lat' dir='ltr'>dicit</span> <span class='ocrx_word' id='word_1_134' title='bbox 1537 1899 1538 1908; x_wconf 77' lang='grc'>’</span> 
     </span>
     <span class='ocr_line' id='line_1_16' title="bbox 337 1998 1448 2087; baseline -0.002 -22"><span class='ocrx_word' id='word_1_135' title='bbox 337 2000 441 2066; x_wconf 88' lang='lat' dir='ltr'>eciam</span> <span class='ocrx_word' id='word_1_136' title='bbox 464 2000 549 2087; x_wconf 90' lang='lat' dir='ltr'>quod</span> <span class='ocrx_word' id='word_1_137' title='bbox 571 2001 605 2065; x_wconf 91' lang='lat' dir='ltr'>in</span> <span class='ocrx_word' id='word_1_138' title='bbox 628 2000 700 2065; x_wconf 87' lang='lat' dir='ltr'>uita</span> <span class='ocrx_word' id='word_1_139' title='bbox 720 2000 824 2086; x_wconf 82' lang='lat' dir='ltr'>ipsius</span> <span class='ocrx_word' id='word_1_140' title='bbox 845 1999 984 2066; x_wconf 81' lang='lat' dir='ltr'>Comitis</span> <span class='ocrx_word' id='word_1_141' title='bbox 1003 1998 1161 2064; x_wconf 81' lang='lat' dir='ltr'>Rannulfi</span> <span class='ocrx_word' id='word_1_142' title='bbox 1182 2000 1309 2085; x_wconf 85' lang='lat' dir='ltr'>positus</span> <span class='ocrx_word' id='word_1_143' title='bbox 1328 1999 1393 2063; x_wconf 84' lang='lat' dir='ltr'>luit</span> <span class='ocrx_word' id='word_1_144' title='bbox 1412 1998 1448 2062; x_wconf 89' lang='lat' dir='ltr'>in</span> 
     </span>
     <span class='ocr_line' id='line_1_17' title="bbox 336 2103 1449 2191; baseline -0.004 -21"><span class='ocrx_word' id='word_1_145' title='bbox 336 2104 491 2170; x_wconf 85' lang='lat' dir='ltr'>seiainam</span> <span class='ocrx_word' id='word_1_146' title='bbox 512 2103 629 2170; x_wconf 87' lang='lat' dir='ltr'>Comes</span> <span class='ocrx_word' id='word_1_147' title='bbox 650 2104 681 2170; x_wconf 83' lang='lat' dir='ltr'>J.</span> <span class='ocrx_word' id='word_1_148' title='bbox 697 2104 739 2169; x_wconf 92' lang='lat' dir='ltr'>de</span> <span class='ocrx_word' id='word_1_149' title='bbox 758 2105 830 2191; x_wconf 86' lang='lat' dir='ltr'>ipso</span> <span class='ocrx_word' id='word_1_150' title='bbox 850 2104 1020 2171; x_wconf 83' lang='lat' dir='ltr'>Comitatu</span> <span class='ocrx_word' id='word_1_151' title='bbox 1040 2112 1075 2169; x_wconf 92' lang='lat' dir='ltr'>et</span> <span class='ocrx_word' id='word_1_152' title='bbox 1094 2104 1183 2189; x_wconf 89' lang='lat' dir='ltr'>cepit</span> <span class='ocrx_word' id='word_1_153' title='bbox 1203 2103 1393 2189; x_wconf 72' lang='lat' dir='ltr'>homagium</span> <span class='ocrx_word' id='word_1_154' title='bbox 1413 2110 1449 2167; x_wconf 87' lang='lat' dir='ltr'>et</span> 
     </span>
     <span class='ocr_line' id='line_1_18' title="bbox 337 2206 1450 2295; baseline -0.002 -21"><span class='ocrx_word' id='word_1_155' title='bbox 337 2209 514 2274; x_wconf 86' lang='lat' dir='ltr'>fidelitates</span> <span class='ocrx_word' id='word_1_156' title='bbox 535 2208 703 2273; x_wconf 88' lang='lat' dir='ltr'>hominum</span> <span class='ocrx_word' id='word_1_157' title='bbox 719 2217 761 2274; x_wconf 86' lang='lat' dir='ltr'>et</span> <span class='ocrx_word' id='word_1_158' title='bbox 786 2218 919 2295; x_wconf 89' lang='lat' dir='ltr'>propter</span> <span class='ocrx_word' id='word_1_159' title='bbox 945 2208 1006 2274; x_wconf 92' lang='lat' dir='ltr'>hoc</span> <span class='ocrx_word' id='word_1_160' title='bbox 1030 2231 1096 2274; x_wconf 91' lang='lat' dir='ltr'>non</span> <span class='ocrx_word' id='word_1_161' title='bbox 1121 2208 1269 2294; x_wconf 89' lang='lat' dir='ltr'>quietam</span> <span class='ocrx_word' id='word_1_162' title='bbox 1292 2206 1450 2273; x_wconf 80' lang='lat' dir='ltr'>clamauit</span> 
     </span>
     <span class='ocr_line' id='line_1_19' title="bbox 339 2310 1539 2398; baseline 0.003 -23"><span class='ocrx_word' id='word_1_163' title='bbox 339 2320 464 2398; x_wconf 81' lang='lat' dir='ltr'>partem</span> <span class='ocrx_word' id='word_1_164' title='bbox 479 2334 572 2376; x_wconf 81' lang='lat' dir='ltr'>suem</span> <span class='ocrx_word' id='word_1_165' title='bbox 588 2311 628 2376; x_wconf 91' lang='lat' dir='ltr'>de</span> <span class='ocrx_word' id='word_1_166' title='bbox 644 2310 717 2376; x_wconf 84' lang='lat' dir='ltr'>aliis</span> <span class='ocrx_word' id='word_1_167' title='bbox 730 2311 826 2377; x_wconf 87' lang='lat' dir='ltr'>terris</span> <span class='ocrx_word' id='word_1_168' title='bbox 841 2320 934 2377; x_wconf 83' lang='lat' dir='ltr'>extra</span> <span class='ocrx_word' id='word_1_169' title='bbox 948 2312 1151 2378; x_wconf 70' lang='lat' dir='ltr'>comitatum</span> <span class='ocrx_word' id='word_1_170' title='bbox 1165 2318 1228 2377; x_wconf 82' lang='lat' dir='ltr'>eto.</span> <span class='ocrx_word' id='word_1_171' title='bbox 1538 2385 1539 2390; x_wconf 8' lang='grc' dir='ltr'>ἵ</span> 
     </span>
    </p>

    <p class='ocr_par' dir='ltr' id='par_1_4' title="bbox 337 2416 1541 3230">
     <span class='ocr_line' id='line_1_20' title="bbox 405 2416 1539 2501; baseline -0.002 -21"><span class='ocrx_word' id='word_1_172' title='bbox 405 2416 449 2481; x_wconf 85' lang='lat' dir='ltr'>Et</span> <span class='ocrx_word' id='word_1_173' title='bbox 470 2438 568 2501; x_wconf 86' lang='lat' dir='ltr'>super</span> <span class='ocrx_word' id='word_1_174' title='bbox 589 2416 649 2481; x_wconf 93' lang='lat' dir='ltr'>hoc</span> <span class='ocrx_word' id='word_1_175' title='bbox 671 2416 764 2480; x_wconf 87' lang='lat' dir='ltr'>uenit</span> <span class='ocrx_word' id='word_1_176' title='bbox 786 2417 953 2483; x_wconf 85' lang='lat' dir='ltr'>Johannes</span> <span class='ocrx_word' id='word_1_177' title='bbox 973 2416 1015 2482; x_wconf 93' lang='lat' dir='ltr'>de</span> <span class='ocrx_word' id='word_1_178' title='bbox 1035 2416 1153 2481; x_wconf 81' lang='lat' dir='ltr'>Boillol</span> <span class='ocrx_word' id='word_1_179' title='bbox 1172 2436 1231 2501; x_wconf 91' lang='lat' dir='ltr'>pro</span> <span class='ocrx_word' id='word_1_180' title='bbox 1249 2437 1286 2479; x_wconf 88' lang='lat' dir='ltr'>se</span> <span class='ocrx_word' id='word_1_181' title='bbox 1299 2422 1335 2479; x_wconf 91' lang='lat' dir='ltr'>et</span> <span class='ocrx_word' id='word_1_182' title='bbox 1347 2434 1448 2479; x_wconf 83' lang='lat' dir='ltr'>uxore</span> <span class='ocrx_word' id='word_1_183' title='bbox 1538 2423 1539 2426; x_wconf 76' lang='grc'>’</span> 
     </span>
     <span class='ocr_line' id='line_1_21' title="bbox 337 2517 1449 2607; baseline -0.003 -21"><span class='ocrx_word' id='word_1_184' title='bbox 337 2543 399 2586; x_wconf 82' lang='lat' dir='ltr'>sua</span> <span class='ocrx_word' id='word_1_185' title='bbox 412 2528 448 2586; x_wconf 91' lang='lat' dir='ltr'>et</span> <span class='ocrx_word' id='word_1_186' title='bbox 461 2518 547 2605; x_wconf 87' lang='lat' dir='ltr'>petit</span> <span class='ocrx_word' id='word_1_187' title='bbox 561 2526 687 2606; x_wconf 80' lang='lat' dir='ltr'>portem</span> <span class='ocrx_word' id='word_1_188' title='bbox 701 2542 795 2586; x_wconf 84' lang='lat' dir='ltr'>auam</span> <span class='ocrx_word' id='word_1_189' title='bbox 810 2543 885 2586; x_wconf 92' lang='lat' dir='ltr'>oum</span> <span class='ocrx_word' id='word_1_190' title='bbox 900 2520 1046 2607; x_wconf 87' lang='lat' dir='ltr'>predicto</span> <span class='ocrx_word' id='word_1_191' title='bbox 1061 2519 1224 2585; x_wconf 91' lang='lat' dir='ltr'>Willelmo</span> <span class='ocrx_word' id='word_1_192' title='bbox 1239 2517 1280 2584; x_wconf 87' lang='lat' dir='ltr'>de</span> <span class='ocrx_word' id='word_1_193' title='bbox 1295 2517 1449 2584; x_wconf 85' lang='lat' dir='ltr'>Fortibus</span> 
     </span>
     <span class='ocr_line' id='line_1_22' title="bbox 339 2623 1449 2712; baseline -0.002 -22"><span class='ocrx_word' id='word_1_194' title='bbox 339 2633 375 2690; x_wconf 87' lang='lat' dir='ltr'>ct</span> <span class='ocrx_word' id='word_1_195' title='bbox 403 2647 502 2690; x_wconf 82' lang='lat' dir='ltr'>uxore</span> <span class='ocrx_word' id='word_1_196' title='bbox 530 2647 590 2690; x_wconf 89' lang='lat' dir='ltr'>aua</span> <span class='ocrx_word' id='word_1_197' title='bbox 617 2625 703 2690; x_wconf 88' lang='lat' dir='ltr'>sicut</span> <span class='ocrx_word' id='word_1_198' title='bbox 728 2625 784 2690; x_wconf 91' lang='lat' dir='ltr'>ille</span> <span class='ocrx_word' id='word_1_199' title='bbox 814 2625 872 2712; x_wconf 91' lang='lat' dir='ltr'>qui</span> <span class='ocrx_word' id='word_1_200' title='bbox 901 2625 1002 2690; x_wconf 91' lang='lat' dir='ltr'>habet</span> <span class='ocrx_word' id='word_1_201' title='bbox 1032 2647 1173 2689; x_wconf 80' lang='lat' dir='ltr'>sororem</span> <span class='ocrx_word' id='word_1_202' title='bbox 1205 2623 1313 2689; x_wconf 82' lang='lat' dir='ltr'>uxoria</span> <span class='ocrx_word' id='word_1_203' title='bbox 1344 2623 1449 2709; x_wconf 84' lang='lat' dir='ltr'>ipsius</span> 
     </span>
     <span class='ocr_line' id='line_1_23' title="bbox 341 2727 1449 2816; baseline -0.001 -23"><span class='ocrx_word' id='word_1_204' title='bbox 341 2727 497 2793; x_wconf 90' lang='lat' dir='ltr'>Willelmi</span> <span class='ocrx_word' id='word_1_205' title='bbox 512 2739 546 2793; x_wconf 91' lang='lat' dir='ltr'>et</span> <span class='ocrx_word' id='word_1_206' title='bbox 560 2729 641 2794; x_wconf 84' lang='lat' dir='ltr'>exiit</span> <span class='ocrx_word' id='word_1_207' title='bbox 656 2730 696 2795; x_wconf 91' lang='lat' dir='ltr'>de</span> <span class='ocrx_word' id='word_1_208' title='bbox 712 2753 817 2795; x_wconf 86' lang='lat' dir='ltr'>sorore</span> <span class='ocrx_word' id='word_1_209' title='bbox 832 2729 935 2816; x_wconf 85' lang='lat' dir='ltr'>ipsius</span> <span class='ocrx_word' id='word_1_210' title='bbox 948 2729 971 2795; x_wconf 84' lang='lat' dir='ltr'><strong>J</strong></span> <span class='ocrx_word' id='word_1_211' title='bbox 973 2731 1108 2795; x_wconf 86' lang='lat' dir='ltr'>ohannis</span> <span class='ocrx_word' id='word_1_212' title='bbox 1128 2728 1345 2816; x_wconf 84' lang='lat' dir='ltr'>primogenita</span> <span class='ocrx_word' id='word_1_213' title='bbox 1362 2727 1449 2793; x_wconf 89' lang='lat' dir='ltr'>sicut</span> 
     </span>
     <span class='ocr_line' id='line_1_24' title="bbox 340 2828 1450 2917; baseline -0.002 -21"><span class='ocrx_word' id='word_1_214' title='bbox 340 2839 375 2896; x_wconf 87' lang='lat' dir='ltr'>et</span> <span class='ocrx_word' id='word_1_215' title='bbox 401 2851 481 2894; x_wconf 88' lang='lat' dir='ltr'>uxor</span> <span class='ocrx_word' id='word_1_216' title='bbox 505 2828 608 2914; x_wconf 87' lang='lat' dir='ltr'>ipsius</span> <span class='ocrx_word' id='word_1_217' title='bbox 631 2830 789 2896; x_wconf 89' lang='lat' dir='ltr'>Willelmi</span> <span class='ocrx_word' id='word_1_218' title='bbox 814 2838 850 2896; x_wconf 92' lang='lat' dir='ltr'>et</span> <span class='ocrx_word' id='word_1_219' title='bbox 874 2832 961 2917; x_wconf 90' lang='lat' dir='ltr'>petit</span> <span class='ocrx_word' id='word_1_220' title='bbox 982 2832 1194 2896; x_wconf 74' lang='lat' dir='ltr'>medietatem</span> <span class='ocrx_word' id='word_1_221' title='bbox 1214 2831 1339 2896; x_wconf 87' lang='lat' dir='ltr'>scilieet</span> <span class='ocrx_word' id='word_1_222' title='bbox 1358 2829 1450 2895; x_wconf 89' lang='lat' dir='ltr'>illius</span> 
     </span>
     <span class='ocr_line' id='line_1_25' title="bbox 341 2922 1541 3020; baseline 0 -22"><span class='ocrx_word' id='word_1_223' title='bbox 341 2933 443 3020; x_wconf 79' lang='lat' dir='ltr'>partis</span> <span class='ocrx_word' id='word_1_224' title='bbox 457 2955 555 3018; x_wconf 86' lang='lat' dir='ltr'>quam</span> <span class='ocrx_word' id='word_1_225' title='bbox 575 2933 713 3019; x_wconf 77' lang='lat' dir='ltr'>predicti</span> <span class='ocrx_word' id='word_1_226' title='bbox 727 2935 914 2999; x_wconf 87' lang='lat' dir='ltr'>Willelmus</span> <span class='ocrx_word' id='word_1_227' title='bbox 932 2944 968 3000; x_wconf 90' lang='lat' dir='ltr'>et</span> <span class='ocrx_word' id='word_1_228' title='bbox 982 2935 1172 3000; x_wconf 79' lang='lat' dir='ltr'>Christiana</span> <span class='ocrx_word' id='word_1_229' title='bbox 1190 2933 1373 3010; x_wconf 77' lang='lat' dir='ltr'>habuerint,</span> <span class='ocrx_word' id='word_1_230' title='bbox 1388 2931 1452 2998; x_wconf 89' lang='lat' dir='ltr'>hoc</span> <span class='ocrx_word' id='word_1_231' title='bbox 1539 2922 1541 2942; x_wconf 56' lang='lat'><em>³</em></span> 
     </span>
     <span class='ocr_line' id='line_1_26' title="bbox 341 3031 1452 3124; baseline -0.001 -21"><span class='ocrx_word' id='word_1_232' title='bbox 341 3047 393 3104; x_wconf 84' lang='lat' dir='ltr'>est</span> <span class='ocrx_word' id='word_1_233' title='bbox 423 3037 494 3102; x_wconf 85' lang='lat' dir='ltr'>siue</span> <span class='ocrx_word' id='word_1_234' title='bbox 527 3037 592 3123; x_wconf 89' lang='lat' dir='ltr'>ipsi</span> <span class='ocrx_word' id='word_1_235' title='bbox 627 3031 807 3102; x_wconf 83' lang='lat' dir='ltr'>habuerint</span> <span class='ocrx_word' id='word_1_236' title='bbox 836 3046 945 3102; x_wconf 92' lang='lat' dir='ltr'>totum</span> <span class='ocrx_word' id='word_1_237' title='bbox 980 3036 1184 3102; x_wconf 76' lang='lat' dir='ltr'>comitatum</span> <span class='ocrx_word' id='word_1_238' title='bbox 1217 3036 1346 3124; x_wconf 82' lang='lat' dir='ltr'>integra</span> <span class='ocrx_word' id='word_1_239' title='bbox 1376 3036 1452 3102; x_wconf 86' lang='lat' dir='ltr'>siue</span> 
     </span>
     <span class='ocr_line' id='line_1_27' title="bbox 342 3148 544 3230; baseline 0 -24"><span class='ocrx_word' id='word_1_240' title='bbox 342 3149 469 3230; x_wconf 82' lang='lat' dir='ltr'>partem</span> <span class='ocrx_word' id='word_1_241' title='bbox 484 3148 544 3206; x_wconf 85' lang='lat' dir='ltr'>etc.</span> 
     </span>
    </p>

    <p class='ocr_par' dir='ltr' id='par_1_5' title="bbox 339 3243 1458 3748">
     <span class='ocr_line' id='line_1_28' title="bbox 408 3243 1454 3334; baseline -0.001 -24"><span class='ocrx_word' id='word_1_242' title='bbox 408 3246 452 3310; x_wconf 87' lang='lat' dir='ltr'>Et</span> <span class='ocrx_word' id='word_1_243' title='bbox 473 3245 551 3331; x_wconf 76' lang='lat' dir='ltr'>quie</span> <span class='ocrx_word' id='word_1_244' title='bbox 571 3245 668 3332; x_wconf 79' lang='lat' dir='ltr'>pauci</span> <span class='ocrx_word' id='word_1_245' title='bbox 688 3254 859 3334; x_wconf 80' lang='lat' dir='ltr'>magnates</span> <span class='ocrx_word' id='word_1_246' title='bbox 881 3255 1048 3332; x_wconf 85' lang='lat' dir='ltr'>presentes</span> <span class='ocrx_word' id='word_1_247' title='bbox 1069 3247 1204 3310; x_wconf 83' lang='lat' dir='ltr'>fuerunt</span> <span class='ocrx_word' id='word_1_248' title='bbox 1224 3243 1261 3310; x_wconf 90' lang='lat' dir='ltr'>in</span> <span class='ocrx_word' id='word_1_249' title='bbox 1282 3246 1371 3310; x_wconf 86' lang='lat' dir='ltr'>curia</span> <span class='ocrx_word' id='word_1_250' title='bbox 1390 3245 1454 3331; x_wconf 92' lang='lat' dir='ltr'>qui</span> 
     </span>
     <span class='ocr_line' id='line_1_29' title="bbox 339 3347 1455 3428; baseline -0.002 -14"><span class='ocrx_word' id='word_1_251' title='bbox 339 3350 377 3414; x_wconf 91' lang='lat' dir='ltr'>in</span> <span class='ocrx_word' id='word_1_252' title='bbox 398 3372 433 3415; x_wconf 91' lang='lat' dir='ltr'>se</span> <span class='ocrx_word' id='word_1_253' title='bbox 454 3372 520 3414; x_wconf 88' lang='lat' dir='ltr'>nou</span> <span class='ocrx_word' id='word_1_254' title='bbox 542 3351 674 3415; x_wconf 84' lang='lat' dir='ltr'>fuerunt</span> <span class='ocrx_word' id='word_1_255' title='bbox 695 3351 767 3414; x_wconf 85' lang='lat' dir='ltr'>ausi</span> <span class='ocrx_word' id='word_1_256' title='bbox 788 3373 952 3416; x_wconf 86' lang='lat' dir='ltr'>assumere</span> <span class='ocrx_word' id='word_1_257' title='bbox 974 3349 1015 3414; x_wconf 92' lang='lat' dir='ltr'>de</span> <span class='ocrx_word' id='word_1_258' title='bbox 1041 3347 1188 3414; x_wconf 85' lang='lat' dir='ltr'>faciendo</span> <span class='ocrx_word' id='word_1_259' title='bbox 1210 3347 1353 3428; x_wconf 80' lang='lat' dir='ltr'>iudicio⁴,</span> <span class='ocrx_word' id='word_1_260' title='bbox 1375 3349 1455 3413; x_wconf 89' lang='lat' dir='ltr'>ideo</span> 
     </span>
     <span class='ocr_line' id='line_1_30' title="bbox 342 3451 1457 3540; baseline 0 -22"><span class='ocrx_word' id='word_1_261' title='bbox 342 3476 400 3540; x_wconf 88' lang='lat' dir='ltr'>pro</span> <span class='ocrx_word' id='word_1_262' title='bbox 421 3453 662 3520; x_wconf 77' lang='lat' dir='ltr'>afforciamento</span> <span class='ocrx_word' id='word_1_263' title='bbox 683 3453 771 3519; x_wconf 89' lang='lat' dir='ltr'>curie</span> <span class='ocrx_word' id='word_1_264' title='bbox 793 3453 890 3520; x_wconf 88' lang='lat' dir='ltr'>datus</span> <span class='ocrx_word' id='word_1_265' title='bbox 912 3463 963 3518; x_wconf 87' lang='lat' dir='ltr'>est</span> <span class='ocrx_word' id='word_1_266' title='bbox 983 3453 1055 3518; x_wconf 84' lang='lat' dir='ltr'>dios</span> <span class='ocrx_word' id='word_1_267' title='bbox 1068 3453 1145 3518; x_wconf 82' lang='lat' dir='ltr'>talis</span> <span class='ocrx_word' id='word_1_268' title='bbox 1158 3461 1219 3518; x_wconf 83' lang='lat' dir='ltr'>etc</span> <span class='ocrx_word' id='word_1_269' title='bbox 1234 3451 1276 3518; x_wconf 89' lang='lat' dir='ltr'>de</span> <span class='ocrx_word' id='word_1_270' title='bbox 1290 3453 1457 3518; x_wconf 85' lang='lat' dir='ltr'>audiendo</span> 
     </span>
     <span class='ocr_line' id='line_1_31' title="bbox 341 3555 1458 3624; baseline -0.001 -2"><span class='ocrx_word' id='word_1_271' title='bbox 341 3558 463 3624; x_wconf 90' lang='lat' dir='ltr'>iudicio</span> <span class='ocrx_word' id='word_1_272' title='bbox 478 3581 536 3624; x_wconf 87' lang='lat' dir='ltr'>suo</span> <span class='ocrx_word' id='word_1_273' title='bbox 550 3557 591 3624; x_wconf 92' lang='lat' dir='ltr'>de</span> <span class='ocrx_word' id='word_1_274' title='bbox 606 3557 738 3624; x_wconf 84' lang='lat' dir='ltr'>oonsilio</span> <span class='ocrx_word' id='word_1_275' title='bbox 753 3558 841 3624; x_wconf 83' lang='lat' dir='ltr'>curie</span> <span class='ocrx_word' id='word_1_276' title='bbox 856 3565 916 3623; x_wconf 85' lang='lat' dir='ltr'>etc</span> <span class='ocrx_word' id='word_1_277' title='bbox 954 3557 1000 3622; x_wconf 85' lang='lat' dir='ltr'>Et</span> <span class='ocrx_word' id='word_1_278' title='bbox 1014 3555 1131 3622; x_wconf 82' lang='lat' dir='ltr'>Comes</span> <span class='ocrx_word' id='word_1_279' title='bbox 1142 3556 1193 3622; x_wconf 88' lang='lat' dir='ltr'>W.</span> <span class='ocrx_word' id='word_1_280' title='bbox 1207 3556 1248 3622; x_wconf 91' lang='lat' dir='ltr'>de</span> <span class='ocrx_word' id='word_1_281' title='bbox 1263 3557 1404 3622; x_wconf 75' lang='lat' dir='ltr'>Ferasiis</span> <span class='ocrx_word' id='word_1_282' title='bbox 1419 3567 1458 3623; x_wconf 88' lang='lat' dir='ltr'>et</span> 
     </span>
     <span class='ocr_line' id='line_1_32' title="bbox 346 3660 1306 3748; baseline -0.004 -19"><span class='ocrx_word' id='word_1_283' title='bbox 346 3663 461 3729; x_wconf 83' lang='lat' dir='ltr'>Comes</span> <span class='ocrx_word' id='word_1_284' title='bbox 475 3661 516 3726; x_wconf 91' lang='lat' dir='ltr'>de</span> <span class='ocrx_word' id='word_1_285' title='bbox 531 3662 677 3726; x_wconf 86' lang='lat' dir='ltr'>Arundel</span> <span class='ocrx_word' id='word_1_286' title='bbox 693 3669 752 3726; x_wconf 89' lang='lat' dir='ltr'>etc</span> <span class='ocrx_word' id='word_1_287' title='bbox 768 3669 939 3748; x_wconf 84' lang='lat' dir='ltr'>apponunt</span> <span class='ocrx_word' id='word_1_288' title='bbox 952 3660 1106 3725; x_wconf 85' lang='lat' dir='ltr'>olamium</span> <span class='ocrx_word' id='word_1_289' title='bbox 1121 3681 1217 3725; x_wconf 90' lang='lat' dir='ltr'>suum</span> <span class='ocrx_word' id='word_1_290' title='bbox 1231 3661 1306 3725; x_wconf 80' lang='lat' dir='ltr'>etc⁵</span> 
     </span>
    </p>

    <p class='ocr_par' dir='ltr' id='par_1_6' title="bbox 344 3765 1459 3956">
     <span class='ocr_line' id='line_1_33' title="bbox 409 3765 1459 3853; baseline -0.003 -22"><span class='ocrx_word' id='word_1_291' title='bbox 409 3766 526 3831; x_wconf 78' lang='lat' dir='ltr'>Postea</span> <span class='ocrx_word' id='word_1_292' title='bbox 553 3765 641 3853; x_wconf 85' lang='lat' dir='ltr'>apud</span> <span class='ocrx_word' id='word_1_293' title='bbox 671 3765 997 3830; x_wconf 72' lang='lat' dir='ltr'>westmonasterium</span> <span class='ocrx_word' id='word_1_294' title='bbox 1026 3787 1134 3829; x_wconf 84' lang='lat' dir='ltr'>corem</span> <span class='ocrx_word' id='word_1_295' title='bbox 1165 3765 1258 3830; x_wconf 77' lang='lat' dir='ltr'>Dona</span> <span class='ocrx_word' id='word_1_296' title='bbox 1289 3765 1378 3850; x_wconf 83' lang='lat' dir='ltr'>Rege</span> <span class='ocrx_word' id='word_1_297' title='bbox 1419 3775 1459 3830; x_wconf 88' lang='lat' dir='ltr'>et</span> 
     </span>
     <span class='ocr_line' id='line_1_34' title="bbox 344 3867 1459 3956; baseline -0.003 -21"><span class='ocrx_word' id='word_1_298' title='bbox 344 3893 450 3936; x_wconf 86' lang='lat' dir='ltr'>comm</span> <span class='ocrx_word' id='word_1_299' title='bbox 466 3870 590 3936; x_wconf 87' lang='lat' dir='ltr'>Octono</span> <span class='ocrx_word' id='word_1_300' title='bbox 606 3878 685 3936; x_wconf 90' lang='lat' dir='ltr'>tuno</span> <span class='ocrx_word' id='word_1_301' title='bbox 701 3869 843 3935; x_wconf 88' lang='lat' dir='ltr'>Ecclesie</span> <span class='ocrx_word' id='word_1_302' title='bbox 858 3869 1004 3934; x_wconf 85' lang='lat' dir='ltr'>Romane</span> <span class='ocrx_word' id='word_1_303' title='bbox 1019 3868 1152 3956; x_wconf 72' lang='lat' dir='ltr'>Legem,</span> <span class='ocrx_word' id='word_1_304' title='bbox 1163 3867 1198 3934; x_wconf 76' lang='lat' dir='ltr'>R</span> <span class='ocrx_word' id='word_1_305' title='bbox 1216 3868 1459 3948; x_wconf 76' lang='lat' dir='ltr'>cantuariensi,</span> 
     </span>
    </p>
   </div>
   <div class='ocr_carea' id='block_1_3' title="bbox 348 4086 1461 4480">
    <p class='ocr_par' dir='ltr' id='par_1_7' title="bbox 379 4086 1340 4204">
     <span class='ocr_line' id='line_1_35' title="bbox 379 4086 1340 4204; baseline -0.003 -64"><span class='ocrx_word' id='word_1_306' title='bbox 379 4089 844 4204; x_wconf 51' lang='lat' dir='ltr'>lcon&#39;madhhoacdwdimthl&#39;</span> <span class='ocrx_word' id='word_1_307' title='bbox 954 4086 1190 4201; x_wconf 53' lang='lat' dir='ltr'>:fficmeffth</span> <span class='ocrx_word' id='word_1_308' title='bbox 1253 4151 1340 4202; x_wconf 56' lang='lat' dir='ltr'>bem</span> 
     </span>
    </p>

    <p class='ocr_par' dir='ltr' id='par_1_8' title="bbox 348 4151 1461 4480">
     <span class='ocr_line' id='line_1_36' title="bbox 379 4151 1460 4229; baseline -0.003 -25"><span class='ocrx_word' id='word_1_309' title='bbox 379 4156 441 4205; x_wconf 74' lang='lat' dir='ltr'>’ad</span> <span class='ocrx_word' id='word_1_310' title='bbox 463 4158 507 4206; x_wconf 81' lang='lat' dir='ltr'>hoc</span> <span class='ocrx_word' id='word_1_311' title='bbox 528 4155 614 4204; x_wconf 85' lang='lat' dir='ltr'>inter&#39;</span> <span class='ocrx_word' id='word_1_312' title='bbox 677 4171 684 4213; x_wconf 74' lang='grc' dir='ltr'>ς</span> <span class='ocrx_word' id='word_1_313' title='bbox 712 4154 778 4202; x_wconf 84' lang='lat' dir='ltr'>omit</span> <span class='ocrx_word' id='word_1_314' title='bbox 830 4165 874 4202; x_wconf 85' lang='lat' dir='ltr'>oso</span> <span class='ocrx_word' id='word_1_315' title='bbox 1025 4151 1108 4229; x_wconf 72' lang='lat' dir='ltr'>&#39;sisa</span> <span class='ocrx_word' id='word_1_316' title='bbox 1143 4151 1242 4201; x_wconf 89' lang='lat' dir='ltr'>aimon</span> <span class='ocrx_word' id='word_1_317' title='bbox 1345 4155 1460 4226; x_wconf 66' lang='grc' dir='ltr'>ιοΗπο</span> 
     </span>
     <span class='ocr_line' id='line_1_37' title="bbox 348 4216 1461 4348; baseline -0.002 -12"><span class='ocrx_word' id='word_1_318' title='bbox 348 4221 445 4336; x_wconf 50' lang='lat' dir='ltr'>word&amp;</span> <span class='ocrx_word' id='word_1_319' title='bbox 465 4285 625 4348; x_wconf 80' lang='lat' dir='ltr'>proprietary</span> <span class='ocrx_word' id='word_1_320' title='bbox 645 4283 715 4347; x_wconf 82' lang='lat' dir='ltr'>right</span> <span class='ocrx_word' id='word_1_321' title='bbox 741 4283 825 4333; x_wconf 84' lang='lat' dir='ltr'>where</span> <span class='ocrx_word' id='word_1_322' title='bbox 852 4281 873 4333; x_wconf 84' lang='lat' dir='ltr'>it</span> <span class='ocrx_word' id='word_1_323' title='bbox 923 4216 1461 4344; x_wconf 48' lang='lat' dir='ltr'>irigthtiihciplhsnolhffahhiihhhmsiheffi</span> 
     </span>
     <span class='ocr_line' id='line_1_38' title="bbox 348 4346 1460 4423; baseline -0.004 -21"><span class='ocrx_word' id='word_1_324' title='bbox 348 4367 417 4416; x_wconf 79' lang='lat' dir='ltr'>may,</span> <span class='ocrx_word' id='word_1_325' title='bbox 441 4351 454 4401; x_wconf 95' lang='lat'>1</span> <span class='ocrx_word' id='word_1_326' title='bbox 479 4351 545 4401; x_wconf 82' lang='lat' dir='ltr'>hove</span> <span class='ocrx_word' id='word_1_327' title='bbox 567 4351 611 4400; x_wconf 87' lang='lat' dir='ltr'>tho</span> <span class='ocrx_word' id='word_1_328' title='bbox 632 4363 781 4413; x_wconf 80' lang='lat' dir='ltr'>posaesaory</span> <span class='ocrx_word' id='word_1_329' title='bbox 803 4346 873 4410; x_wconf 77' lang='lat' dir='ltr'>right</span> <span class='ocrx_word' id='word_1_330' title='bbox 922 4347 986 4396; x_wconf 81' lang='lat' dir='ltr'>Earl</span> <span class='ocrx_word' id='word_1_331' title='bbox 1001 4347 1071 4397; x_wconf 86' lang='lat' dir='ltr'>John</span> <span class='ocrx_word' id='word_1_332' title='bbox 1082 4362 1136 4423; x_wconf 59' lang='lat' dir='ltr'>nes</span> <span class='ocrx_word' id='word_1_333' title='bbox 1149 4347 1460 4422; x_wconf 69' lang='lat' dir='ltr'>eutitledtothewhole</span> 
     </span>
     <span class='ocr_line' id='line_1_39' title="bbox 349 4411 1456 4480; baseline -0.006 -12"><span class='ocrx_word' id='word_1_334' title='bbox 349 4417 427 4468; x_wconf 81' lang='lat' dir='ltr'>hesed</span> <span class='ocrx_word' id='word_1_335' title='bbox 439 4431 473 4467; x_wconf 89' lang='lat' dir='ltr'>on</span> <span class='ocrx_word' id='word_1_336' title='bbox 485 4416 577 4467; x_wconf 85' lang='lat' dir='ltr'>John&#39;s</span> <span class='ocrx_word' id='word_1_337' title='bbox 589 4413 676 4465; x_wconf 86' lang='lat' dir='ltr'>saisiu.</span> <span class='ocrx_word' id='word_1_338' title='bbox 923 4413 953 4462; x_wconf 81' lang='lat' dir='ltr'>ol</span> <span class='ocrx_word' id='word_1_339' title='bbox 962 4413 1006 4462; x_wconf 87' lang='lat' dir='ltr'>the</span> <span class='ocrx_word' id='word_1_340' title='bbox 1017 4413 1164 4463; x_wconf 82' lang='lat' dir='ltr'>Palatmate</span> <span class='ocrx_word' id='word_1_341' title='bbox 1173 4411 1207 4475; x_wconf 82' lang='lat' dir='ltr'>by</span> <span class='ocrx_word' id='word_1_342' title='bbox 1215 4411 1360 4474; x_wconf 73' lang='lat' dir='ltr'>heradctary</span> <span class='ocrx_word' id='word_1_343' title='bbox 1369 4415 1456 4480; x_wconf 54' lang='lat' dir='ltr'>right„</span> 
     </span>
    </p>
   </div>
   <div class='ocr_carea' id='block_1_4' title="bbox 0 0 1603 5075">
    <p class='ocr_par' dir='ltr' id='par_1_9' title="bbox 0 0 1603 5075">
     <span class='ocr_line' id='line_1_40' title="bbox 0 0 1603 5075; baseline 0 0"><span class='ocrx_word' id='word_1_344' title='bbox 0 0 1603 5075; x_wconf 95' lang='lat' dir='ltr'> </span> 
     </span>
    </p>
   </div>
  </div>
 </body>
</html>
