3167 5075
479 378 618 439 maa,
640 378 705 427 an.
731 362 825 439 1224,
848 377 912 428 aa.
936 364 965 429 ἃ
1233 367 1275 428 15

162 552 226 638 ipai
240 550 380 637 exigunt
393 572 600 617 eommunam
615 551 650 615 in
665 558 753 615 terra
766 549 906 636 predicti
920 548 1061 616 Abbatia
1075 550 1111 615 in
1121 550 1279 617 Weatona

161 656 290 721 deaicut
304 654 392 721 idem
408 656 532 721 nullam
548 655 650 721 habet
664 660 872 719 communam
893 652 928 717 in
950 661 1038 719 terra
1058 653 1278 740 predictorum

161 759 300 825 Roberti
322 767 356 824 et
379 757 531 845 Hugonia
553 765 613 823 etc.
638 780 698 823 neo
720 756 784 844 ipsi
806 756 981 823 seruicium
1004 757 1037 823 ei
1058 758 1184 823 faciunt
1207 768 1278 836 eto,

162 861 249 928 unde
265 861 354 927 idem
369 860 480 925 Abbaa
500 882 559 946 per
579 868 782 929 attornatum
805 882 902 927 auum
924 859 1004 925 dicit
1026 860 1114 947 quod
1135 882 1194 947 par
1216 861 1279 927 hoo

162 967 250 1053 quod
264 966 386 1031 iniuste
401 965 538 1052 exigunt
553 972 588 1029 et
603 964 782 1031 deforciant
797 964 829 1029 ei
849 986 1055 1029 communam
1077 965 1167 1030 illam
1189 966 1277 1031 siout

161 1069 347 1157 predictum
362 1076 412 1134 ast
428 1068 643 1133 deterioratua
657 1076 708 1134 eat
722 1076 757 1133 at
777 1067 959 1154 dampnum
978 1068 1079 1135 habet
1099 1070 1141 1135 ad
1163 1070 1276 1137 ualen-

161 1172 247 1239 eiam
263 1172 304 1237 xl.
320 1194 416 1237 marc.
432 1180 493 1237 etc.

229 1278 273 1343 Et
293 1275 478 1341 Rannulfus
499 1276 540 1341 do
564 1275 735 1341 Luffeham
758 1298 845 1342 unua
866 1299 977 1342 eorum
999 1277 1104 1363 primo
1128 1278 1220 1343 uenit
1241 1286 1277 1343 et

160 1382 245 1447 dicit
259 1380 348 1467 quod
362 1387 450 1445 terra
463 1379 619 1465 adquam
641 1378 785 1465 pertinet
808 1386 943 1466 paatura
962 1379 1020 1445 illa
1041 1388 1092 1445 eat
1114 1380 1278 1447 hereditas

161 1482 335 1549 Matillidia
357 1482 466 1547 uxoria
487 1481 557 1547 eiua
573 1482 643 1547 sine
659 1503 725 1567 qua
739 1490 805 1546 uon
819 1490 929 1568 potest
943 1482 1136 1569 respondere
1151 1484 1276 1551 atinde

161 1596 258 1653 uocat
273 1586 365 1653 aum¹
380 1585 422 1651 ad
437 1594 627 1665 warantum,
642 1586 762 1651 habeat
778 1608 850 1651 eam
866 1586 927 1653 tali
940 1587 994 1652 dio
1009 1596 1069 1653 eto

226 1692 391 1757 Robertus
407 1689 554 1776 Scriptor
566 1690 648 1756 dicit
662 1690 750 1777 quod
764 1689 852 1777 cepit
866 1690 1033 1777 quandam
1047 1700 1174 1778 partem
1189 1700 1275 1759 terre

160 1797 197 1863 in
212 1797 326 1863 eadam
342 1797 423 1862 uilla
437 1797 480 1862 ad
494 1820 592 1884 quam
605 1806 741 1884 pastura
754 1798 813 1862 illa
831 1798 976 1883 pertinet
997 1821 1072 1864 cum
1094 1820 1194 1863 uxore
1215 1822 1277 1865 aua

162 1926 227 1989 qua
249 1902 331 1968 obiit
354 1912 389 1967 et
410 1902 452 1967 do
474 1924 539 1989 qua
560 1901 677 1967 habuit
695 1923 814 1988 pueros
828 1902 979 1989 quisunt
993 1904 1077 1968 infra
1092 1912 1225 1981 atatam,
1239 1912 1275 1969 et

162 2007 237 2073 idoo
250 2009 337 2094 petit
351 2014 476 2073 atatam
493 2028 615 2084 eorum,
632 2015 666 2071 et
688 2006 769 2071 alias
790 2014 893 2071 terras
915 2006 1016 2071 habet
1037 2007 1107 2093 ipse
1129 2030 1193 2093 quo
1215 2030 1275 2073 aua

162 2118 241 2175 sunt
256 2119 317 2175 atu
333 2118 368 2175 et
382 2109 456 2174 ideo
471 2108 557 2195 petit
572 2107 681 2173 uisum
696 2108 737 2173 da
752 2117 888 2195 pastura
908 2109 966 2174 illa
986 2117 1047 2175 eto
1091 2108 1200 2176 Datus
1222 2118 1274 2175 eat

162 2216 209 2281 eia
224 2214 294 2281 dies
308 2215 350 2281 ad
364 2216 548 2302 pradictum
563 2214 750 2281 terminum.

229 2320 274 2384 Et
296 2342 408 2385 omnes
429 2318 488 2384 alii
509 2328 619 2405 preter
640 2318 823 2383 Robertum
846 2317 929 2384 Croc
951 2318 1091 2383 ueniunt
1105 2326 1140 2385 et
1154 2326 1275 2405 petunt

162 2424 282 2500 uisum,
298 2423 451 2501 habeant,
465 2422 535 2487 dies
550 2421 647 2487 datus
662 2421 770 2487 estad
784 2420 968 2507 predictum
983 2422 1167 2487 terminum

228 2528 274 2594 Et
296 2528 459 2594 Robertus
482 2528 563 2596 Oroo
585 2526 679 2594 uenit
703 2535 736 2593 et
759 2526 840 2594 dicit
861 2526 949 2614 quod
970 2526 1071 2594 nichil
1093 2528 1213 2594 clamat
1237 2526 1274 2593 in

161 2641 298 2721 pastura
312 2634 370 2699 illa
384 2633 426 2698 ad
440 2655 572 2719 prosena
586 2639 621 2698 et
635 2632 709 2697 ideo
722 2630 792 2696 aine
808 2630 861 2696 die
875 2631 917 2696 da
932 2653 971 2696 eo
985 2639 1046 2698 eto.

228 2739 274 2802 Et
297 2738 397 2824 Hugo
419 2736 459 2802 de
482 2736 677 2802 Luffanham
700 2742 734 2800 et
757 2757 868 2800 omnes
889 2735 947 2800 alii
972 2744 1099 2821 ponunt
1123 2736 1192 2802 loco
1213 2758 1274 2802 suo

161 2841 348 2929 pradictum
378 2841 558 2906 Robertum
588 2839 786 2924 Scriptorum
816 2847 876 2904 eto.
906 2847 942 2904 et
976 2837 1135 2905 Osbertua
1171 2838 1274 2926 Trilly

162 2945 351 3012 nominatus
365 2945 400 3010 in
414 2943 508 3009 breui
522 2966 588 3008 non
602 2943 702 3009 uenit.
711 2949 745 3007 et
760 2941 870 3027 pluras
884 2942 962 3008 fecit
983 2942 1122 3008 defaltas
1142 2952 1178 3009 at
1199 2943 1273 3009 ideo

163 3049 344 3115 uicaoomaa
359 3047 478 3113 habeat
493 3069 608 3134 corpus
623 3045 694 3111 eiua
708 3045 751 3111 ad
765 3046 906 3111 eundem
921 3046 1105 3112 terminum

105 3211 112 3226 ,
228 3153 343 3218 Abbaa
364 3151 405 3216 de
429 3149 624 3218 stratfordia
645 3148 731 3235 petit
752 3171 867 3214 ueraua
887 3149 1068 3215 Robertum
1090 3150 1121 3215 la
1143 3150 1273 3216 Gloriua

163 3255 251 3344 quod
265 3255 383 3321 reddat
398 3255 429 3320 ei
443 3277 500 3319 aex
515 3254 570 3318 sol.
587 3275 668 3340 quoa
682 3251 713 3317 ei
727 3251 828 3316 debet
842 3252 883 3317 de
898 3253 1060 3340 pannagio
1074 3253 1162 3319 unde
1184 3254 1272 3320 idem

163 3362 276 3427 Abbaa
300 3359 380 3424 dicit
404 3357 491 3445 quod
511 3356 677 3443 prodictus
698 3355 862 3422 Robertua
882 3356 993 3442 posuit
1014 3378 1125 3442 pomos
1144 3379 1219 3422 auos
1237 3357 1273 3422 in

163 3465 259 3531 bosco
282 3463 427 3530 eiusdem
442 3461 591 3540 Abbatia,
607 3461 655 3526 ita
669 3461 756 3547 quod
770 3461 847 3526 inde
862 3462 982 3527 habere
1001 3460 1117 3526 debuit
1138 3483 1195 3526 aex
1216 3462 1272 3527 soi

163 3577 225 3634 etr.
240 3567 328 3634 unde
342 3567 557 3633 deterioratos
576 3571 628 3630 eat
650 3572 685 3630 et
706 3564 885 3651 dampnum
907 3564 1007 3630 habet
1028 3563 1070 3628 ad
1092 3563 1272 3632 ualeneiam

164 3673 206 3738 xl.
222 3673 278 3737 soi

230 3775 275 3840 Et
300 3775 463 3840 Robertus
491 3772 585 3838 uenit
614 3779 649 3836 at
673 3770 755 3836 dicit
784 3768 871 3855 quod
899 3769 993 3834 Dom.
1020 3769 1092 3834 Rex
1121 3768 1213 3836 dedit
1241 3772 1273 3837 ei

163 3879 344 3945 custodiam
375 3878 435 3942 filii
463 3885 498 3943 at
527 3875 655 3942 heredia
681 3874 819 3940 Henrici
847 3875 888 3939 de
918 3873 1090 3961 Bagahota‚
1121 3881 1156 3940 'et
1183 3875 1272 3941 idem

163 3983 326 4049 Hauriaus
341 3982 459 4049 habuit
474 3982 574 4047 talam
589 3980 775 4046 libertatem
791 3978 878 4064 quod
896 3977 1012 4043 habuit
1026 3977 1062 4042 in
1075 3978 1170 4044 boaoo
1184 3979 1273 4044 illos’

163 4109 273 4174 pomos
298 4109 375 4176 suos
401 4085 529 4173 quietos
558 4084 599 4150 de
629 4083 791 4172 pannagio
818 4091 853 4147 et
878 4081 961 4146 obiit
986 4081 1117 4146 aeiaitna
1145 4081 1186 4148 de
1216 4082 1272 4148 illa

163 4191 316 4262 libertate
340 4199 375 4256 et
398 4190 472 4256 ideo
497 4212 561 4254 non
587 4195 696 4274 potest
724 4186 802 4252 inde
830 4183 1024 4270 respondere
1052 4185 1123 4250 sine
1153 4183 1271 4251 herede

164 4294 299 4360 Hemioi
314 4293 373 4381 qui
388 4301 438 4359 eat
452 4293 536 4358 infra
550 4299 681 4357 atatem.
747 4322 749 4330 ·

427 4421 435 4452 ¹
452 4421 523 4470 Oorr.
535 4433 599 4470 cava.
845 4417 857 4447 ²
873 4416 944 4466 Gorr.
956 4419 1009 4467 ilio.
