3167 5075
327 422 443 473 consu
464 423 563 483 rnen,
587 423 649 474 rm.
675 408 833 485 1236-7,
855 424 917 475 nn.
941 412 990 473 21.
1145 413 1207 477 193

123 599 220 657 mento
233 614 290 658 suo
304 592 339 657 in
355 592 554 679 Bissopestre
573 600 647 678 post
669 592 806 679 primam
829 594 1069 660 coronacionem
1089 605 1158 676 ete,
1172 607 1207 664 et

123 695 197 761 unde
210 696 355 783 queritur
368 696 455 782 quod
468 696 541 783 ipss
554 704 615 762 ete.

179 800 218 865 Et
239 800 354 867 Grecis
375 800 468 867 uenit
490 810 525 866 et
550 800 630 867 dicit
654 802 740 889 quod
763 811 988 869 tenementum
1010 805 1096 871 unde
1118 808 1208 873 uisus

119 901 211 968 fectus
224 912 274 969 est
288 926 354 969 non
369 912 418 969 est
433 902 468 967 in
483 902 683 990 Bissopestre
698 904 799 969 setin
814 906 961 971 Burtoua
978 914 1013 972 et
1032 908 1119 995 quod
1138 908 1207 995 ipse

118 1006 261 1073 Ricardus
291 1029 458 1094 nunquam
488 1014 713 1073 tenementum
743 1008 861 1074 hebuit
886 1010 921 1075 in
947 1010 1147 1098 Bissopestre
1174 1022 1209 1079 et

118 1108 304 1196 Bissopestre
326 1118 376 1175 est
399 1109 439 1175 de
465 1132 532 1174 unu
555 1109 689 1175 baronis
713 1118 748 1176 et
776 1111 925 1177 Burtone
948 1113 984 1178 in
1008 1114 1121 1181 alteru
1165 1116 1209 1181 Et

118 1212 261 1278 Rioerdus
282 1212 364 1278 dicit
385 1212 472 1298 quod
495 1212 694 1299 Bissopestre
715 1222 749 1278 et
770 1214 918 1280 Burtona
937 1216 1024 1281 idem
1038 1226 1117 1283 sunt
1131 1220 1209 1305 quis

117 1317 304 1404 Bissopeetre
319 1326 370 1384 est
385 1318 540 1394 Burtona,
555 1326 589 1383 et
605 1318 752 1383 Burtonu
765 1319 974 1405 Bissopestre.

154 1422 193 1486 Et
221 1422 380 1488 iuratores
405 1422 554 1510 requisiti
582 1445 680 1509 super
708 1433 945 1489 sacramentum
975 1448 1072 1491 suum
1096 1436 1209 1494 utrum

115 1535 329 1591 tenementum
352 1526 434 1592 illud
454 1526 498 1591 sit
520 1527 555 1591 in
577 1526 778 1613 Bissopestre
798 1535 857 1593 eut
876 1528 911 1593 in
926 1529 1081 1608 Burtona,
1095 1530 1209 1597 dicunt

115 1649 201 1714 super
214 1638 454 1695 sacramentum
468 1650 565 1693 suum
579 1629 666 1715 quod
681 1630 715 1694 in
731 1630 885 1696 Burtone.
923 1633 966 1697 Et
978 1632 1051 1698 ideo
1065 1634 1208 1700 conside·

115 1744 211 1799 rutum
233 1744 284 1801 est
308 1733 394 1822 quod
416 1734 533 1799 Grecis
553 1732 629 1797 inde
651 1734 721 1798 sine
741 1733 795 1799 die
815 1744 850 1799 et
863 1732 1022 1803 Rieerdus
1035 1737 1071 1801 in
1085 1738 1208 1803 miseri·

115 1838 218 1904 cordia

33 1948 81 2013 us,
170 1943 349 2008 Nieholnus
364 1940 404 2007 de
419 1941 550 2027 Oxeaye
566 1940 659 2006 uenit
679 1948 714 2005 et
733 1941 887 2027 eognonit
908 1941 995 2029 quod
1016 1942 1108 2009 dedit
1130 1944 1208 2009 Ber-

114 2045 265 2113 tholomeo
287 2045 412 2111 Peeehe
434 2066 492 2132 pro
514 2046 663 2133 homagio
686 2054 720 2110 et
740 2045 876 2111 seruicio
895 2068 953 2111 suo
973 2046 1154 2112 menmium
1168 2046 1209 2113 de

114 2150 321 2238 Ohudhungre
351 2172 426 2214 oum
455 2157 536 2235 pert.
563 2148 650 2236 quod
675 2148 857 2214 manerium
887 2149 978 2215 Prior
1005 2150 1047 2215 de
1073 2151 1211 2217 Hurleia

113 2262 195 2319 tenet
217 2254 260 2321 sd
286 2252 474 2329 terminum,
497 2252 546 2317 its
571 2250 657 2338 quod
682 2260 755 2337 post
780 2254 958 2319 terminum
984 2254 1077 2320 illum
1102 2262 1209 2321 totum

112 2359 284 2423 manerium
299 2358 384 2423 illud
398 2378 471 2421 oum
487 2364 568 2441 pert.
583 2363 767 2421 reuertetur
781 2356 892 2441 quiete
913 2357 1020 2422 eidem
1041 2358 1210 2425 Bartholo

110 2482 175 2525 meo
191 2468 226 2526 et
245 2460 381 2525 interim
403 2458 539 2547 recipiet
560 2458 601 2524 de
623 2458 737 2524 eodem
760 2459 919 2525 Nicholeo
940 2469 1072 2526 centum
1094 2461 1211 2528 solidos

111 2585 299 2649 perannum
315 2564 356 2630 de
371 2587 498 2631 camere
511 2587 572 2630 sus
585 2573 620 2630 et
634 2563 675 2630 de
694 2563 808 2630 eodem
830 2565 938 2632 Priore
960 2567 1096 2654 singulis
1117 2569 1211 2634 annis

109 2669 139 2753 ij.
152 2671 204 2735 soi
219 2671 354 2736 nomine
369 2670 486 2736 seisine
501 2669 646 2736 eiusdem
661 2669 806 2736 manerii

33 2771 79 2838 us.
169 2775 325 2841 Cressant
352 2774 394 2840 de
424 2774 575 2861 Stampes
605 2775 732 2840 Judeus
761 2774 920 2841 Bristollii
947 2775 1135 2843 diffamatus
1160 2785 1211 2843 est

110 2879 188 2962 quod
210 2879 369 2946 Ysobells
393 2879 462 2944 filiu
487 2879 639 2945 Giliberti
665 2877 777 2944 Sellar'
803 2879 966 2946 Cristians
987 2881 1125 2947 inuenta
1147 2883 1212 2948 fuit

110 3004 176 3048 cum
191 3007 229 3050 eo
243 2985 281 3049 in
296 2985 381 3050 lecto
396 2991 431 3049 et
446 2983 620 3049 concubuit
635 3005 709 3048 eum
724 3005 771 3060 ea,
787 2991 823 3048 et
836 2983 918 3048 alins
937 2983 1125 3051 diffamatus
1146 2986 1211 3051 fuit

109 3085 146 3150 de
173 3087 287 3154 eodem
319 3088 462 3155 erimine.
513 3088 691 3153 Abiurauit
719 3109 857 3175 regnum
886 3095 922 3152 et
950 3087 1051 3175 elegit
1079 3097 1211 3175 portum

110 3189 263 3259 Shorhsm
285 3199 322 3258 et
342 3191 444 3258 hebet
465 3192 609 3278 specium
632 3190 863 3257 transfretandi
877 3213 898 3256 e
910 3191 971 3256 tali
989 3192 1043 3258 die
1057 3192 1093 3258 in
1106 3215 1210 3258 unum

109 3317 254 3364 mensem
315 3297 360 3362 Et
384 3297 498 3362 eedem
521 3296 676 3362 Ysobella
701 3295 789 3382 oepit
814 3295 1032 3381 penitenciam
1057 3317 1150 3362 susm
1175 3305 1211 3362 et

109 3400 268 3468 abiumuit
283 3402 398 3468 uillam
414 3401 572 3466 Bristollii
587 3408 646 3466 eto

33 3503 77 3566 uo.
169 3505 361 3572 Osmundus
380 3505 421 3571 de
437 3505 579 3571 Oastello
593 3504 651 3590 qui
665 3505 833 3590 utlagatus
848 3502 912 3567 fuit
925 3524 984 3589 pro
998 3501 1165 3567 latrocinio
1175 3509 1211 3566 et

110 3608 161 3692 qui
175 3610 262 3698 sugit
277 3609 315 3675 in
329 3608 496 3674 ecelesiam
511 3607 599 3696 apud
615 3607 816 3674 Glastonism
838 3607 1003 3672 ebiureuit
1023 3628 1161 3694 regnum
1176 3613 1211 3671 et

112 3711 204 3800 elegit
230 3721 365 3799 portum
387 3713 517 3778 Douere
539 3721 574 3778 et
595 3711 695 3780 habet
716 3711 904 3798 spacium's
926 3711 986 3776 tuli
1009 3710 1062 3776 die
1087 3709 1122 3776 in
1145 3717 1212 3776 tres

110 3814 321 3900 septimanas
335 3837 421 3881 enno
435 3824 499 3882 xx⁰.

33 3909 78 3974 ¹81-
169 3918 295 3984 'Adam
317 3919 358 3983 de
378 3918 571 4006 Wigenhale
593 3917 810 3984 summonitus
832 3918 895 3983 fuit
917 3926 975 3984 ete
993 3941 1057 4004 quo
1070 3926 1213 3984 werento

110 4043 140 4085 se
154 4031 247 4088 tenet
267 4022 305 4088 in
322 4023 347 4110 j.
363 4031 513 4089 nements
533 4031 619 4089 terre
641 4045 716 4088 eum
738 4031 819 4109 pert
834 4021 870 4088 in
890 4021 1132 4087 Gurbodesham
1152 4031 1212 4088 ete.

111 4124 151 4190 Et
165 4127 253 4192 unde
269 4127 449 4214 Episoopus
465 4127 683 4194 Ksrleolensis
697 4127 755 4215 qui
769 4127 870 4192 habet
889 4125 1070 4191 custodiam
1084 4148 1124 4190 ex
1138 4149 1213 4192 eon·

139 4321 148 4353 ¹
164 4322 220 4374 The
239 4323 307 4374 time
324 4323 401 4388 §ven
416 4324 457 4375 ior
472 4323 574 4388 leaving
590 4324 635 4374 the
718 4321 791 4373 'For
800 4321 891 4373 earlier
898 4319 1211 4386 mooeedingrseoabovs

109 4388 413 4506 aenffitvifftoeb.mm
434 4403 492 4440 osse
518 4393 546 4440 to
567 4403 635 4440 esse.
687 4389 751 4438 Osse
763 4389 836 4439 1175.

191 4571 227 4620 rr.
252 4569 307 4617 111.
1089 4550 1129 4610 13

1251 2796 1343 2838 &tirou

1241 3512 1354 3553 summm

1270 3931 1329 3972 Nori
