3167 5075
401 366 553 427 niumm,
576 367 642 417 nn.
667 354 760 429 1220,
784 367 847 417 aa.
871 356 899 416 4.
1139 358 1202 421 351

111 538 505 605 inaduocacione‘ecclesia
520 538 615 605 illius.
658 539 702 604 Et
713 539 861 625 quesitus
872 560 969 625 quem
981 548 1094 605 teneat
1105 540 1203 606 uduo·

111 652 207 709 catum
236 643 379 709 eiusdem
409 642 550 720 ecclesie,
578 642 660 708 dicit
694 643 781 729 quod
814 643 924 730 ipsum
959 644 1135 710 Osbcrtum
1169 653 1205 711 et

110 748 259 833 Rogerum
282 746 323 812 dc
348 746 519 813 Saniordia
542 755 577 811 et
600 746 723 834 profert
742 755 865 813 cartam
886 748 1039 835 Episcopi
1061 772 1125 837 que
1145 750 1206 815 hoc

108 849 185 915 idem
200 858 340 915 testatur
354 858 413 916 etc

77 974 79 978 ·
164 954 205 1017 Et
228 953 386 1019 Osbertus
409 953 491 1019 dicit
516 954 603 1039 quod
629 952 694 1019 due
721 954 854 1019 ecclesie
880 956 1018 1020 suntin
1044 956 1102 1021 ills
1125 957 1207 1023 uilla

106 1079 230 1143 quarum
243 1081 310 1123 uua
324 1067 374 1123 ast
389 1057 431 1123 de
445 1057 659 1123 aduocacione
674 1058 813 1144 predicti
827 1059 947 1146 Rogeri
963 1068 998 1125 et
1012 1060 1103 1126 illam
1113 1062 1207 1127 dedit

106 1160 199 1226 eidem
227 1162 371 1227 Henrico
396 1162 562 1248 predictus
592 1162 778 1249 Episcopus,
813 1171 848 1229 et
882 1164 961 1250 quia
995 1167 1131 1231 ecclesia
1164 1167 1206 1232 dc

104 1262 305 1329 aduocacionc
319 1286 380 1329 sue
394 1265 563 1330 combusta
574 1265 639 1329 fuit
649 1274 796 1351 tempore
808 1288 933 1352 guerre,
943 1267 1030 1333 idem
1042 1269 1206 1334 Henricus

104 1368 261 1454 occupauit
285 1368 376 1434 illam
400 1370 567 1435 ecclesiam
593 1378 628 1435 ot
653 1370 745 1435 illam
770 1370 881 1435 tenuit
905 1393 980 1436 cum
1006 1372 1132 1438 aliast
1157 1373 1206 1439 ita

103 1468 191 1536 habet
205 1480 361 1559 utrasque
376 1473 533 1539 ccclesias.

159 1575 199 1639 Et
214 1576 378 1641 Hemicus
393 1576 555 1663 cognoscit
570 1577 657 1663 quod
672 1577 736 1641 due
751 1584 830 1642 sunt
844 1576 893 1642 ibi
908 1578 1041 1644 ecclesie
1061 1588 1096 1644 et
1115 1581 1201 1666 quod

103 1701 160 1745 una
172 1682 342 1746 combusta
356 1682 420 1746 fuit
435 1681 520 1747 sicut
534 1680 718 1767 predictum
733 1690 791 1759 est,
807 1691 843 1746 et
862 1681 940 1768 quia
959 1682 1119 1747 Osbertus
1137 1706 1204 1748 non

103 1782 215 1850 leuauit
241 1784 411 1851 ecclesiam
438 1804 540 1861 suam,
565 1793 727 1850 uenerunt
752 1784 939 1870 parochiani
963 1784 1007 1850 ed
1037 1786 1204 1851 ecclesiam

101 1909 183 1951 suam
210 1911 271 1974 pro
301 1887 432 1953 defectu
461 1888 657 1965 monasten'i,
693 1895 727 1952 et
763 1888 941 1973 Episcopus
976 1888 1137 1954 commisit
1172 1889 1203 1953 ei

103 1998 272 2077 utramque,
294 1998 328 2057 et
348 1991 432 2056 bene
452 1991 599 2057 concedit
620 1992 706 2078 quod
727 1991 848 2057 habeat
868 1992 1038 2057 ecclesiam
1058 2015 1152 2057 suam
1174 1991 1204 2057 si

101 2092 269 2181 Episcopus
285 2094 349 2159 loci
363 2116 529 2159 assensum
543 2094 718 2181 prebueiit.

156 2199 198 2263 Et
221 2200 299 2264 ideo
323 2207 491 2265 remaneat
514 2199 614 2264 assisa
636 2208 670 2264 et
693 2198 763 2264 dics
788 2198 887 2265 datus
912 2207 963 2265 est
988 2200 1136 2286 partibus
1161 2202 1203 2266 ad

99 2302 290 2369 audiendum
305 2302 463 2367 iudicium
478 2326 574 2368 suum
590 2311 659 2381 etc,
671 2311 705 2369 et
716 2304 849 2369 interim
860 2305 1027 2391 inquirant
1037 2328 1204 2371 assensum

99 2404 247 2492 Episcopi
297 2404 453 2471 ¹Interim
478 2415 590 2471 autem
614 2407 800 2473 habuertmt
819 2408 990 2473 iusticiarii
1007 2409 1204 2495 colloquium

98 2530 185 2594 super
208 2510 271 2575 hoc
299 2531 374 2574 cum
401 2509 559 2596 Episcopo
585 2518 619 2576 et
644 2510 750 2577 noluit
775 2512 911 2598 prebere
940 2535 1113 2580 assensum
1158 2513 1203 2578 Et

97 2611 162 2678 idco
176 2613 419 2680 consideratum
435 2621 485 2679 cst
504 2614 592 2700 quod
611 2615 680 2702 ipse
700 2616 906 2703 recuperauit
924 2618 1201 2703 presentacionem

96 2737 179 2782 suam
194 2726 255 2784 eto
273 2726 310 2783 et
325 2717 399 2784 ideo
413 2717 588 2784 mandetur
602 2719 760 2806 Episcopo
774 2720 863 2806 quod
876 2729 1008 2807 propter
1017 2722 1202 2788 reclamaci-

95 2844 181 2888 onem
205 2831 268 2890 etc
296 2845 361 2887 non
381 2822 531 2888 amittat¹
551 2823 622 2889 etc.¹
667 2825 711 2888 Et
730 2824 810 2910 quia
831 2824 919 2890 idem
939 2826 1098 2892 Osbertus
1117 2826 1203 2891 dixit

95 2927 173 3010 quod
188 2927 357 2993 Henricus
371 2934 502 2992 secutus
517 2927 581 2992 fuit
596 2927 671 2992 inde
687 2928 845 3013 placitum
859 2929 997 2995 incuria
1007 2930 1201 2997 mistionita-

95 3029 132 3094 tis
146 3031 185 3096 dc
200 3029 421 3097 aduocacionc
436 3030 501 3108 illa,
517 3039 551 3096 et
566 3031 654 3095 idem
670 3032 833 3098 Henricus
847 3033 932 3098 dixit
951 3034 1038 3120 quod
1057 3057 1122 3099 non
1140 3057 1201 3100 nec

95 3137 160 3201 uult
183 3136 292 3223 sequi,
318 3144 465 3200 remanet
490 3135 648 3222 placitum
673 3136 756 3202 illud
781 3159 895 3202 uemus
920 3160 996 3202 eum
1025 3146 1060 3203 et
1087 3161 1201 3203 uersus

94 3241 216 3322 iudices,
232 3251 270 3309 et
286 3241 412 3307 dictum
428 3249 478 3307 est
493 3241 637 3306 chrico
651 3242 737 3328 quod
752 3264 818 3306 non
832 3248 988 3327 sequatur
1001 3249 1060 3307 etc

51 3339 64 3406 l·
150 3345 356 3414 'Willelmus
381 3347 421 3413 de
447 3348 598 3412 Dustona
620 3353 655 3410 et
681 3345 786 3410 Maria
810 3367 893 3410 uxor
916 3345 987 3410 cius
1011 3345 1200 3412 summoniti
1259 3409 1267 3419 ,
1310 3408 1317 3420 ,

93 3449 217 3516 harunc
232 3449 280 3516 ed
295 3448 555 3535 respondendum
570 3447 593 3512 J
594 3447 715 3513 ohanni
729 3448 797 3512 filio
810 3447 910 3512 Alani
919 3470 984 3533 quo
1003 3455 1145 3513 wamnto
1164 3471 1200 3513 ss

94 3559 201 3618 tenent
224 3553 262 3618 in
289 3551 433 3617 manerio
456 3551 497 3616 dc
518 3550 681 3616 Meleham
696 3550 782 3636 quod
797 3549 886 3615 idem
899 3550 923 3614 J
924 3550 1067 3616 ohannes
1080 3551 1200 3617 clamat

93 3678 154 3722 esse
168 3659 220 3723 ius
236 3665 276 3722 et
292 3656 510 3722 hereditatem
524 3678 616 3721 suam
632 3663 691 3721 etc

151 3761 194 3826 Et
225 3759 416 3826 Willelmus
444 3767 479 3826 et
508 3758 614 3824 Maris
641 3758 780 3824 ueniunt
815 3766 850 3824 et
883 3766 1080 3845 cognoscunt
1111 3760 1198 3846 quod

91 3864 270 3929 mansi-ium
296 3862 378 3927 illud
402 3870 452 3927 est
475 3861 638 3928 hereditas
661 3861 762 3947 ipsius
784 3861 944 3927 Johannis
967 3861 1085 3947 stipsi
1098 3862 1198 3927 nichil

90 3966 228 4034 clamant
256 3967 295 4030 in
321 3965 464 4031 manerio
492 3965 548 4030 illo
573 3964 636 4030 nisi
665 3965 775 4031 dotem
801 3964 904 4050 ipsius
926 3965 1029 4031 Maris
1053 3989 1093 4031 ex
1115 3965 1200 4032 dono

91 4070 245 4136 Willelmi
270 4069 381 4135 ‘datiis
405 4069 507 4156 ipsius
530 4069 689 4135 dohannis
713 4069 770 4156 qui
794 4069 858 4134 fuit
882 4071 935 4134 uir
959 4070 1061 4156 ipsius
1086 4072 1199 4150 Maris,

89 4175 163 4260 quia
190 4175 269 4261 ipsa
297 4172 361 4237 fuit
389 4173 582 4238 nominatim
608 4172 721 4238 dotata
746 4171 787 4238 de
812 4172 870 4237 illo
894 4174 1038 4240 manerio
1063 4183 1097 4240 et
1123 4175 1199 4241 inde

118 4337 154 4371 ¹⁸¹
171 4338 271 4391 Outhe
279 4337 343 4388 rolls
350 4335 405 4388 this
413 4337 437 4388 is
445 4337 619 4402 interpolated
702 4337 801 4388 ’Com
812 4341 922 4389 omittat.

89 4405 236 4468 poslscript.
703 4403 713 4435 ³
729 4404 760 4453 Δ.
772 4418 808 4452 m.
820 4405 852 4462 93
870 4403 900 4454 B.
914 4417 950 4452 m.
963 4405 987 4452 5.
