3167 5075
409 405 550 466 nimus,
572 403 637 455 no.
661 392 754 466 1223,
776 403 841 454 ns.
865 389 895 456 7.
1141 389 1205 458 473

115 573 300 650 nominatim,
325 572 406 638 dicit
435 575 521 660 qnod
550 597 616 639 non
645 574 745 640 hebet
774 574 839 640 nisi
867 598 971 642 unum
999 583 1127 654 testem,
1155 585 1206 642 set

115 678 196 762 ponit
209 700 242 742 se
255 678 332 742 inde
346 701 444 764 super
457 678 622 745 iuratam.
666 680 711 745 Et
725 680 838 745 Abbas
853 681 933 745 dicit
948 682 1036 767 quod
1056 681 1159 747 nescit
1179 681 1208 746 si

114 783 370 861 itsfuitdotata,
391 807 519 850 necne.
565 784 681 850 Postea
699 793 827 871 ponunt
850 808 885 851 se
908 786 943 850 in
965 786 1105 850 iuratam
1129 785 1206 851 hinc

115 886 187 951 inde.
229 888 271 952 Et
299 888 374 953 ideo
403 889 594 953 mandatum
624 897 675 953 est
704 889 889 954 uicecomiti
918 890 1004 976 quod
1034 891 1208 976 diligenter

115 979 241 1076 inquiret
255 992 313 1078 qui
326 993 545 1057 interfuerunt
560 993 618 1058 ubi
632 994 798 1079 predictus
817 994 982 1059 lohannes
998 994 1206 1080 desponsauit

115 1103 165 1157 etc
186 1103 217 1159 et
241 1117 301 1181 per
324 1118 436 1160 eorum
460 1105 494 1160 et
518 1096 656 1161 aliorum
680 1105 919 1162 sacramentum
946 1106 1004 1162 etc.
1032 1096 1207 1184 diligenter

113 1198 242 1283 inquirat
254 1201 284 1264 si
293 1200 381 1264 idem
393 1201 416 1266 J
416 1201 559 1265 ohannes
569 1202 699 1267 dotauit
714 1225 786 1266 eam
801 1202 994 1267 nominatim
1007 1201 1048 1266 de
1062 1201 1207 1287 predicto

113 1303 262 1390 mesuagio
277 1305 331 1369 uel
345 1327 419 1383 non,
435 1312 469 1370 et
483 1305 731 1391 inquisicionem
746 1315 806 1371 etc.

60 1415 82 1477 4
168 1407 323 1474 ‘Borbots
350 1432 414 1495 que
443 1409 507 1474 fnit
532 1432 614 1474 uxor
642 1410 819 1475 Menosseri
845 1411 886 1475 de
916 1411 1094 1498 Hastinges
1122 1409 1207 1495 petit
1286 1437 1329 1475 ων.

113 1535 211 1578 uersus
225 1515 404 1580 Robertum
420 1515 461 1578 de
479 1514 658 1600 Hnstinges
678 1514 812 1579 terciam
833 1523 960 1600 portem
984 1515 1081 1581 unius
1105 1537 1207 1581 corno.
1346 1507 1351 1518 '

113 1625 271 1683 terrerum
287 1627 369 1704 pert.
383 1619 418 1683 in
440 1619 577 1684 Grenoh'
593 1627 627 1683 et
642 1619 863 1705 Gillingehom
878 1621 913 1683 in
931 1643 1010 1684 com.
1025 1619 1151 1685 Kencie
1174 1627 1208 1684 et

112 1731 225 1787 tantum
250 1731 371 1788 terram
395 1731 456 1788 etc.
475 1723 511 1787 in
535 1745 612 1789 com
635 1723 766 1788 Essexie
790 1732 829 1788 ut
853 1725 963 1789 dotem
987 1747 1088 1801 suom,
1112 1731 1146 1789 et
1169 1732 1208 1789 ut

112 1823 190 1890 unm
212 1827 300 1891 unde
320 1826 523 1892 Menosserus
545 1827 598 1891 uir
620 1849 698 1892 suus
723 1827 786 1892 fuit
810 1827 940 1892 scisitus
965 1827 1018 1892 die
1038 1850 1103 1914 quo
1126 1827 1208 1893 obiit

112 1936 163 1993 eto

168 2031 208 2095 Et
221 2032 384 2096 Robertus
400 2032 491 2096 uenit
507 2041 541 2097 et
555 2031 636 2097 dicit
650 2032 737 2119 quod
756 2055 822 2096 non
842 2032 940 2097 debet
961 2031 991 2097 ei
1014 2032 1206 2118 respondere

111 2135 178 2218 quia
203 2136 275 2222 ipse
304 2136 404 2200 habet
430 2135 539 2217 uirum
568 2136 702 2200 Petrum
727 2136 769 2200 de
796 2129 989 2200 Moneuillo⁸
1013 2135 1143 2200 nomine
1174 2143 1208 2199 et

111 2237 224 2304 desicut
248 2240 291 2304 de
315 2262 354 2304 eo
378 2262 442 2304 non
461 2240 500 2304 fit
523 2241 649 2305 mencio
671 2240 708 2305 in
730 2239 825 2305 breui
848 2239 888 2304 de
913 2237 965 2304 eo‘
988 2261 1053 2304 non
1079 2239 1153 2304 uult
1177 2239 1209 2304 ei

110 2344 291 2426 respondere
305 2343 368 2408 nisi
382 2343 472 2408 euris
487 2343 746 2410 considerauerit.

166 2447 207 2512 Et
221 2448 366 2513 Bsrbots
380 2448 527 2513 defendit
539 2449 626 2534 quod
639 2448 767 2512 nullum
782 2447 882 2512 hebet
897 2447 1014 2526 uirum,
1029 2454 1080 2512 set
1095 2469 1209 2513 reuera

110 2551 262 2634 predictus
294 2552 410 2617 Pet-rus
434 2553 618 2639 implacitst
641 2574 713 2617 eam
743 2552 779 2617 in
809 2552 898 2617 curis
927 2552 1151 2617 cristianitatis
1174 2561 1209 2617 et

109 2654 187 2720 illsm
201 2656 296 2743 petit.
343 2657 385 2721 Et
401 2658 563 2722 Robertus
577 2656 657 2721 dicit
672 2657 758 2743 quod
774 2657 890 2721 Petrus
902 2656 966 2721 suit
981 2678 1055 2720 cum
1071 2656 1208 2721 sesicut

108 2758 153 2820 nir
165 2782 240 2825 suus
254 2761 298 2825 nd
313 2761 420 2825 focum
435 2768 469 2826 et
484 2761 590 2825 locum
606 2770 666 2827 etc.
712 2761 755 2824 Et
774 2758 848 2825 ideo
868 2760 965 2825 dotus
986 2768 1036 2825 est
1053 2760 1122 2825 dies
1137 2768 1208 2838 etc,

109 2869 137 2923 et
150 2871 226 2928 tunc
239 2864 398 2949 producet
409 2864 572 2929 Robertus
583 2873 705 2929 sectam
717 2886 811 2929 suem
822 2864 850 2928 si
859 2864 1000 2929 uoluerit
1010 2866 1096 2951 quod
1107 2866 1209 2931 hebet

108 2964 205 3030 uimm
219 2977 254 3032 et
270 2968 344 3054 ipss
356 2968 508 3033 similiter
522 2976 582 3034 ete.

61 3076 78 3137 '.
163 3070 373 3157 ‘Preceptum
394 3081 444 3137 est
462 3072 648 3138 uicecomiti
668 3071 851 3138 Wiltescire
871 3072 958 3158 quod
977 3073 1090 3137 uenire
1110 3072 1208 3139 facist

108 3174 144 3239 od
156 3178 338 3261 proximum
353 3178 545 3242 comitatum
560 3200 656 3241 suum
667 3198 774 3241 coram
790 3175 827 3242 G.
845 3176 875 3241 le
892 3176 1036 3263 Sauage⁶
1052 3184 1086 3241 et
1102 3199 1208 3241 coram

108 3281 288 3346 custodibus
303 3289 363 3346 etc.
379 3281 402 3346 J
403 3281 564 3345 ohannem
580 3303 644 3366 que
655 3280 720 3345 fuit
731 3302 813 3345 uxor
822 3280 845 3345 J
847 3280 959 3345 ordeni
970 3281 1011 3345 de
1023 3281 1054 3346 S.
1066 3280 1208 3345 Mertino

109 3406 163 3469 qne
176 3408 209 3451 se
223 3386 304 3451 facit
321 3394 534 3472 pregnantem
550 3407 656 3449 eoram
672 3385 719 3449 eis
733 3392 767 3449 et
787 3406 846 3470 per
863 3384 1017 3449 discretos
1037 3392 1070 3448 et
1089 3384 1209 3470 legales

108 3488 219 3555 milites
233 3499 270 3557 et
285 3512 344 3575 per
358 3489 512 3555 discretos
527 3498 562 3554 et
582 3488 702 3576 legales
721 3488 876 3554 mulieres
896 3488 993 3553 faciat
1012 3512 1083 3553 eom
1104 3488 1209 3554 uideri

109 3600 137 3656 et
151 3592 324 3681 diligenter
337 3594 471 3658 tracturi
484 3616 506 3658 e
519 3594 673 3679 predictis
693 3592 885 3657 mulieribus
904 3615 963 3678 per
982 3593 1083 3657 ubera
1103 3600 1136 3658 et
1151 3616 1210 3679 per

109 3708 248 3764 uentrem
264 3698 414 3763 omnibus
429 3697 533 3763 modis
547 3697 666 3782 quibus
685 3697 802 3761 melius
819 3697 963 3782 poterint
981 3695 1058 3760 inde
1079 3696 1209 3761 certior-

107 3802 157 3880 ari,
170 3810 283 3868 utrum
302 3803 375 3889 ipsa
390 3824 552 3889 pregnans
577 3801 630 3879 sit,
644 3824 704 3866 nec
726 3824 775 3866 ne.
822 3800 912 3865 Etsi
931 3801 968 3866 G.
990 3799 1155 3886 predictus
1175 3808 1209 3865 et

107 3907 235 3987 predicti
249 3906 373 3972 milites
392 3914 427 3971 et
447 3905 598 3971 mulieres
616 3905 763 3971 uiderint
782 3904 869 3990 qnod
886 3926 1048 3991 pregnans
1063 3904 1114 3982 sit,
1130 3912 1210 3968 tunc

108 4030 160 4092 per
172 4012 343 4077 eonsilium
363 4012 484 4100 Rogeri
504 4011 625 4077 Marcel
647 4019 680 4077 et
705 4010 866 4077 Oristiane
881 4009 962 4073 Wec
986 4009 1211 4074 committetur

138 4162 147 4194 ¹
163 4164 211 4215 See
220 4166 265 4215 Br.
277 4166 297 4215 f.
308 4165 391 4215 3041).
711 4162 722 4195 ⁰
739 4158 859 4225 Geoffrey
880 4161 905 4211 le
928 4162 1052 4223 Snurege,
1070 4160 1110 4210 lor
1126 4160 1211 4210 whom

136 4230 189 4279 ²13.
200 4246 235 4282 m.
250 4233 288 4281 1⁸.
681 4244 722 4279 see
738 4228 811 4287 Foss,
828 4228 924 4289 «Μάριε
936 4229 966 4289 os
978 4227 1106 4288 Euplond,
1121 4226 1172 4275 vol.
1186 4228 1210 4285 2,

137 4294 313 4354 'Menenium
325 4296 357 4345 B.
680 4310 707 4356 p.
730 4293 786 4353 464,
812 4306 895 4341 seems
918 4295 976 4341 sent
1001 4296 1029 4341 to
1056 4290 1155 4355 preside
1182 4306 1212 4340 ss

137 4360 218 4473 :gin
230 4363 308 4418 deco,
321 4362 352 4410 Β.
681 4358 758 4421 judge
769 4364 798 4408 nt
807 4357 860 4409 this
871 4356 1014 4420 inquiryin
1027 4356 1071 4407 the
1083 4360 1188 4419 county.

184 4442 237 4475 .m.
252 4428 290 4478 19,
