3167 5075
330 367 565 431 mosamius,
588 369 652 418 nn.
677 355 770 430 1225,
792 369 854 418 nn.
879 357 993 420 9-10.
1148 355 1211 419 513

110 560 165 604 nec
197 546 248 604 est
281 539 452 625 partibilis,
484 538 567 626 ‘quia
594 548 762 625 nimquam
792 539 916 626 partita
944 539 1008 604 fuit
1037 538 1124 603 inter
1151 537 1210 603 ali-

110 666 184 728 quos
217 643 275 730 qui
304 652 413 709 essent
442 643 483 708 de
512 666 578 708 uno
607 643 730 729 stipite,
758 651 795 708 et
823 641 899 708 inde
929 642 1022 729 ponit
1050 663 1085 708 se
1112 663 1212 728 super

107 749 251 834 patriam
296 749 341 813 Et
369 749 536 814 Walterus
564 747 721 812 similiter.
767 747 811 811 Et
840 746 914 811 ideo
943 747 1003 811 fiat
1030 745 1146 824 iurata,
1174 754 1209 810 11

107 852 217 917 ueniat
245 851 306 916 tali
333 851 387 916 (111
416 852 460 916 ad
488 850 780 938 recognoscendum
816 852 845 916 si
873 852 1019 938 predicta
1048 858 1137 917 terra
1164 851 1209 916 sit

105 942 265 1041 partibilis
279 965 313 1020 11
327 956 357 1020 si
370 977 526 1041 umquam
541 955 663 1041 partita
677 956 741 1020 fuit
746 954 765 1021 ¹.

51 1057 74 1120 l.
166 1059 285 1146 'Hugo
313 1058 355 1123 de
385 1057 557 1123 Sanfordia
585 1058 734 1143 queritur
765 1059 852 1145 quod
881 1060 1021 1125 Thomas
1046 1059 1087 1125 de
1114 1060 1210 1147 Rupe
1250 1083 1345 1133 wigorn.

103 1162 186 1228 sicut
200 1163 272 1249 ipse
286 1163 387 1249 Hugo
401 1161 579 1228 custodiuit
593 1170 714 1227 terram
725 1161 954 1228 Archidiaooni
967 1163 1215 1229 Cantuariensis

102 1265 227 1330 domini
245 1264 297 1330 sui
315 1266 404 1351 apud
425 1265 603 1330 Eluertona
623 1264 683 1329 tali
706 1264 760 1328 die
780 1273 842 1330 eto.
860 1265 953 1330 uenit
967 1265 1055 1330 idem
1070 1267 1213 1331 Thomas

101 1371 134 1435 in
149 1393 230 1457 paee
244 1371 339 1435 Dom
354 1370 455 1457 Regis
469 1378 528 1435 eta
545 1377 580 1434 et
594 1369 630 1434 in
644 1369 764 1434 felonia
778 1377 812 1434 at
827 1369 862 1434 in
877 1370 1003 1436 roheria
1022 1369 1159 1435 abstulit
1178 1370 1211 1436 ei

101 1473 140 1538 de
154 1474 256 1540 blado
269 1474 393 1540 domini
406 1475 459 1540 sui
473 1475 565 1539 fabas
579 1474 620 1540 de
635 1497 701 1539 uno
715 1473 849 1538 selliona
870 1483 905 1538 11
925 1497 1064 1540 anonam
1085 1475 1127 1539 de
1145 1474 1218 1540 alio

102 1585 162 1642 eta
186 1577 247 1663 qui
269 1577 425 1642 remansit
448 1576 556 1642 eidem
578 1576 815 1641 Archidiaoono
837 1599 896 1662 per
918 1577 1018 1643 finem
1038 1579 1160 1642 factum
1175 1577 1210 1640 in

100 1682 193 1747 ouria
210 1682 306 1746 Doni
329 1681 437 1768 Regis,
457 1689 493 1746 et
511 1681 572 1746 hoc
592 1681 678 1746 uidit
699 1680 862 1746 Robertus
879 1681 919 1746 (11
935 1681 1030 1747 (lliue
1045 1681 1102 1767 qui
1116 1681 1210 1746 uenit

100 1808 178 1850 eum
202 1807 241 1850 eo
264 1784 306 1849 ad
328 1785 473 1849 utesium
496 1791 532 1849 11
555 1783 613 1869 qui
636 1784 697 1849 hoc
726 1785 820 1849 offert
849 1785 985 1870 probare
1013 1807 1073 1871 per
1096 1807 1213 1872 corpus

99 1911 200 1954 suum
215 1888 301 1954 sient
314 1887 405 1952 ouria
419 1895 479 1952 eta

169 1993 216 2057 Et
237 1991 378 2056 Thomas
399 1990 494 2055 uenit
516 1998 551 2056 et
572 1990 719 2057 defendit
740 1993 899 2059 roboriam
915 2001 984 2071 111,
1000 2002 1034 2060 11
1048 1993 1134 2080 petit
1148 1993 1211 2059 sibi

99 2095 238 2161 alloaari
257 2094 343 2182 quod
361 2094 450 2159 idem
470 2095 571 2181 Hugo
592 2095 673 2160 alias
692 2098 874 2184 appellauit
896 2121 972 2163 eum
995 2099 1030 2162 in
1053 2097 1210 2163 comitatu

99 2201 273 2289 Wigornie
290 2200 331 2265 de
351 2199 465 2264 eodem
487 2200 573 2264 laeto
591 2221 649 2287 per
670 2223 785 2287 corpus
807 2225 903 2267 suum
918 2212 953 2268 11
967 2225 1053 2268 nuno
1068 2202 1214 2289 appellat

99 2329 181 2372 eum
195 2329 257 2392 per
269 2305 452 2392 predictum
467 2304 656 2370 Robertunn
700 2306 752 2370 De
772 2307 869 2372 blado
889 2307 969 2374 dicit
991 2307 1077 2394 quod
1099 2330 1213 2374 reuera

98 2410 289 2500 asportauit
302 2408 460 2497 quasdam
474 2408 592 2494 garbas
606 2409 752 2474 fabarum
769 2419 804 2475 11
818 2409 952 2475 alterius
966 2410 1056 2474 bladi
1070 2410 1154 2476 siout
1171 2411 1212 2476 (11

98 2527 194 2583 term
217 2539 278 2581 sua
302 2514 433 2602 propria
457 2520 492 2579 et
520 2535 585 2578 non
614 2513 656 2579 de
685 2522 773 2580 terra
801 2515 1035 2593 Archidiaooni,
1065 2523 1100 2581 11
1127 2515 1215 2602 petit

97 2620 263 2687 iudicium
278 2643 306 2684 s1
295 2620 358 2684 de
370 2619 431 2684 tali
442 2618 538 2684 blado
549 2640 608 2683 suo
618 2618 737 2684 debeat
749 2619 856 2685 eidem
868 2621 1010 2685 Robarto
1022 2620 1214 2708 respondero

99 2749 165 2812 per
178 2726 240 2789 hoo
257 2724 432 2810 appellum

170 2830 217 2893 Et
231 2830 331 2914 Hugo
346 2827 528 2913 dicitquod
543 2850 710 2913 nunquam
726 2829 907 2915 appellauit
922 2852 998 2895 eum
1010 2830 1044 2894 in
1056 2830 1215 2895 comitatu

98 2934 146 3000 de
161 2932 258 2998 blado
272 2932 338 3008 illo,
352 2940 403 2997 set
417 2954 532 2996 reuera
545 2932 726 3018 appellauit
741 2955 817 2998 eum
833 2934 873 2999 (11
885 2933 1013 2998 roboria
1024 2934 1120 2999 unius
1132 2957 1217 3020 eque

99 3036 194 3101 unde
209 3034 505 3100 attachiamentum
520 3034 643 3100 laetum
660 3043 711 3101 est
726 3027 833 3101 oolam
849 3036 1035 3101 iusticiariis
1050 3036 1092 3102 ad
1107 3038 1217 3103 omnia

98 3139 235 3225 placita

171 3245 218 3309 Et
240 3242 319 3329 quia
344 3245 444 3331 Hugo
469 3252 505 3308 et
530 3244 693 3310 Robertus
718 3245 887 3331 appellant
913 3267 989 3310 eum
1015 3245 1056 3310 (11
1082 3245 1217 3311 alterius

98 3347 233 3413 catallis
252 3369 352 3433 qnam
371 3347 439 3412 suis
456 3369 517 3412 neo
537 3347 578 3413 de
598 3370 656 3412 suo
676 3348 804 3435 proprio
824 3348 947 3434 aliquid
970 3348 1136 3435 loquitur⁸‚
1155 3372 1215 3414 neo

96 3452 145 3517 de
159 3452 267 3539 plaga,
281 3474 342 3516 nec
357 3451 397 3516 (11
412 3451 477 3516 alia
491 3474 535 3529 re,
550 3451 788 3517 consideratum
811 3460 862 3517 est
883 3450 986 3538 quod⁴
1008 3453 1135 3517 nullum
1157 3462 1216 3532 est,

98 3567 139 3622 et
166 3556 245 3622 ideo
273 3556 414 3620 Thomas
442 3555 519 3620 inde
549 3556 619 3620 sine
647 3555 701 3620 (111
730 3564 766 3620 11
796 3556 896 3643 Hugo
926 3564 961 3619 11
990 3556 1152 3621 Robertus
1181 3558 1217 3621 in

98 3657 358 3745 miserioordial
488 3708 491 3713 -

168 3765 279 3831 'Prior
299 3764 340 3831 de
363 3763 605 3831 Wimundeleia
624 3764 710 3851 petit
729 3787 843 3830 uersus
863 3704 1053 3880 Philippum
1073 3764 1114 3829 de
1130 3765 1221 3830 Wlie
1264 3742 1350 3848 [ζῆ

97 3870 192 3957 qnod
214 3869 404 3935 warentizet
424 3870 456 3935 ei
478 3877 607 3935 tantam
630 3878 751 3933 terram
772 3890 846 3933 oum
869 3875 949 3953 pert.
974 3868 1009 3931 in
1028 3866 1163 3944 Dinesl',
1182 3878 1266 3933 11.

97 3985 235 4041 tantam
259 3984 379 4040 terram
401 3983 463 4040 eta
481 3974 517 4038 in
537 3972 790 4041 Chiueleffordia
809 3980 844 4036 11
864 3979 991 4037 tantam
1007 3980 1126 4037 terram
1141 3995 1216 4039 cum

98 4087 187 4163 pert.
203 4078 240 4143 in
260 4074 400 4154 Graual',
421 4099 503 4163 quas
524 4084 617 4141 tenet
638 4084 707 4154 111,
730 4084 765 4140 11
787 4074 875 4140 unde
897 4082 1020 4139 cartam
1042 4074 1218 4159 patrissui

137 4258 147 4291 ¹
163 4254 402 4324 massaria,
407 4256 527 4319 Preterip
527 4256 588 4312 lion
596 4254 637 4305 64.
720 4253 732 4286 ⁸
748 4254 820 4303 Com.
834 4254 977 4316 bqaaatar,
989 4252 1020 4315 A,
1033 4254 1063 4305 Β.

135 4322 196 4373 ¹A.
218 4338 256 4373 m.
275 4313 337 4381 2d;
359 4321 391 4373 B.
409 4335 446 4370 m.
463 4323 492 4379 33
514 4320 543 4369 Ο.
560 4335 597 4370 m.
613 4322 637 4370 2.
721 4318 1079 4383 411111111111111111111,Α,Β.

102 4387 233 4445 Bronton,
245 4388 333 4447 1146,
347 4385 552 4436 aitesthlsoaae.
722 4384 894 4445 ⁸A.m.3d;
912 4384 942 4435 B.
956 4384 1054 4434 m.2d.

195 4495 231 4542 bl.
256 4493 308 4542 111.
1089 4478 1130 4538 33
