3167 5075
447 404 597 467 rerum,
619 404 684 455 nn.
710 392 803 467 1224,
824 406 887 455 aa.
912 396 939 455 8.
1201 397 1244 457 45

148 576 261 643 habere
275 576 355 664 quta
368 576 457 643 irem
472 576 629 642 marsus
643 599 708 642 non
726 576 844 643 labus
864 586 985 643 emm
1006 577 1097 643 ram
1110 572 1182 644 nei
1202 578 1246 645 au
1302 561 1306 572 '

145 681 316 747 torminum
331 704 369 748 eo
383 682 470 769 quod
489 682 652 747 Robertus
671 689 765 769 pater
784 704 862 747 suus
883 681 973 747 illem
995 683 1027 748 ei
1047 682 1183 749 tradidit
1203 683 1246 749 ad

144 785 318 851 terminum
333 793 369 850 ct
381 784 456 850 ideo
469 806 535 849 non
549 783 649 850 debet
663 783 740 849 inde
754 783 865 849 dotem
881 784 1007 850 habere.

204 888 248 952 Et
262 887 385 954 Felicia
399 887 586 974 dicitquod
606 909 671 952 non
691 887 801 952 tenuit
820 887 862 953 ad
884 888 1060 955 terminum
1082 890 1182 956 immo
1203 889 1246 956 ad

142 991 268 1058 feodum
283 992 350 1058 scil.
367 992 477 1059 tenuit
491 992 527 1056 in
541 991 634 1056 feodo
649 998 684 1056 et
698 990 774 1056 inde
795 992 945 1077 producit
964 1000 1086 1058 sectam
1107 1016 1170 1081 que
1186 994 1246 1059 hoc

141 1104 279 1162 testatem
293 1105 327 1163 et
342 1097 428 1184 qnod
443 1095 601 1162 Ricardus
615 1095 697 1160 obiit
711 1095 843 1161 seisitus
857 1103 896 1161 ut
910 1095 951 1161 de
965 1096 1065 1162 feodo.
1110 1097 1155 1162 Et
1169 1097 1247 1183 quia

141 1198 250 1265 Simon
280 1199 381 1266 nichil
409 1198 553 1265 ostendit
582 1199 623 1265 de
653 1199 792 1264 termino
820 1220 881 1264 nec
916 1206 1038 1264 sectam
1075 1199 1175 1265 hahet
1211 1209 1246 1265 et

139 1304 300 1389 cognoscit
314 1302 401 1390 quod
415 1302 573 1369 Ricardus
593 1301 658 1367 fuit
677 1301 807 1367 scisitus
827 1301 1065 1367 consideratum
1087 1310 1137 1368 est
1159 1303 1246 1389 quod

140 1404 257 1471 Felicia
271 1408 478 1494 recuperauit
492 1406 643 1472 seisinam
660 1428 753 1471 suam
774 1414 809 1471 et
829 1405 944 1471 Simon
964 1406 999 1471 in
1020 1405 1244 1473 misericordia

140 1508 175 1574 Si
187 1510 238 1574 ius
252 1508 375 1575 habeat
389 1516 557 1597 recuperet
571 1530 684 1573 uersus
698 1529 770 1573 eam
785 1507 814 1573 si
828 1506 977 1573 uoluerit

27 1606 105 1671 1003.
200 1612 365 1677 Henricus
378 1611 465 1677 filius
485 1610 616 1677 Rednlfi
636 1610 694 1697 qui
712 1632 747 1675 se
768 1609 846 1675 facit
864 1617 1067 1675 attornatum
1089 1610 1246 1677 Willelmi

140 1714 228 1781 Huse
247 1738 309 1803 per
327 1715 384 1802 iiij.
400 1714 523 1781 milites
543 1713 586 1780 ad
607 1736 683 1779 eum
704 1712 818 1778 missos
840 1721 899 1778 etc
920 1712 1041 1800 optulit
1063 1735 1097 1780 se
1119 1714 1177 1801 iiij.
1191 1714 1244 1781 die

139 1842 248 1886 uersus
273 1820 470 1886 Gaufridum
495 1819 526 1885 le
552 1820 681 1906 Sauags
707 1825 742 1884 ct
765 1818 935 1884 Mabiliam
957 1840 1091 1884 uxorem
1111 1818 1245 1885 eiusde

139 1923 254 2008 placito
276 1922 379 1990 tercie
400 1923 503 2011 partis
519 1921 545 2010 j.
569 1944 672 1989 came
694 1930 780 1989 terre
802 1944 878 1988 cum
899 1930 982 2008 pert
995 1922 1032 1987 in
1053 1923 1245 2001 Haresham,

139 2047 232 2111 quam
247 2026 314 2113 ipsi
332 2026 475 2091 clamant
495 2032 535 2091 ut
554 2025 607 2091 ius
627 2047 725 2090 suum
746 2046 860 2089 uersus
881 2023 1022 2089 eundem
1043 2024 1245 2090 Willelmum

139 2136 196 2196 etc.
252 2130 300 2194 Et
330 2129 506 2195 Gauffidus
534 2135 570 2195 et
598 2128 735 2196 hlabilia
762 2151 828 2194 non
857 2136 1019 2195 uenerunt
1047 2136 1083 2194 et
1111 2130 1245 2195 luerunt

138 2240 284 2319 petentes
300 2240 336 2298 et
350 2233 512 2299 Hemicus
525 2234 595 2299 sine
610 2232 663 2299 die
678 2241 738 2299 etc.

26 2330 104 2398 1⁰04·
199 2337 342 2403 Thomas
363 2336 450 2401 filius
471 2334 610 2401 Walteri
631 2336 717 2422 petit
741 2357 855 2401 uersus
876 2334 1059 2400 Walterum
1082 2336 1124 2402 de
1146 2337 1244 2403 Oetes

137 2462 231 2507 unum
251 2441 339 2528 uirg.
352 2448 438 2507 terre
458 2461 533 2506 cum
554 2440 686 2525 pertin
708 2438 911 2506 Oodeffordia
932 2446 972 2504 ut
992 2438 1045 2504 ius
1064 2462 1160 2505 suum
1182 2450 1243 2507 etc.

136 2546 219 2612 unde
232 2546 344 2612 Alicia
357 2553 463 2611 mater
477 2567 536 2610 sua
554 2545 617 2610 fuit
636 2545 748 2612 aeisita
768 2553 807 2610 ut
827 2545 868 2611 de
887 2544 980 2611 feodo
1002 2551 1038 2609 et
1058 2544 1129 2610 iure
1150 2552 1186 2610 et
1207 2545 1243 2610 in

135 2648 293 2716 dominico
310 2658 457 2737 tempore
471 2651 514 2716 IL
529 2650 630 2738 Regis
643 2649 700 2716 aui
714 2651 810 2716 Dom.
824 2649 925 2737 Regis
939 2657 1000 2716 etc

196 2753 241 2818 Et
255 2753 425 2820 Walterus
439 2752 533 2818 uenit
547 2761 582 2818 et
596 2752 743 2818 defendit
756 2753 809 2818 ius
822 2775 919 2818 auum
930 2751 1060 2839 quando
1071 2751 1242 2819 defendere

133 2856 263 2923 debebit
286 2865 340 2923 set
361 2857 443 2922 dicit
468 2857 554 2944 quod
577 2857 724 2943 predicta
747 2856 856 2922 Alicia
877 2855 995 2921 habuit
1019 2855 1101 2922 dues
1121 2879 1244 2922 sorores

134 2961 196 3027 scil
211 2960 415 3027 Gunnildam
433 2969 469 3026 et
489 2960 720 3026 hfillesantiam
740 2982 805 3048 que
826 2970 893 3026 tres
913 2983 1036 3027 sorores
1057 2961 1243 3027 habuerunt

134 3065 167 3129 in
186 3075 280 3151 parte
303 3065 521 3131 hereditatem
543 3065 719 3151 patrissui
743 3065 813 3131 scil.
835 3088 935 3131 unam
959 3065 1072 3130 hidam
1096 3073 1182 3132 terre
1208 3074 1243 3131 et

135 3189 204 3234 cum
218 3170 370 3256 quelibet
384 3191 496 3234 earum
515 3168 683 3234 habuisset
702 3191 803 3235 unam
824 3170 905 3258 uirg.
920 3177 1006 3235 tene
1027 3170 1097 3257 ipse
1118 3177 1186 3235 tres
1206 3169 1242 3235 in

135 3273 295 3337 communi
321 3271 542 3337 uendidenmt
569 3271 675 3337 eidem
701 3272 848 3353 Waltero
874 3279 1025 3359 quartam
1050 3273 1132 3360 uirg.
1156 3280 1242 3338 terre

135 3372 195 3438 soil
210 3374 394 3460 predictam
409 3374 490 3461 uirg.
507 3383 592 3440 terre
613 3397 712 3461 quam
733 3374 823 3440 idem
845 3375 985 3441 Thomas
1005 3397 1093 3440 nunc
1113 3376 1242 3454 clamat,

136 3484 168 3540 et
193 3476 269 3543 inde
299 3476 485 3564 proferunt²
513 3485 636 3543 certam
665 3478 841 3544 earundem
869 3477 984 3556 Alicie,
1013 3478 1177 3544 Gunnilde
1207 3487 1242 3543 et

136 3579 319 3659 hlilisuntie,
344 3603 408 3667 qne
437 3580 558 3646 donum
583 3580 666 3647 illud
691 3591 834 3648 testatur
861 3604 919 3669 pro
947 3581 990 3646 xl.
1013 3580 1070 3648 sol.
1092 3587 1128 3645 et
1155 3579 1243 3666 petit

136 3681 287 3752 iudicium
302 3685 334 3752 si
347 3706 445 3772 super
458 3685 519 3752 hoc
538 3683 657 3751 debeat
676 3685 782 3752 eidem
803 3686 927 3751 Thcme
946 3682 1138 3770 respondere
1157 3682 1243 3748 desi·

137 3797 188 3853 eut
201 3788 287 3876 ipsa¹
300 3788 423 3858 clamat
445 3795 549 3853 totam
569 3795 689 3853 temam
709 3787 786 3854 licet
805 3797 926 3853 terram
947 3787 989 3853 de
1010 3787 1082 3852 iure
1102 3786 1241 3852 clamare

138 3901 239 3976 posset
253 3893 313 3959 ubi
329 3914 394 3957 non
409 3900 517 3979 potest
531 3891 594 3958 nisi
608 3893 743 3958 terciam
757 3890 908 3979 pertem⁸.

197 3996 241 4061 Et
255 3996 399 4061 Thomas
413 3995 575 4083 cognoscit
590 3996 677 4082 quod
697 4019 812 4063 reuera
831 4004 937 4061 mater
955 4018 1015 4061 sua
1033 3995 1150 4062 habuit
1169 4017 1243 4083 pre-

140 4096 236 4166 dictas
253 4100 338 4166 duas
357 4121 479 4166 sorores
499 4108 534 4165 et
552 4100 639 4186 quod
661 4100 730 4187 ipse
753 4108 820 4166 tres
841 4107 1116 4187 recuperauerunt
1137 4108 1241 4167 totam

170 4295 383 4362 mommsen.
712 4297 1242 4350 edastomeenthatilThomashas

170 4359 358 4479 :fflohhie
369 4427 660 4480 shouldbssoemand-
711 4363 892 4482 ffldffli
903 4365 980 4426 uniit
991 4379 1042 4415 m
1053 4363 1155 4428 ΝΜ
1170 4364 1210 4417 ror
1223 4379 1241 4416 a
