3167 5075
317 442 381 505 104
628 448 765 511 11111111,
788 446 853 498 111.
878 428 971 508 1115,
992 444 1055 496 na.
1079 431 1109 495 9.

316 600 430 691 uersus
457 619 713 711 profunditatem
742 640 826 705 aque
855 638 968 683 uersus
995 623 1152 692 austrum,
1175 621 1227 679 eet
1251 636 1327 679 eum
1352 613 1421 678 dies

316 728 414 795 datus
431 725 531 793 fuerit
550 724 673 791 eisdem
693 721 891 789 iuratoribus
912 720 956 786 ad
975 727 1129 807 stagnum
1150 717 1421 784 amensmandum

202 816 204 823 ⁵
316 832 405 898 idem
430 830 613 895 Willelmua
636 828 676 894 de
700 826 802 913 Peroy
825 833 903 891 ante
927 824 1015 889 diem
1039 824 1134 889 illum
1157 823 1223 888 fere
1246 820 1422 908 prostrauit

317 943 425 1001 totum
440 932 522 999 illud
537 940 690 1019 stagnum
705 938 741 996 et
758 927 981 994 molendinum
999 927 1050 993 illi
1068 936 1185 1015 stagno
1206 925 1422 991 attachiatum

317 1037 507 1104 absentibus
542 1035 693 1101 omnibus
729 1031 991 1121 recognitozibua,
1022 1039 1057 1096 et
1090 1037 1239 1117 preterea
1265 1028 1423 1093 1119101119

317 1143 471 1241 dixerunt
499 1139 586 1227 quod
616 1137 800 1205 Willelmue
828 1135 917 1202 10190ι
945 1134 1056 1222 posuit
1083 1134 1120 1199 in
1148 1134 1224 1199 uiau
1253 1155 1312 1198 auo
1340 1130 1423 1197 illud

318 1244 549 1321 molendinum,
573 1262 634 1307 neo
662 1241 821 1315 iuratores
846 1238 925 1326 quia
949 1261 1014 1304 non
1040 1238 1225 1303 habuerunt
1250 1235 1326 1301 inde
1351 1257 1421 1321 pre·

317 1356 459 1435 ceptum,
473 1368 534 1412 neo
549 1367 607 1432 per
621 1351 860 1410 sacramentum
877 1365 974 1408 suum
993 1350 1080 1407 esset
1098 1341 1181 1407 illud
1201 1338 1421 1406 molendinum

316 1458 523 1538 prostratum,
539 1470 600 1515 neo
614 1447 655 1513 de
670 1454 786 1534 stagno
806 1445 870 1511 nisi
889 1446 955 1512 duo
977 1446 1076 1533 pedes
1097 1453 1138 1511 ut
1156 1444 1341 1532 predictum
1363 1451 1421 1520 eet,

316 1554 432 1620 dieunt
468 1552 572 1618 eciam
606 1550 693 1638 quod
727 1549 892 1616 occasione
920 1549 1020 1616 huiua
1048 1549 1112 1617 rei'
1139 1548 1312 1635 occupauit
1340 1546 1421 1612 illud

318 1654 539 1722 molendinum
561 1676 636 1720 oum
657 1674 778 1741 magna
800 1653 986 1741 quantitate
1010 1654 1119 1742 stagni
1141 1675 1200 1740 per
1224 1651 1311 1739 quod
1335 1651 1421 1717 idem

317 1761 480 1827 Robertus
501 1758 681 1846 dampnum
703 1759 804 1824 habet
823 1758 865 1824 ad
884 1760 1066 1825 ualeneiam
1081 1782 1152 1824 xxx
1168 1780 1273 1837 mam,
1288 1766 1323 1823 et
1337 1756 1423 1843 quod

317 1864 404 1930 idem
413 1863 598 1929 Willelmus
609 1862 669 1927 hoo
681 1861 758 1928 lecit
767 1884 842 1927 cum
851 1861 1064 1927 multitudine
1073 1861 1224 1949 gencium
1234 1860 1422 1926 etinmann

317 1974 450 2033 armata
494 1965 619 2031 Dicunt
634 1964 736 2030 eciam
752 1964 839 2050 quod
852 1963 940 2030 idem
957 1963 1121 2030 Robertus
1135 1963 1260 2029 nullam
1273 1984 1422 2049 111110191-

318 2079 427 2136 turam
450 2068 528 2136 feeit
549 2091 647 2156 snper
669 2068 811 2134 eundem
826 2068 1037 2136 Willelmum.
1081 2067 1126 2133 Et
1144 2067 1218 2133 ideo
1231 2074 1422 2154 pieoeptum

317 2182 369 2239 est
390 2173 574 2239 uioeoomiti
596 2172 683 2259 quod
704 2172 773 2237 sine
795 2172 953 2237 dilacione
975 2170 1150 2259 distringat
1170 2170 1279 2256 ipsum
1298 2169 1423 2236 Willel·

319 2300 409 2342 mum
418 2300 476 2366 per
485 2286 586 2343 terras
595 2285 630 2342 et
639 2277 757 2343 catalla
764 2275 874 2342 euaad
885 2275 1086 2341 reddendum
1096 2275 1202 2341 eidem
1212 2274 1356 2339 Roberto
1366 2296 1425 2361 pro

318 2382 459 2469 dampno
474 2406 547 2447 xxx.
564 2404 658 2449 mam.
674 2380 821 2447 illarum⁸
835 2390 871 2447 et
885 2380 972 2468 quod
985 2388 1138 2468 stagnum
1152 2379 1235 2446 illud
1249 2386 1285 2445 et
1301 2380 1425 2444 molen-

318 2486 432 2552 dinum
447 2484 529 2551 illud
544 2506 613 2550 ease
628 2484 726 2551 faeiat
740 2484 776 2549 in
791 2483 904 2550 eodem
920 2491 1010 2550 statu
1025 2505 1090 2571 qno
1104 2505 1172 2550 ease
1187 2482 1286 2549 debet
1296 2490 1331 2549 et
1341 2481 1425 2549 solet

319 2598 354 2654 et
376 2587 553 2654 seeundum
579 2586 666 2674 quod
692 2609 799 2652 coram
824 2586 938 2652 eodem
962 2585 1155 2651 uioeoomite
1179 2606 1238 2671 per
1262 2584 1425 2671 predictos

316 2689 533 2777 reoognitores
547 2690 750 2777 recognitum
765 2697 816 2756 est
830 2697 865 2754 et
879 2688 1064 2754 Willelmua
1077 2688 1112 2752 in
1127 2684 1368 2754 misenomdia⁴.

184 2789 278 2853 1082.
379 2793 564 2860 Willelmus
577 2795 664 2860 filiuo
676 2795 703 2860 J
703 2793 839 2859 ohannis
853 2793 953 2880 peciit
972 2815 1085 2858 uersus
1099 2791 1300 2857 Willelmum
1316 2791 1422 2856 filium

199 2889 259 2930 Μ
315 2896 473 2964 Willelmi
494 2896 535 2962 de
556 2897 789 2964 Abbedestona
810 2896 1022 2962 medietatem
1038 2897 1063 2984 j.
1084 2895 1166 2984 uirg.
1187 2903 1273 2961 terre
1293 2903 1328 2960 et
1346 2895 1424 2961 dim

201 3011 258 3063 [¹⁵21
315 3023 391 3066 oum
404 3008 494 3087 ,pert
512 2998 518 3087 Ι
538 3000 573 3066 111
593 3000 827 3067 Abbedestona
847 3008 882 3067 et
904 3000 1106 3066 Willelmum
1129 3008 1257 3086 patrem
1276 2999 1424 3065 eiusdem

316 3104 474 3172 Willelmi
495 3127 595 3170 unam
616 3104 699 3192 uirg.
714 3113 801 3170 terre
820 3112 855 3171 et
874 3104 951 3170 dim.
967 3128 1042 3170 eum
1061 3111 1142 3191 pert
1158 3104 1193 3169 in
1208 3103 1323 3169 eadem
1342 3104 1426 3169 uilla

316 3219 355 3276 ut
374 3209 427 3276 ins
445 3231 542 3275 suum
563 3208 650 3275 unde
671 3209 840 3275 Johannes
860 3217 955 3295 pater
977 3230 1056 3274 auus
1078 3207 1143 3273 fuit
1165 3207 1296 3273 seieitua
1319 3215 1359 3273 ut
1382 3206 1424 3273 de

315 3313 409 3379 feodo
438 3321 473 3379 et
501 3313 571 3378 iure
601 3321 636 3379 et
661 3313 697 3377 in
722 3312 883 3379 dominico
909 3321 1055 3398 tempore
1078 3311 1179 3399 Regis
1204 3310 1337 3377 Rieardi
1361 3319 1425 3377 ete,

315 3416 471 3502 capiendo
485 3415 561 3481 inde
577 3415 708 3502 expleta
722 3415 764 3480 ad
779 3415 960 3481 ualentiam
975 3415 1172 3481 1011191119
1187 3415 1258 3501 ipso
1271 3415 1295 3480 J
1296 3415 1423 3480 ohanne

314 3521 484 3588 descendit
498 3521 550 3586 ius
564 3528 649 3585 terre
664 3519 753 3585 illins
767 3519 831 3606 ipoi
846 3519 1010 3585 Willelmo
1024 3527 1064 3585 ut
1077 3519 1146 3585 filio
1165 3526 1201 3584 et
1221 3519 1334 3585 heredi
1355 3543 1425 3597 suo,

314 3631 349 3688 et
371 3622 459 3710 quod
480 3623 546 3688 tale
568 3622 633 3687 luit
651 3622 703 3687 iua
723 3644 820 3688 auum
843 3629 904 3692 ete
924 3621 1046 3708 optulit
1067 3621 1203 3707 probare
1226 3643 1286 3708 per
1307 3644 1424 3709 colpus

314 3727 481 3792 cuiusdam
503 3724 599 3790 liberi
619 3723 759 3789 hominis
780 3723 833 3790 aui
855 3723 975 3810 Rogeri
996 3723 1038 3789 de
1059 3724 1270 3789 Fiankeuilla
1288 3724 1347 3811 qui
1361 3726 1422 3790 1109

313 3831 435 3918 optulit
450 3829 662 3895 disrationare
677 3851 865 3915 percorpus
879 3851 975 3895 suum
989 3837 1029 3894 ut
1043 3828 1085 3895 de
1099 3829 1174 3894 uisu
1190 3851 1257 3894 suo.

378 3935 423 4000 Et
438 3933 622 4000 Willelmus
640 3932 726 3998 filius
740 3933 899 3999 Willelmi
920 3933 1014 3998 uenit
1036 3942 1072 4000 et
1091 3932 1224 3998 uoeauit
1242 3931 1285 3998 ad
1298 3953 1423 3998 waran-

313 4049 386 4104 tum
407 4037 449 4104 de
472 4059 531 4104 suo
554 4037 731 4104 medietate
752 4037 954 4103 Willelmum
977 4045 1106 4125 patrem
1125 4059 1231 4115 suum,
1248 4036 1306 4123 qui
1328 4037 1425 4102 uenit

314 4149 349 4208 et
371 4141 403 4207 ei
424 4141 648 4207 warentizauit
672 4149 707 4207 et
731 4141 773 4207 de
800 4151 871 4208 tota
900 4151 987 4208 terra
1014 4142 1162 4209 defendit
1187 4141 1239 4208 ius
1263 4141 1425 4207 Willelmi

348 4333 358 4366 ¹
375 4333 426 4384 For
441 4335 498 4384 ideo
517 4333 578 4385 read
594 4349 650 4385 non.
686 4335 709 4385 Δ
727 4337 775 4386 not
795 4349 842 4384 nn-
893 4335 971 4386 boted
981 4349 1053 4386 111010
1064 4335 1130 4387 than
1141 4333 1186 4386 the
1196 4334 1329 4386 nuiaanoe.

315 4413 436 4451 common
446 4398 564 4449 blanden.
923 4400 935 4433 ⁸
952 4400 1001 4452 B'o

347 4463 475 4530 ²Supply
498 4467 643 4518 thlelmus.
677 4463 792 4516 william
814 4479 840 4516 a·
924 4417 1055 4516 ‘SdeBn
1067 4465 1180 4518 11341.
