3167 5075
290 390 425 439 00101
446 391 521 439 aun
542 391 681 451 unsrun,
703 390 767 439 an.
793 378 885 453 1221,
908 392 970 441 an
995 382 1021 442 5.
1143 384 1207 445 423

120 563 279 627 uiceccmes
298 562 399 627 faciat
418 562 592 627 conuenire
612 562 667 646 xij.
683 570 743 627 etc.
759 562 818 648 qui
838 564 1003 628 neutram¹
1019 572 1078 629 etc
1095 573 1128 629 et
1149 588 1207 651 per

120 689 215 730 corum
227 672 464 731 sacramentum
484 675 545 732 eta
559 688 624 750 que
645 666 754 752 dapna
774 667 863 732 idem
887 668 1070 733 Willelmus
1089 669 1206 734 habuit

119 778 270 855 postquam
290 769 367 834 inde
387 770 594 856 recuperauit
614 770 774 846 saisinam,
790 780 825 836 et
845 772 1092 857 inquisicionem
1107 795 1205 858 quam

118 872 182 937 inde
194 873 301 939 lecerit
315 882 377 939 010
397 873 403 960 Ι
1176 874 1182 881 ’

66 975 89 1037 ¹‘d
144 975 374 1062 ''Preceptum
403 976 468 1041 fuit
497 976 682 1041 uicecomiti
711 976 799 1062 quod
833 978 991 1043 recordari
1021 979 1141 1044 faceret
1169 979 1205 1045 10

117 1081 255 1146 comitatu
269 1104 451 1146 succuram
471 1102 510 1145 eo
530 1081 691 1166 loquelam
711 1104 775 1166 quc
789 1081 854 1147 fuit
869 1082 903 1146 in
918 1083 1031 1147 eodem
1046 1084 1203 1149 comitatu

116 1194 243 1271 tempore
257 1187 352 1250 Dcm.
366 1187 399 1251 J.
415 1186 517 1272 Regis
535 1185 623 1251 inter
642 1185 820 1250 Ricardum
842 1186 882 1251 de
904 1186 1071 1253 Olendona
1090 1196 1204 1272 peten-

116 1300 172 1355 tem
205 1300 239 1356 et
271 1290 555 1379 Enmengardam⁸
589 1291 629 1355 de
664 1291 778 1356 Pottot
807 1299 945 1356 matrem
974 1290 1133 1356 Johannis
1162 1292 1205 1357 de

114 1395 259 1480 Braybroc
287 1395 330 1460 de
359 1396 487 1460 duabus
515 1395 597 1481 uirg.
628 1402 713 1459 terre
747 1416 823 1459 cum
852 1404 933 1481 pert.
962 1396 998 1459 in
1028 1396 1203 1481 Braybrok‚

113 1520 181 1582 quas
204 1498 368 1584 predictus
392 1499 430 1563 R
458 1499 578 1563 clamat
604 1520 718 1563 uersus
743 1498 926 1583 predictum
952 1499 1146 1577 «iohannem,
1168 1508 1203 1564 et

113 1600 186 1665 unde
209 1602 297 1675 idem
323 1602 482 1667 Ricardns
507 1602 588 1667 dicit
613 1602 701 1688 quod
730 1602 802 1687 ipsa
826 1602 1046 1689 Enmergarda
1072 1603 1203 1668 uocauit

112 1705 278 1789 predictum
300 1707 323 1771 J
325 1706 485 1771 ohannem
507 1705 550 1771 ad
572 1714 752 1771 warantum
773 1705 814 1770 de
835 1706 949 1770 eadem
970 1715 1056 1771 terra
1075 1715 1146 1773 tota
1167 1707 1203 1771 in

112 1809 260 1887 comitatu,
289 1817 326 1875 et
354 1809 441 1895 quod
469 1809 541 1895 ipsa
569 1818 740 1896 postquam
770 1819 945 1875 uocauerat
975 1810 1115 1876 eundem
1143 1812 1202 1875 Jo

111 1912 235 1978 hannem
249 1914 293 1979 ad
307 1922 488 1979 warantum
503 1913 545 1978 de
560 1913 673 1979 eadem
693 1922 780 1979 terra
800 1914 976 1979 essoniauit
997 1938 1031 1979 se
1053 1915 1094 1979 de
1116 1916 1202 1980 malo

111 2017 248 2082 ueniendi
275 2019 314 2083 in
343 2018 456 2083 eodem
480 2018 640 2082 comitatu
670 2024 706 2081 et
728 2024 843 2103 postea
868 2017 909 2083 de
935 2018 1020 2083 malo
1045 2019 1130 2096 lecti,
1153 2020 1203 2084 ita

110 2122 183 2204 quod
201 2123 340 2209 languor
358 2122 389 2186 ei
408 2122 615 2187 adiudicatus
629 2122 703 2198 luit,
717 2130 787 2200 etc,
803 2130 838 2187 et
853 2123 939 2208 quod
955 2124 1066 2189 000110
1081 2124 1201 2189 faceret

111 2223 268 2289 Ricardum
284 2225 327 2289 de
342 2224 491 2289 Hintona
505 2234 540 2289 et
554 2224 730 2290 Ricardum
744 2226 786 2291 de
808 2227 971 2292 Beseuilla
992 2227 1049 2313 qui
1069 2228 1202 2294 fuerunt

109 2327 215 2393 risores
239 2328 442 2394 infirmitatis
465 2350 530 2415 qua
552 2329 700 2414 predicta
723 2330 943 2417 Ermengarda
968 2353 1002 2396 se
1027 2331 1202 2397 essoniauit

110 2428 143 2495 de
165 2432 247 2498 malo
272 2432 361 2511 lecti,
383 2432 426 2497 ad
447 2433 693 2499 certificandum
718 2434 911 2500 iusticiarios
937 2436 964 2500 si
990 2436 1061 2523 ipsa
1085 2436 1203 2503 habuit

109 2534 293 2623 languorem,
307 2561 369 2603 nec
388 2561 439 2603 ne
481 2538 537 2604 Ad
556 2538 644 2603 diem
668 2539 762 2604 illum
782 2548 842 2605 etc.
859 2549 1022 2605 uenerunt
1045 2541 1203 2607 Ricardus

110 2639 225 2720 Gubun,
240 2643 391 2728 Rogerus
403 2641 446 2706 de
466 2643 670 2722 Herlestona‚
685 2652 720 2708 et
741 2645 855 2708 testati
874 2645 1007 2710 fuerunt
1027 2647 1112 2732 quod
1132 2646 1204 2732 ipsa

109 2747 323 2814 0000001100
338 2748 381 2812 de
400 2748 486 2812 malo
505 2748 583 2812 lecti
602 2748 644 2812 de
664 2749 785 2834 placito
805 2748 945 2814 duarum
965 2751 1045 2837 uirg,
1061 2758 1147 2815 terre
1166 2750 1202 2814 in

107 2849 263 2938 Brayhroc,
294 2860 331 2918 et
365 2862 479 2939 postea
507 2853 640 2918 uocauit
668 2853 854 2918 Johannam
889 2854 993 2918 filium
1027 2877 1123 2920 suum
1159 2855 1202 2920 ad

106 2965 282 3036 warantum,
313 2958 372 3044 qui
400 2959 431 3022 ei
460 2958 695 3040 warentizauit,
721 2958 774 3022 ‘et
805 2957 934 3043 postea⁴
963 2959 1073 3044 posuit
1102 2981 1137 3024 se
1166 2959 1201 3024 in

106 3079 243 3145 magnam
273 3061 409 3125 assisam
439 3061 533 3125 Dom.
559 3061 659 3147 Regis
688 3083 801 3125 uersus
828 3083 911 3126 eum.
959 3062 1019 3126 Set
1045 3063 1122 3148 quia
1145 3062 1202 3126 alii

106 3159 159 3224 duo
178 3164 302 3228 milites
329 3163 386 3248 qui
409 3163 593 3228 debuerunt
615 3164 730 3229 tulisse
752 3165 921 3229 recordum
943 3187 1017 3230 0010
1039 3166 1111 3230 aliis
1137 3187 1202 3230 non

106 3265 223 3332 luerunt
237 3277 410 3353 presentes
424 3267 522 3332 datus
536 3276 586 3332 est
601 3267 649 3332 eis
663 3267 747 3332 alius
760 3268 830 3333 dies
845 3277 904 3333 etc.

65 3365 78 3428 l·
158 3369 359 3436 ‘Semannus
376 3371 575 3436 -Balistarius
597 3372 718 3457 optulit
737 3394 771 3436 se
793 3372 873 3458 iiijw.
890 3372 943 3438 die
957 3394 1071 3436 uersus
1087 3371 1202 3458 Elyam
1254 3387 1326 3427 Glor-

104 3470 129 3534 le
142 3473 278 3540 Paumer
291 3475 335 3539 de
350 3475 554 3540 Gloucestria
568 3474 608 3539 de
623 3475 743 3560 placito
758 3475 845 3561 quod
860 3475 975 3540 reddat
990 3475 1021 3540 ei
1035 3497 1063 3540 v.
1080 3497 1202 3539 marcas

103 3596 173 3659 quas
186 3579 216 3644 ei
230 3578 350 3644 debuit
364 3578 541 3643 reddidisse
556 3579 616 3643 tali
631 3579 684 3644 die
700 3589 758 3644 etc
774 3602 834 3665 per
854 3579 953 3644 finem
973 3579 1096 3642 factum
1116 3579 1204 3644 inter

104 3701 149 3745 eos
161 3684 247 3769 apud
263 3683 591 3748 westmonasterium
612 3705 719 3747 coram
732 3682 928 3762 iusticiariis,
943 3682 992 3746 ita
1006 3681 1094 3768 quod
1113 3681 1201 3746 idem

105 3783 191 3870 Elyas
218 3788 379 3854 concessit
409 3787 497 3874 quod
525 3786 589 3852 nisi
617 3786 767 3863 redderet
791 3786 835 3852 ad
869 3786 956 3850 diem
992 3785 1085 3850 illum
1115 3785 1202 3870 quod

103 3885 180 3952 idem
209 3891 431 3956 Semmannus
455 3890 592 3955 haberet
613 3912 717 3953 unum
739 3888 943 3973 mesuagium
966 3909 1040 3952 cum
1062 3895 1142 3971 pert.
1166 3886 1202 3952 in

104 3990 298 4059 Glaucestria
319 3993 406 4080 qnod
428 3994 491 4058 fuit
513 3993 615 4080 ipsius
638 3992 718 4079 Elye
741 3992 851 4077 quiete
872 3991 906 4054 in
926 4003 1120 4076 perpetuum
1141 3999 1200 4057 etc.

103 4095 257 4162 reddendo
287 4105 349 4161 etc.
395 4097 439 4161 Et
469 4097 567 4183 Elyas
596 4119 661 4162 non
686 4094 781 4161 uenit
810 4102 870 4158 etc.
897 4116 956 4158 nec
982 4093 1129 4160 denarios
1155 4095 1202 4160 ibi

131 4271 138 4302 ¹
154 4277 196 4336 qai
206 4282 326 4324 semrom
332 4282 432 4338 partem
442 4275 622 4339 0111000011.
708 4275 748 4308 Η
763 4276 803 4324 ito
814 4276 881 4338 thd
895 4276 947 4338 ipse
964 4275 1092 4325 Jolraaaer
1106 4283 1202 4338 postea,

130 4337 473 4399 ²am.1od;13.m.ad.
676 4341 707 4390 B.

130 4404 140 4434 ²
154 4408 360 4468 Emenpurdam.
373 4407 404 4455 A.
709 4406 718 4438 ⁵
734 4405 765 4455 Α.
777 4420 812 4454 m.
826 4404 895 4464 10d;
914 4405 943 4454 B.
956 4419 991 4454 m.
1004 4405 1028 4454 4.
