3167 5075
333 416 450 465 comm
472 414 570 475 6666,
592 412 656 462 nn.
681 398 841 473 1235-6,
863 411 926 461 nn
950 397 1000 460 20.
1155 394 1219 463 1⁸⁷

136 594 165 651 et
177 585 255 652 unde
268 595 458 673 preceptum
476 585 541 652 fuit
559 585 744 651 uioecomiti
763 584 850 672 qnod
870 592 1091 651 summoueret
1111 583 1220 671 ipsum

135 690 298 756 Robertum
312 694 314 699 ’
328 690 415 778 quod
444 698 529 757 esset
554 698 742 756 ostensurus
767 689 847 777 quid
872 690 991 755 elamat
1015 689 1051 755 in
1075 688 1223 775 predicte

135 802 210 859 terro
222 802 254 860 et
267 803 379 860 utrum
393 794 484 860 illam
499 802 612 860 teneat
625 794 660 859 in
676 793 770 860 feodo
785 794 840 860 uel
855 794 896 859 ed
911 794 1038 859 firmem
1057 794 1112 859 nel
1132 794 1221 881 quali

135 897 218 963 modo
240 907 273 964 et
296 898 384 985 quod
406 922 515 964 secum
537 898 677 966 deferret
699 898 905 965 munimenta
927 921 987 964 ene
1008 899 1037 963 si
1061 898 1222 985 quoinde

134 999 277 1069 hebuerit
323 1001 446 1067 Eodem
472 1002 567 1067 modo
592 1000 633 1067 (16
656 1009 743 1067 terre.
764 1000 806 1067 de
828 1000 978 1088 homagio
999 999 1160 1067 Johnnnio
1181 999 1222 1070 de

133 1101 304 1169 Getesdenn
317 1104 358 1169 de
373 1112 461 1169 tene,
474 1103 515 1169 de
531 1103 703 1170 Briohulln

187 1206 228 1271 Et
241 1208 403 1273 Robertus
418 1207 511 1272 uenit
525 1216 560 1273 et
575 1206 757 1293 dicitquod
776 1213 870 1273 tenet
891 1214 1012 1272 terrem
1034 1207 1075 1273 de
1096 1206 1222 1273 Turne·

131 1308 197 1375 hem
211 1318 244 1376 et
258 1332 370 1376 omnes
383 1310 464 1375 elias
478 1318 581 1375 terreo
595 1310 636 1375 (16
655 1310 842 1375 Tumeham
861 1332 920 1397 per
938 1318 1043 1375 oertoe
1063 1319 1099 1376 et
1118 1310 1221 1398 ipsine

131 1411 241 1479 Thomo
255 1421 290 1479 et
305 1412 439 1479 Manilio
454 1420 489 1478 et
508 1434 568 1499 per
586 1414 823 1501 oyrogmphum
845 1411 881 1477 in
902 1412 992 1479 curin
1012 1413 1106 1479 Dom.
1121 1414 1223 1500 Regio

130 1515 300 1582 confectum
328 1514 370 1581 (16
398 1515 544 1581 semioiis
572 1523 608 1581 et
637 1514 926 1581 consuetudinibus
953 1523 990 1581 et
1017 1517 1105 1581 unde
1121 1512 1222 1582 ¹idem

130 1618 280 1685 Robertue
310 1627 445 1706 questus
474 1620 539 1685 fnit
568 1619 655 1707 quod
689 1619 828 1706 predicti
856 1620 997 1687 Thomoe
1024 1629 1060 1687 et
1087 1621 1225 1687 Manilia

129 1722 238 1789 iniuste
263 1724 440 1812 exigebant
465 1724 507 1789 ab
530 1746 568 1789 eo
589 1723 631 1790 de
656 1731 846 1791 tenemento
870 1723 958 1812 quod
980 1724 1021 1790 de
1045 1725 1093 1791 eie
1114 1724 1224 1791 tenuit

129 1826 160 1891 in
172 1827 353 1895 iunonem
369 1850 564 1914 perannum
579 1850 636 1893 nex
651 1827 799 1893 denarios
810 1836 845 1893 et
859 1850 963 1893 unum
978 1850 1037 1914 par
1050 1827 1223 1894 66166ιὶ666

128 1931 347 1999 deauratorum
369 1940 406 1997 et
426 1931 513 2017 quod
534 1930 709 1998 seminium
728 1931 799 2018 ipso
817 1954 884 1997 non
903 1932 1079 2019 cognouit¹,
1099 1932 1223 1999 ooilioet

128 2034 206 2120 qnod
218 2035 360 2101 Thomas
375 2041 410 2099 et
422 2032 557 2099 Mobilie
570 2032 775 2120 recognouit¹
790 2040 894 2099 totum
908 2033 1088 2120 predictam
1102 2042 1221 2100 terrem

127 2162 194 2205 eum
215 2150 297 2228 pert
322 2162 393 2205 6666
416 2139 467 2205 ine
492 2137 595 2225 ipsius
620 2137 756 2203 Roberti
781 2135 817 2203 in
842 2137 992 2203 omnibus
1016 2137 1113 2203 rebus
1137 2137 1223 2203 siout

126 2242 201 2311 iilud
221 2243 309 2332 quod
330 2243 418 2309 idem
440 2242 603 2309 Robertus
624 2240 741 2307 habuit
766 2242 807 2307 de
830 2240 915 2307 dono
938 2241 1082 2328 ipsorum
1104 2248 1140 2308 ot
1164 2262 1224 2328 por

126 2356 239 2415 urum
260 2350 406 2436 ipsorum
428 2345 615 2414 habendum
635 2354 671 2413 et
690 2346 869 2413 tenendum
886 2370 947 2434 per
959 2346 1143 2434 predictum
1156 2367 1222 2411 oer-

126 2451 240 2519 uioium
255 2452 343 2543 eto!

184 2558 235 2624 De
249 2557 396 2624 manerio
410 2556 452 2623 de
468 2557 674 2625 Cetteshulle
687 2555 767 2623 dicit
782 2556 873 2623 etde
888 2563 1006 2642 quarta
1023 2562 1117 2642 porte
1137 2553 1224 2621 feodi

121 2659 144 2744 j.
162 2662 276 2728 militie
298 2661 335 2727 in
356 2660 540 2727 Artindonn
561 2661 649 2747 quod
672 2661 773 2728 hebet
793 2661 884 2727 illem
906 2661 949 2727 de
970 2660 1055 2726 dono
1080 2660 1223 2748 ipoomm

125 2763 239 2832 Thome
255 2774 293 2832 et
307 2765 442 2832 Mobilie
457 2773 492 2832 et
505 2787 565 2852 per
583 2773 688 2831 cartes
709 2765 853 2852 ipsorum
875 2787 956 2850 qnae
975 2765 1096 2851 profert
1109 2772 1145 2830 et
1159 2786 1223 2852 que

124 2864 237 2934 donum
259 2867 345 2934 illud
367 2866 1137 2954 166166166666616116166666116166(ὴὶΙῶ
1151 2889 1223 2954 por-

125 2967 253 3054 quiniuit
267 2971 370 3036 breue
387 2970 429 3036 de
443 2971 602 3036 warentia
620 2978 708 3036 curte
728 2992 842 3036 uersus
863 2992 918 3036 eoo
937 2970 980 3036 (16
1001 2970 1114 3036 eodem
1137 2979 1225 3036 terro

124 3091 222 3137 eorem
236 3073 383 3138 Roberto
398 3072 440 3138 de
454 3072 637 3138 Lexintonn
647 3080 682 3138 et
693 3072 786 3138 sooiie
800 3072 869 3138 suis
882 3073 1069 3139 iusticieriie
1079 3073 1115 3138 in
1125 3073 1223 3140 eomi-

124 3179 190 3240 utu
205 3175 395 3242 Hertfordie
410 3185 461 3240 eet
478 3175 713 3263 cyrographum
733 3176 853 3242 hebere
874 3199 940 3241 non
961 3177 1071 3263 potuit
1091 3185 1224 3265 propter
1360 3181 1367 3194 '

123 3276 391 3364 impedimentum
421 3279 580 3344 Hemonis
609 3279 650 3344 de
681 3279 826 3344 Gettone
852 3280 914 3345 fih'i
949 3281 1052 3367 ipsius
1080 3280 1222 3358 Mobilie,

122 3388 168 3448 set
181 3391 271 3450 enta
284 3382 344 3448 illa
354 3382 533 3448 inrotulota
543 3383 608 3448 fuit
618 3405 724 3448 coram
739 3382 861 3448 eisdem
875 3383 1060 3449 iustioimiis
1073 3392 1222 3471 presente

123 3484 229 3552 eodem
248 3485 389 3552 Manilia
410 3485 507 3551 simul
529 3508 603 3551 oum
626 3486 697 3573 ipso
719 3485 847 3553 Thomo
868 3487 940 3553 uiro
962 3509 1021 3553 suo
1044 3495 1079 3555 et
1101 3487 1222 3553 donum

123 3587 198 3656 illud
211 3597 428 3680 eognosoento
443 3598 478 3656 ot
492 3597 614 3656 curtem
629 3589 727 3656 illam.

181 3693 302 3760 Postea
314 3715 422 3759 corum
437 3693 529 3762 Dom.
546 3693 636 3781 Rege
654 3692 743 3780 apud
758 3693 965 3760 Windeooree
985 3694 1222 3760 consideratum

123 3796 268 3884 estquod
283 3797 448 3862 Robertus
462 3795 550 3862 idem
565 3804 678 3862 teneat
697 3795 877 3883 predictam
896 3805 1016 3862 terrem
1037 3797 1079 3863 de
1101 3798 1223 3864 Turne·

123 3897 194 3964 hom
207 3901 244 3965 in
258 3923 341 3987 pace
355 3899 457 3965 donec
472 3923 531 3987 per
544 3922 714 3966 commune
730 3899 899 3966 eonsilium
918 3901 1011 3989 regni
1031 3901 1127 3966 aliter
1147 3901 1224 3968 inde

123 4003 163 4067 rit
174 4005 352 4092 prouisum.
396 4004 448 4070 De
463 4011 550 4071 terre.
564 4025 642 4071 uero
656 4004 697 4069 (16
716 4003 922 4070 Oetteehulle
937 4013 971 4070 et
986 4003 1027 4070 de
1041 4004 1225 4071 Artindone

124 4129 182 4195 que
196 4132 261 4176 non
276 4117 329 4176 eet
340 4110 576 4197 cyrographetn
586 4110 621 4176 in
632 4111 723 4176 ouria
733 4111 827 4177 Dom.
839 4110 1122 4199 Regie‚perquirnt
1137 4112 1225 4177 diota

124 4212 254 4282 Mnbilin
275 4237 391 4282 uersus
412 4237 488 4281 eum
510 4238 570 4303 per
590 4215 689 4282 breue
712 4216 805 4282 Dom
821 4216 922 4304 Regio
940 4215 969 4282 ei
986 4217 1128 4283 uoluerit
1146 4217 1224 4304 quia

152 4383 246 4438 ¹nm
266 4387 362 4451 begins
383 4387 428 4440 the
452 4387 592 4442 subteneo
618 4389 649 4439 oi
729 4387 809 4440 ’Sin

124 4449 342 4518 neunognpn.
