3167 5075
367 359 433 422 524
585 366 830 434 6166166666,
850 370 917 420 nn.
941 357 1035 432 1225,
1055 369 1119 420 nn
1142 357 1259 422 9-10.

367 544 465 609 datus
490 552 541 608 est
566 543 945 624 6166116666661661
969 539 1095 609 armati
1138 539 1201 608 Pro
1225 551 1365 630 tempore
1387 541 1447 630 legis

367 647 514 715 duellum
529 671 717 734 percussum
730 649 796 714 fuit
811 657 884 735 post
899 647 1098 734 quindenam
1114 647 1289 725 Pasche,et
1300 647 1447 712 Gauffidn
1527 649 1528 656 '

367 753 476 819 uictus
495 762 545 819 est
566 753 693 819 611166
713 754 894 820 Gilibertus
915 754 950 818 in
972 751 1197 828 misericordia,
1219 760 1255 817 et
1276 751 1333 816 fiat
1353 773 1447 816 escam·

368 857 459 922 bium
475 856 616 922 Redulfo
630 866 691 922 etc
707 856 750 921 ed
764 857 945 923 selenciam
961 864 1025 922 etc.

366 995 370 1000 ⁷
433 961 613 1026 'Robertus
626 960 668 1026 de
684 961 866 1028 Buterwico
885 961 972 1048 petit
992 982 1106 1026 uersus
1124 958 1290 1047 Regerurn
1311 959 1445 1024 Abbaten

367 1063 410 1130 de
425 1064 560 1151 Witeby
573 1073 706 1130 centum
728 1088 819 1132 acras
840 1074 925 1131 terre
947 1087 1022 1130 cum
1043 1073 1125 1150 pert
1145 1064 1182 1130 in
1203 1063 1339 1129 Hekene
1358 1071 1393 1127 ut
1408 1063 1446 1126 ius

367 1189 464 1232 suum
479 1189 538 1254 per
551 1168 652 1233 breue
666 1169 707 1232 de
721 1177 819 1235 recto.

434 1271 478 1336 Et
492 1270 606 1335 Abbes
619 1270 712 1336 uenit
727 1280 762 1336 61
777 1271 859 1336 11611
874 1268 961 1357 quod
981 1269 1082 1335 habet
1102 1269 1273 1336 libertates
1292 1291 1348 1355 per
1366 1276 1446 1333 cnm

368 1382 607 1438 antecessorum
623 1374 717 1439 Dom.
734 1373 850 1461 Regis*
865 1373 951 1460 quod
971 1373 1108 1460 placitet
1121 1372 1164 1437 ed
1178 1371 1321 1436 hostium
1341 1369 1446 1436 ecclesie

369 1477 410 1543 de
428 1476 572 1563 Wyteby
593 1486 627 1541 61
648 1476 733 1561 quod
755 1477 866 1542 omnia
886 1476 1008 1563 placita
1028 1475 1070 1540 de
1091 1475 1243 1540 omnibus
1265 1475 1381 1540 tenuris
1399 1473 1449 1538 suis

369 1579 418 1644 ibi
431 1587 616 1657 teneantur,
626 1588 661 1643 et
672 1580 732 1643 hac
742 1580 896 1644 libertate
912 1601 1040 1666 semper
1050 1601 1128 1645 usus
1143 1588 1202 1657 est,
1217 1579 1447 1666 1166661161-

368 1681 461 1747 ciarii
482 1681 591 1768 sepius
612 1690 774 1746 uenerunt
787 1680 877 1766 apud
892 1681 1035 1768 Wyteby
1049 1704 1107 1768 pro
1126 1681 1257 1768 placitis
1271 1681 1413 1756 tenendis
1423 1690 1449 1743 et
1529 1765 1530 1778 χ

369 1787 455 1872 petit
469 1787 655 1852 libertatem
671 1809 773 1850 suam.
811 1787 855 1851 Et
866 1786 956 1851 curia
970 1787 1030 1851 hoc
1044 1785 1132 1852 idem
1147 1787 1339 1864 recordatur,
1352 1784 1450 1851 611166

370 1893 532 1957 Robertus
546 1892 659 1958 redeat
672 1891 715 1957 ed
730 1891 852 1956 curiam
868 1890 908 1956 de
924 1890 1059 1977 Witeby
1073 1899 1133 1957 616.

236 1999 331 2070 1677.
434 1995 559 2062 'Alicia
586 2017 651 2081 que
679 1995 745 2059 fuit
774 2016 856 2059 uxor
883 1994 1044 2059 Jchennis
1078 1993 1120 2060 de
1149 1995 1361 2061 Hersendona
1385 1993 1451 2081 petit

248 2103 316 2145 Μ
369 2123 484 2165 nereus
505 2099 685 2165 Hemicum
705 2098 746 2163 16
767 2097 953 2184 Braybroke
976 2097 1110 2162 terciam
1131 2106 1261 2182 partem
1281 2095 1452 2163 maneriide

209 2216 304 2257 nasa.
371 2202 584 2269 Horsendona
594 2210 633 2267 61
644 2202 757 2266 dotem
769 2199 970 2279 ademunde
981 2198 1146 2285 predictus
1159 2200 1183 2264 J
1184 2199 1328 2266 ohannes
1341 2199 1455 2266 eandem

369 2309 446 2376 inde
461 2307 591 2374 dotauit
605 2315 666 2373 616
1530 2291 1531 2310 ³

368 2450 372 2463 ι
437 2413 481 2478 Ε1
506 2413 669 2478 Heni-icus
697 2411 792 2478 uenit
822 2420 857 2478 et
886 2411 1034 2478 defendit
1062 2409 1149 2498 quod
1177 2434 1242 2476 non
1272 2412 1369 2478 debet
1393 2411 1453 2476 inde

369 2517 481 2583 dotem
496 2517 624 2594 habere,
639 2516 717 2603 quia
730 2515 895 2603 predictus
915 2515 1083 2582 dohannes
1097 2514 1215 2581 habuit
1230 2538 1330 2582 unam
1343 2512 1454 2582 uxerem

369 2621 595 2707 Emeburgnm
615 2622 831 2708 nomineque
851 2622 937 2687 uixit
951 2644 1027 2687 cum
1042 2644 1080 2685 66
1096 2620 1181 2686 sicut
1195 2643 1272 2685 cum
1286 2622 1355 2686 uiro
1368 2642 1419 2686 suc
1429 2628 1457 2683 et

369 2726 406 2791 in
421 2725 582 2789 Hibernia
595 2732 631 2790 et
644 2724 681 2789 in
700 2724 824 2811 Anglia
843 2745 902 2810 per
919 2746 993 2789 xxv.
1007 2746 1109 2788 annos
1128 2732 1163 2789 et
1178 2746 1217 2788 eo
1231 2724 1377 2809 amplius,
1389 2722 1456 2788 etin

371 2830 444 2894 6116
467 2829 571 2914 ipsius
599 2829 790 2916 Emeburge
819 2828 912 2893 dedit
940 2828 1010 2915 ipse
1033 2828 1202 2894 «Iohannes
1228 2836 1333 2894 totam
1358 2837 1456 2893 terram

370 2926 462 2994 illam
489 2927 633 2992 Roberto
657 2926 699 2991 de
729 2926 892 3013 Breybroc
919 2926 1009 3013 petri
1033 2949 1101 3004 suo,
1125 2927 1175 2992 ita
1199 2928 1287 3014 quod
1311 2946 1456 3012 nunquam
1531 2930 1532 2991 ³

370 3040 444 3117 post
464 3043 603 3096 mortem
626 3031 815 3118 Emeburge
837 3038 958 3097 terram
978 3030 1096 3096 habuit
1115 3031 1202 3097 unde
1217 3030 1323 3117 ipsam
1337 3030 1455 3097 Alicim

370 3135 483 3201 dotare
496 3145 615 3221 posset,
630 3140 665 3200 61
680 3136 742 3201 hoc
755 3136 851 3201 offert
865 3144 926 3201 etc.

370 3284 373 3290 ·
435 3239 481 3306 Et
495 3240 602 3305 Aricia
615 3240 696 3305 dicit
710 3240 798 3327 quod
812 3240 872 3305 hoc
886 3240 1009 3305 iniuste
1024 3239 1104 3305 dicit
1115 3240 1193 3326 quie
1207 3240 1394 3327 Erneburge
1405 3257 1456 3323 que

370 3366 405 3409 se
427 3343 523 3409 fecit⁴
542 3367 675 3411 uxorem
697 3345 859 3411 Johannis
880 3366 945 3410 non
966 3345 1031 3410 fuit
1052 3367 1134 3409 uxor
1152 3344 1231 3422 eius,
1254 3352 1290 3411 et
1312 3344 1370 3410 hoc
1390 3343 1458 3407 bene

371 3456 465 3534 patet
486 3447 564 3533 quia
582 3448 654 3534 ipse
673 3448 781 3512 Alicia
801 3448 902 3533 peciit
923 3449 1031 3535 ipsum
1053 3447 1238 3513 Johannem
1258 3448 1295 3513 in
1316 3448 1413 3513 uirum
1430 3442 1458 3507 in

371 3549 462 3614 curia
475 3549 700 3630 cristianitatis
720 3550 808 3636 apud
824 3552 857 3616 S.
871 3550 1011 3615 Paulum
1032 3550 1208 3628 Londonie‚
1223 3558 1258 3615 et
1273 3550 1320 3615 ibi
1333 3572 1399 3615 eam
1411 3566 1459 3633 per

371 3654 571 3720 sentenciam
593 3654 825 3720 disracionauit
846 3663 881 3721 et
902 3655 939 3719 in
959 3654 1127 3742 presencia
1148 3654 1337 3742 Erneburgc
1358 3652 1458 3718 61166

371 3758 468 3823 offert
482 3766 543 3824 etc.

438 3861 483 3926 Et
512 3860 675 3926 Henricus
709 3859 791 3927 dicit
820 3860 907 3948 quod
936 3861 1127 3947 Erneburga
1155 3883 1284 3948 semper
1309 3859 1369 3925 fuit
1393 3877 1454 3922 cum

372 3963 487 4029 eodem
505 3963 659 4029 Johanne
679 3971 720 4029 61
744 3986 821 4029 cum
843 3964 915 4029 uiro
938 3985 997 4029 suo
1021 3971 1057 4028 et
1082 3962 1165 4029 obiit
1190 3972 1231 4028 ut
1255 3985 1334 4028 uxor
1353 3981 1405 4025 sua
1424 3964 1451 4019 et

373 4088 539 4152 nunquam
553 4066 588 4131 in
603 4066 748 4133 6116666
761 4068 872 4154 alique
885 4066 1011 4132 mencio
1026 4066 1090 4131 fuit
1104 4065 1145 4131 de
1160 4065 1233 4153 ipss
1245 4064 1353 4131 Alicia

404 4243 722 4305 1A.m.1s;13.m.15.
980 4241 992 4276 ⁸
1008 4240 1147 4301 Α.16.20;
1163 4240 1240 4293 B.nr.
1256 4242 1294 4292 11.

372 4309 554 4425 υἷι-(11661616
571 4308 734 4360 1611611661.
755 4308 806 4362 rol.
827 4310 851 4368 1,
870 4322 896 4373 p.
981 4308 992 4341 ⁴
1002 4310 1079 4371 secie,
1090 4306 1121 4369 A,
1135 4306 1165 4357 B.
