3167 5075
506 430 575 480 al).
601 413 694 493 1227,
716 430 780 480 AB.
804 418 855 480 12.
1174 417 1240 484 697

131 603 260 668 cuidam
283 604 410 690 Rogero
431 603 538 670 Fabro
557 611 783 669 tenementum
803 604 894 669 istud
914 604 1001 670 unde
1020 606 1112 670 uisus
1135 607 1389 702 1101118ιξῐθςκψιιιωοιὲι

133 707 195 771 suit
224 707 404 772 tenendum
433 706 469 771 in
498 707 570 772 uita
598 731 657 773 sua
685 716 825 775 tantum
884 709 1002 774 Postea
1028 710 1123 776 uenit
1152 710 1239 775 idem
1252 710 1395 796 ffifflumss

133 811 296 876 Walterus
319 819 353 876 et
373 811 465 875 dedit
487 811 593 877 eidem
615 813 801 878 Alexandro
823 822 1049 880 tenementum
1071 815 1162 880 istud
1183 838 1240 901 pro
1252 803 1406 890 ffiffi',

133 917 283 1003 homagio
298 925 332 982 et
347 917 484 982 seruicio
499 940 557 982 suo
573 927 607 982 et
622 918 811 1004 homagium
831 942 928 984 suum
948 919 1024 984 inde
1039 919 1135 1005 cepit,
1150 921 1240 986 saluo
1253 897 1382 987 iiiiii&

132 1021 259 1107 Rogero
278 1021 420 1088 ,termino
442 1043 509 1098 suo,
531 1029 566 1084 et
588 1030 661 1106 post
687 1020 865 1085 terminum
888 1021 990 1108 ipsius
1012 1022 1132 1109 Rogeri
1152 1022 1238 1088 idem
1253 992 1400 1121 iffi&-

132 1123 317 1188 Alexander
342 1123 460 1189 habere
487 1124 620 1189 deberet
650 1132 875 1190 tenementum
904 1126 986 1190 illud
1016 1127 1051 1190 in
1079 1126 1391 1223 dominicoflffiffi,

131 1226 214 1292 sicut
230 1227 317 1292 idem
333 1227 498 1292 Walterus
516 1227 634 1292 habere
655 1228 798 1305 deberet,
819 1228 868 1294 ita
886 1229 973 1314 quod
992 1229 1028 1294 in
1047 1230 1119 1296 uita
1138 1230 1240 1315 ipsius
1252 1222 1395 1309 {mm

132 1331 250 1419 Rogeri
265 1331 353 1417 cepit
367 1332 454 1396 idem
469 1331 655 1396 Alexander
669 1331 843 1397 seruicium
861 1333 965 1420 ipsius
984 1335 1104 1420 Rogeri
1120 1335 1238 1421 [quise
1252 1317 1393 1436 t‘llffl

76 1445 84 1468 '
131 1437 311 1500 attornauit
326 1436 473 1522 predicto
488 1435 701 1520 Alexandm‘]
718 1459 777 1521 per
791 1436 872 1501 duos
883 1459 983 1501 annos
998 1437 1063 1502 scil.
1078 1437 1141 1523 xxj.
1157 1438 1239 1514 den,
1252 1412 1288 1449 Μ
1297 1408 1379 1450 Μ’

130 1549 163 1604 et
176 1540 333 1604 defuncto
348 1540 418 1626 ipso
433 1541 568 1626 Regem,
583 1541 677 1605 uenit
692 1540 761 1626 ipse
776 1541 962 1606 Alexander
982 1549 1017 1606 et
1030 1543 1140 1628 posuit
1155 1563 1189 1606 se
1203 1541 1239 1605 in

130 1645 281 1709 saisinam
297 1653 332 1710 et
347 1645 435 1731 cepit
449 1645 526 1710 inde
547 1645 679 1731 expleta
699 1653 733 1708 et
748 1644 813 1708 fuit
827 1643 862 1707 in
877 1645 975 1730 plena
989 1645 1107 1710 saisina
1121 1668 1239 1731 quous-

129 1771 190 1834 que
214 1749 382 1814 Walterus
404 1749 435 1814 le
456 1748 605 1836 Daneys³
628 1757 687 1814 etc
711 1771 786 1813 eum
809 1747 930 1814 iniuste
953 1756 1014 1814 ete
1058 1751 1103 1814 Et
1124 1749 1239 1814 dicunt

128 1853 251 1937 precise
281 1851 368 1938 quod
390 1852 548 1917 iuratores
569 1852 672 1938 prime
695 1851 793 1916 assise
817 1851 933 1915 falsum
963 1851 1110 1916 fecerunt
1135 1875 1239 1917 sacra-

128 1963 286 2020 mentum.
334 1956 378 2019 Et
390 1955 463 2020 ideo
472 1955 709 2020 consideratum
720 1963 770 2019 est
782 1954 868 2040 quod
879 1954 1044 2039 predictus
1054 1955 1239 2020 Alexander

128 2060 334 2145 recuperauit
350 2060 500 2124 seisinam
513 2081 605 2124 suam
617 2068 651 2124 et
663 2081 774 2124 omnes
783 2059 881 2146 primi
890 2059 1048 2123 iuratores
1058 2059 1238 2145 capiantur,
1293 2105 1298 2111 -

128 2161 252 2226 scilicet
267 2162 350 2226 tales
365 2169 426 2227 etc.

37 2277 93 2341 941,
191 2264 334 2330 ‘Eadem
348 2265 448 2329 assisa
468 2264 561 2338 uenit
580 2265 786 2351 recognitum
810 2266 838 2330 si
856 2266 1003 2352 Rogerus
1027 2266 1067 2331 de
1087 2265 1237 2331 Michaut

128 2375 185 2432 ete
217 2368 341 2433 iniuste
371 2375 431 2433 etc.
461 2367 639 2432 disseisiuit
668 2368 870 2433 Willelmum
899 2368 1004 2432 filium
1041 2368 1162 2455 Rogeri
1195 2370 1236 2434 de

128 2473 229 2541 libero
259 2480 449 2539 tenemento
478 2493 537 2537 suo
566 2471 602 2537 in
638 2471 891 2537 Fremmesdona
926 2479 997 2551 etc,
1026 2471 1112 2537 unde
1148 2471 1237 2538 idem

127 2578 313 2642 Willelmus
339 2584 473 2662 questus
499 2574 563 2639 fuit
587 2574 674 2660 quod
698 2575 855 2639 iuratores
880 2574 985 2661 prime
1014 2574 1112 2640 assise
1142 2584 1237 2661 capte

127 2702 234 2745 eoram
257 2678 443 2743 iusticiariis
464 2676 552 2763 apud
572 2676 772 2763 Gipewicum
793 2677 911 2741 falsum
932 2685 991 2743 etc
1037 2678 1104 2757 Qui
1124 2678 1237 2745 dicunt

128 2806 224 2869 super
238 2788 478 2849 saeramentum
492 2802 589 2845 suum
603 2779 690 2865 quod
705 2780 852 2865 Rogerus
862 2789 957 2865 pater
967 2780 1069 2865 ipsius
1079 2781 1237 2847 Willelmi

128 2886 356 2953 terramillam
377 2886 464 2949 unde
486 2884 577 2949 uisus
598 2884 704 2949 factus
725 2883 789 2948 fuit
811 2883 937 2949 dimisit
958 2885 1088 2951 cuidam
1109 2885 1236 2974 Rogero

127 2992 233 3057 Fabro
248 2990 290 3055 ad
304 2989 482 3055 terminum
497 2988 568 3053 uite
583 3010 642 3053 sue
657 2995 797 3053 tantum.
843 2988 961 3052 Postea
980 2988 1068 3053 idem
1089 2989 1236 3077 Rogerus

126 3104 220 3181 pater
234 3093 374 3181 predicti
389 3092 546 3158 Willelmi
561 3091 804 3177 crucesignatus
826 3092 983 3177 proticisci
997 3093 1104 3157 uoluit
1124 3117 1236 3160 uersus

127 3200 260 3265 Terram
272 3198 430 3263 Sanctam
447 3204 481 3261 et
499 3195 691 3260 conuocauit
705 3195 830 3259 uicinos
849 3218 924 3260 suos
938 3196 1058 3261 multos
1073 3205 1108 3260 et
1126 3198 1234 3283 ipsum

126 3304 292 3390 Rogerum
314 3302 442 3367 fabrum
464 3323 561 3365 suum
579 3298 737 3375 similiter,
752 3307 786 3364 et
810 3298 893 3364 dixit
914 3299 945 3363 ei
966 3308 1004 3365 ut
1026 3300 1236 3367 confiteretur

125 3430 231 3472 eoram
247 3405 364 3471 uicinis
382 3404 451 3470 suis
468 3404 496 3469 si
515 3403 646 3490 aliquod
665 3403 717 3467 ius
737 3403 854 3468 habuit
873 3403 909 3467 in
931 3411 1018 3468 terra
1038 3404 1096 3468 illa
1116 3405 1180 3470 nisi
1198 3406 1235 3471 in

126 3512 196 3576 uita
226 3532 288 3575 sua
315 3517 456 3585 tantum,
486 3517 521 3574 et
543 3508 613 3594 ipse
637 3530 743 3572 coram
768 3506 815 3572 eis
840 3507 993 3594 cognouit
1019 3508 1106 3593 quod
1133 3509 1234 3575 nichil

124 3614 242 3680 habuit
264 3614 300 3678 in
322 3621 409 3678 terra
430 3613 488 3678 illa
508 3612 571 3677 nisi
592 3612 628 3676 in
649 3611 721 3676 uita
743 3634 803 3675 sua
823 3619 962 3677 tantum.
1005 3612 1099 3676 Idem
1121 3622 1233 3678 autem

124 3718 273 3804 Rogerus
309 3723 403 3803 pater
439 3714 534 3779 istius
563 3713 721 3778 Willelmi
751 3714 914 3799 profectus
950 3722 1001 3778 est
1036 3714 1069 3778 in
1101 3715 1233 3781 Terram
1324 3734 1329 3741 ·

125 3820 282 3886 Sanctam
312 3828 347 3884 et
376 3818 433 3883 ibi'
452 3818 544 3883 obiit.
601 3818 748 3905 Rogerus
777 3825 889 3883 autem
919 3818 1026 3883 Faber
1053 3818 1111 3906 qui
1139 3820 1230 3886 illam

125 3932 245 3989 terram
261 3922 369 3988 tenuit
384 3921 426 3987 ad
442 3921 618 3987 terminum
638 3920 709 3985 uite
729 3942 786 3985 sue
809 3928 941 3986 tantum
962 3921 1027 3987 cito
1046 3929 1119 4009 post
1141 3922 1231 3989 obiit.

123 4030 202 4095 Post
216 4028 311 4094 cuius
325 4028 453 4094 obitum
468 4026 653 4091 Willelmus
667 4025 755 4089 filius
775 4024 894 4111 Rogeri
915 4032 950 4090 et
964 4025 1058 4090 heres
1071 4026 1181 4113 posuit
1196 4050 1230 4093 se

154 4204 287 4267 1SeeBr.
299 4204 318 4253 f.
330 4202 412 4253 arob.
594 4264 596 4267 Ι
702 4196 1117 4261 interpolationwaswarranted

153 4270 222 4333 ²By
244 4268 290 4318 the
318 4269 466 4317 motator.
500 4264 564 4317 This
591 4278 652 4315 ease
733 4263 1081 4314 ⁸nhesamsaswanenn
1090 4265 1186 4315 Dacus.

122 4338 193 4383 must
203 4336 272 4384 have
282 4334 346 4383 been
358 4347 393 4383 on
404 4347 455 4382 one
466 4330 494 4382 ol
510 4330 555 4381 the
571 4345 650 4379 mem·
732 4330 744 4363 ⁴
759 4330 812 4380 For
822 4329 915 4380 earlier
925 4329 1092 4395 prooeedings
1107 4345 1149 4381 see
1164 4331 1230 4383 Gaea

122 4400 213 4450 brunes
232 4397 344 4462 missing
359 4398 426 4447 lrorn
439 4396 484 4447 the
498 4396 566 4455 Boll,
580 4410 610 4445 so
629 4396 651 4445 it
702 4394 774 4446 1911.

122 4464 144 4515 is
165 4464 317 4529 impossible
339 4467 367 4513 to
390 4478 437 4526 say
459 4459 574 4512 whether
597 4460 650 4511 this
