3167 5075
367 342 432 405 392
671 353 822 415 nummu,
843 352 907 403 no.
932 339 1025 416 1220,
1047 353 1112 405 nn
1136 341 1164 403 4.

367 524 471 590 menti
493 522 632 611 predicti
653 524 806 610 Hugonis
824 530 860 588 et
875 522 955 587 dicit
977 522 1064 609 quod
1086 524 1150 610 ipsi
1172 546 1237 591 non
1263 523 1442 591 recordantur
1516 552 1517 555 ¹

366 628 459 706 bene,
473 627 550 713 quin
563 626 730 713 predictus
744 627 845 713 Hugo
859 626 941 691 obiit
955 626 1086 691 eeieitue
1097 627 1138 692 de
1148 627 1294 713 predicto
1304 629 1442 715 mesuugio
1517 656 1518 693 u

365 732 415 797 ito
439 731 525 817 quod
550 752 665 816 corpus
690 730 762 796 eius
786 738 954 816 portatum
979 729 1043 795 fuit
1066 730 1108 797 de
1132 731 1228 798 domo
1257 732 1313 798 illn
1336 740 1367 797 et
1390 732 1442 819 ipse
1516 760 1518 799 J

366 859 533 923 nunquam
563 836 645 901 illud
679 834 771 901 dedit
804 833 951 922 predicto
987 834 1135 913 Ricardo,
1166 845 1216 903 eet
1252 860 1361 903 reuera
1390 836 1442 923 ipse
1517 870 1518 899 1

365 938 489 1024 legeuit
503 937 544 1003 de
559 935 654 1002 domo
669 936 726 1003 illc
739 935 845 1002 eidem
861 934 1000 1001 Ricardo
1014 960 1042 1002 x
1056 960 1180 1004 marcas
1195 948 1230 1004 et
1244 939 1442 1025 superplusun

366 1041 490 1129 legeuit
525 1041 595 1127 ipse
630 1040 667 1105 in
702 1039 883 1106 subsidium
915 1040 1012 1106 Terre
1050 1040 1177 1106 Sancte.
1235 1042 1279 1106 Et
1313 1041 1443 1107 Ricardus
1518 1072 1519 1109 1

365 1168 497 1232 presens
511 1146 575 1210 fuit
590 1154 625 1209 et
640 1145 701 1210 hoc
715 1145 803 1211 idem
818 1144 899 1211 dicit
914 1153 985 1223 etc,
996 1152 1031 1210 et
1046 1144 1132 1231 quod
1146 1146 1274 1209 nullum
1289 1146 1441 1231 ingressum
1518 1188 1519 1197 κ

366 1247 483 1312 habuit
508 1246 636 1313 nisiex
662 1247 823 1312 locucione
848 1255 1057 1313 executurum
1086 1247 1278 1312 testamenti
1306 1256 1338 1311 et
1364 1244 1442 1311 nichil
1519 1292 1520 1299 κ

366 1351 443 1416 inde
457 1351 576 1416 clamat
591 1350 655 1415 nisi
670 1348 782 1415 decem
797 1372 927 1417 marcae
1519 1414 1520 1419 ,

433 1457 477 1519 Et
506 1457 583 1541 quia
611 1456 674 1541 ipsi
703 1454 913 1520 recordantur
941 1454 1028 1541 quod
1057 1456 1157 1542 Hugo
1191 1478 1256 1521 non
1285 1454 1362 1520 obiit
1386 1451 1443 1518 inde
1518 1514 1520 1521 i

366 1558 495 1625 scisitus
524 1568 559 1624 et
588 1567 741 1624 executor
769 1566 804 1623 et
834 1558 992 1624 Ricardue
1020 1559 1135 1625 dicunt
1164 1558 1252 1645 quod
1279 1558 1357 1623 obiit
1386 1554 1443 1621 inde
1520 1588 1521 1623 3

365 1661 504 1742 misitne,
528 1661 765 1728 consideratum
791 1670 842 1726 est
868 1660 956 1747 quod
981 1662 1035 1747 xij.
1063 1662 1159 1727 liberi
1184 1670 1244 1727 ete
1270 1661 1310 1727 de
1338 1660 1443 1725 uisnetu

365 1764 406 1829 de
421 1764 569 1830 Norwico
584 1772 851 1829 summoneantur
865 1764 952 1850 quod
966 1764 1032 1829 sint
1047 1772 1107 1830 etc.
1122 1764 1165 1830 cd
1179 1762 1443 1851 recognoscendum

364 1868 393 1933 ei
422 1868 586 1954 predictus
609 1870 709 1956 Hugo
738 1868 820 1934 obiit
849 1866 926 1934 inde
948 1868 1079 1933 scisitue
1105 1890 1167 1933 nec
1191 1892 1242 1947 ne,
1269 1876 1303 1933 et
1326 1866 1354 1933 si
1376 1865 1443 1931 idem

263 2015 266 2024 -
366 1971 525 2037 Ricardus
550 1971 651 2037 elium
676 1972 859 2059 ingressum
885 1972 1002 2039 hebuit
1031 1973 1066 2037 in
1095 1972 1151 2038 illo
1180 1972 1344 2060 mesuagio
1367 1990 1443 2058 quum

362 2097 422 2161 per
437 2083 624 2141 executores
643 2076 836 2141 testamenti
854 2076 993 2163 predicti
1013 2075 1165 2163 Hugonie
1185 2084 1246 2141 etc
1290 2074 1378 2139 Idem
1393 2071 1445 2137 die

363 2187 422 2245 etc.
439 2187 474 2244 et
488 2178 553 2245 duo
568 2187 697 2244 tantum
713 2180 850 2244 ueniunt
865 2202 939 2245 oum
954 2180 1093 2259 recordo,
1108 2179 1214 2246 etalii
1228 2186 1411 2245 remaneant

428 2284 620 2350 ¹Geruasius
643 2285 685 2349 de
706 2285 897 2349 Keuintonc
919 2293 954 2349 et
978 2284 1140 2372 Murgen'a
1162 2307 1245 2350 uxor
1263 2284 1331 2349 eius
1349 2286 1445 2368 petunt

362 2409 476 2452 uersus
500 2388 677 2474 Hugonem
703 2386 890 2452 Wisehcrde
914 2387 971 2473 qui
996 2387 1081 2451 infra
1110 2394 1234 2452 etatem
1259 2395 1310 2453 est
1336 2384 1445 2451 tercium

364 2499 491 2577 purtem
513 2515 564 2558 nn
587 2514 734 2556 cerarum
753 2500 838 2557 terre
866 2498 902 2556 ut
926 2498 985 2557 etc.
1032 2491 1075 2556 Et
1098 2491 1198 2578 Hugo
1221 2490 1314 2556 uenit
1335 2498 1368 2555 et
1385 2484 1446 2553 dicit
1523 2537 1524 2562 2

364 2596 451 2682 quod
472 2605 523 2662 est
544 2597 580 2662 in
601 2597 748 2662 custodie
769 2597 845 2661 talis
868 2605 938 2676 etc,
963 2603 998 2662 et
1024 2595 1098 2662 ideo
1121 2619 1186 2661 non
1208 2603 1317 2682 potest
1338 2595 1399 2660 sine
1417 2611 1446 2654 eo

364 2700 565 2784 respondere,
596 2708 630 2766 et
659 2698 733 2766 ideo
762 2700 834 2787 ipsu
862 2701 1029 2786 perquirat
1058 2723 1092 2766 se
1115 2721 1229 2765 uersus
1251 2693 1446 2764 custodemsi

365 2804 505 2869 uoluerit
520 2812 579 2870 etc
599 2803 605 2891 Ι

429 2905 610 2972 'Johcnnes
636 2905 678 2972 de
703 2905 946 2994 Godingehem⁸
969 2908 1091 2995 optulit
1114 2929 1149 2972 ee
1174 2907 1255 2993 iiij20.
1281 2906 1333 2972 die
1356 2923 1448 2969 uerms

367 3012 556 3077 Hubertum
586 3012 628 3077 de
657 3012 772 3077 Monte
804 3012 948 3078 Cunisio⁴
978 3013 1018 3076 de
1042 3011 1162 3098 placito
1184 3011 1273 3097 quod
1301 3003 1449 3075 tenentei

363 3117 461 3182 finem
476 3118 598 3181 factum
613 3116 648 3181 in
663 3115 754 3182 curie
763 3115 857 3181 Dom.
870 3117 970 3202 Regis
980 3116 1021 3180 Η.
1032 3115 1087 3180 eui
1096 3123 1155 3181 etc
1169 3114 1257 3180 inter
1266 3113 1448 3200 Stephanum

362 3222 403 3286 de
419 3221 532 3286 Monte
549 3220 679 3288 Cenisio
699 3228 828 3305 petrem
846 3219 949 3306 ipsius
967 3219 1111 3284 Huberti
1130 3218 1223 3285 cuius
1243 3219 1336 3284 heres
1354 3223 1406 3282 etc
1422 3217 1449 3275 et
1522 3249 1524 3274 t

362 3323 565 3390 Willelmum
594 3325 635 3389 de
660 3323 889 3410 Godingehcm
913 3330 1041 3408 petrem
1070 3323 1173 3410 ipsius
1195 3321 1353 3389 Johannie
1376 3316 1450 3384 cuius

362 3425 455 3491 heres
477 3434 536 3491 etc
558 3426 599 3490 de
620 3424 756 3491 seruicio
775 3424 833 3509 iiij.
854 3423 997 3489 militum
1020 3447 1094 3489 cum
1116 3433 1197 3511 pert
1218 3425 1254 3489 in
1275 3425 1450 3491 Stnuertonu

362 3553 421 3615 per
445 3529 678 3616 cirographum.
723 3530 768 3594 Et
791 3528 963 3594 Hubertus
992 3551 1058 3594 non
1081 3529 1175 3594 uenit
1199 3537 1270 3607 ete,
1295 3535 1328 3594 et
1351 3521 1449 3592 hebuit

362 3633 450 3698 diem
472 3656 531 3719 per
548 3633 776 3699 essoniatorem
797 3655 893 3699 suum
914 3642 986 3710 etc,
1010 3634 1059 3699 ita
1082 3635 1169 3720 quod
1192 3642 1380 3720 preceptum
1400 3627 1450 3692 fuit

364 3735 549 3802 uicecomiti
563 3736 650 3821 quod
664 3758 729 3800 non
744 3736 912 3801 omitteret
927 3743 1060 3823 propter
1074 3737 1259 3802 libertatem
1275 3732 1407 3801 Abbntis
1418 3731 1450 3794 de

364 3841 396 3906 S.
413 3840 605 3905 Eadmundo
620 3839 700 3925 quin
713 3840 911 3906 attachieret
931 3863 1015 3920 eum,
1039 3850 1074 3907 et
1098 3840 1277 3906 uicecomee
1294 3861 1359 3904 non
1376 3834 1451 3902 misit

363 3945 495 4010 nomina
518 3945 707 4031 plegiorum
753 3947 797 4011 Et
821 3946 894 4010 ideo
920 3945 1006 4011 sicut
1029 3946 1119 4033 prius
1144 3952 1334 4033 preceptum
1360 3950 1406 4007 est
1425 3936 1450 4002 ei

364 4046 450 4131 quod
463 4068 528 4110 non
542 4046 675 4111 omittat
691 4046 770 4133 quin
790 4047 950 4113 attachiet
974 4070 1050 4112 eum
1071 4048 1157 4134 quod
1178 4046 1222 4112 sit
1239 4045 1299 4111 tali
1323 4044 1375 4109 die
1394 4049 1451 4112 etc.

362 4158 397 4214 et
427 4159 631 4214 summoneat
659 4149 798 4216 bulliuoe
828 4151 860 4216 S.
892 4150 1077 4216 Eadmundi
1106 4151 1192 4237 quod
1226 4149 1292 4215 sint
1322 4141 1452 4215 audituri

394 4287 403 4318 ¹
421 4286 451 4334 A.
463 4301 498 4334 m.
510 4287 559 4347 223
577 4288 608 4337 Β.
620 4303 656 4337 m.
670 4290 700 4337 12
709 4289 734 4340 d.
971 4291 982 4322 ³
1000 4291 1181 4352 Gmdinphcm,
1190 4288 1221 4338 Β.

393 4349 405 4382 ²
420 4353 451 4401 Δ.
463 4365 499 4400 m.
512 4353 563 4415 Ὦς
579 4353 610 4403 Β.
622 4368 657 4406 m.
671 4355 709 4403 12.
971 4355 982 4386 ⁴
998 4357 1197 4418 rtlontechawy.
1209 4353 1238 4405 B.
