3167 5075
354 364 418 429 288
561 375 886 439 concasnomen.
911 360 1092 434 1239-40,
1113 374 1176 423 Aa
1200 360 1250 422 24.

350 554 404 639 xij.
430 552 621 618 libratarum
648 560 742 627 terre,
768 558 803 615 et
832 550 915 615 benc
944 548 1109 635 cognoscit
1137 546 1224 633 quod
1254 542 1389 611 reddidit
1412 545 1439 608 ei

351 656 525 721 seruicium
547 653 629 720 illud
651 654 774 719 scilicet
796 650 1015 738 predictorum
1037 650 1242 715 denariorum
1262 671 1320 735 per
1333 646 1440 734 predic·
1534 662 1536 666 ’

350 768 419 825 tam
442 757 696 845 assignacionem
719 755 822 841 ipsius
845 752 1012 830 Willelmi,
1035 761 1070 818 et
1093 752 1177 818 bene
1199 750 1344 817 defendit
1365 748 1439 836 qnod

350 871 472 929 sectam
487 884 546 927 neo
560 860 650 926 aliud
665 860 838 925 seruicium
853 859 885 924 ei
899 858 986 934 fecit,
1001 866 1035 922 et
1049 857 1136 943 petit
1150 856 1307 921 iudicium
1321 855 1348 920 si
1364 854 1440 919 idem

351 968 513 1033 Henricus
527 966 607 1031 alias
622 964 872 1030 consuetudines
886 964 941 1027 uel
956 961 1094 1027 seruicia
1107 970 1219 1048 petere
1238 961 1338 1048 possit
1355 984 1440 1047 quam

350 1072 399 1137 illi
420 1072 477 1159 qui
496 1071 603 1157 ipsum
625 1069 805 1134 Henricum
823 1069 1028 1133 feofauerunt
1049 1067 1236 1131 habuerant
1256 1075 1291 1131 et
1309 1065 1443 1131 similiter
1534 1113 1536 1116 .

351 1176 410 1263 qui
435 1174 606 1241 leolauerit
630 1172 739 1259 ipsum
762 1172 948 1239 Johanncm
971 1171 1000 1237 si
1022 1171 1064 1236 de
1086 1171 1157 1257 ipso
1180 1171 1324 1236 Henrico
1345 1178 1442 1235 tenere
1534 1215 1536 1220 ·

352 1281 507 1346 clamaret
522 1286 582 1344 etc.
621 1277 815 1344 Concordati
829 1285 908 1341 sunt
922 1284 983 1342 etc.
1164 1260 1168 1272 ⁴

418 1384 578 1449 Radulfus
600 1382 641 1447 de
656 1381 845 1447 Berefordia
857 1380 1075 1446 summonitus
1088 1380 1208 1445 suited
1223 1378 1444 1445 ostendendum

353 1508 452 1573 quare
474 1483 684 1570 desponsanit
706 1483 845 1548 Mariam
866 1505 930 1569 que
953 1482 1017 1546 fuit
1031 1504 1113 1547 uxor
1127 1480 1261 1546 Radulfi
1274 1481 1335 1545 filii
1348 1478 1445 1545 Briani
1534 1497 1536 1532 ὲ

353 1613 417 1677 que
439 1589 503 1654 fuit
524 1589 565 1653 de
588 1588 764 1653 donacione
786 1588 880 1653 Dom.
904 1587 1004 1673 Regis
1023 1586 1150 1652 racione
1165 1585 1311 1651 custodie
1326 1593 1404 1650 terre
1417 1594 1445 1648 et
1534 1601 1536 1608 ’

353 1691 482 1758 heredis
504 1691 636 1756 Radulfi
657 1690 718 1755 filii
740 1690 853 1755 Briani
874 1689 944 1785 sinc
966 1689 1102 1754 licencia
1122 1689 1225 1775 ipsius
1247 1688 1340 1755 Doni
1359 1688 1446 1774 Regis
1533 1729 1535 1738 ι

354 1802 414 1861 etc
459 1794 503 1859 Et
532 1792 678 1880 predicta
712 1793 817 1857 Maria
845 1793 959 1857 eodem
996 1794 1091 1858 modo
1127 1794 1327 1859 summonita
1359 1814 1446 1879 quare
1534 1833 1536 1844 ι

354 1897 502 1983 permisit
531 1921 565 1962 se
594 1896 740 1962 maritari
765 1897 911 1983 predicto
939 1896 1080 1961 Radulfo
1105 1898 1175 1962 sine
1200 1897 1336 1963 licencia
1358 1895 1448 1981 ipsius
1534 1941 1535 1948 κ

355 2002 448 2066 Dom.
468 2001 575 2089 Regis
620 2001 664 2065 Iit
685 2000 845 2064 Radulfus
864 2009 899 2065 et
920 1999 1025 2064 Maria
1042 2000 1183 2065 ueniunt
1196 2008 1232 2065 ct
1247 1999 1359 2065 dicunt
1372 1996 1449 2085 qnod
1534 2039 1535 2048 κ

355 2105 455 2169 nichil
470 2114 586 2171 tenent
600 2104 641 2169 de
656 2104 775 2170 honore
790 2104 958 2169 Peuerelle
973 2103 1036 2169 nisi
1050 2103 1086 2168 in
1100 2103 1211 2169 dotem
1226 2104 1328 2190 ipsius
1348 2102 1450 2167 hiarie
1534 2123 1535 2126 ¹

354 2208 474 2273 Postea
496 2208 594 2273 finem
618 2208 765 2272 lecerunt
788 2229 864 2271 cum
887 2207 980 2271 Dom.
1005 2206 1096 2293 Rege
1119 2228 1179 2292 per
1202 2215 1332 2272 tantum
1346 2214 1405 2270 etc.
1419 2212 1451 2268 ct
1534 2257 1535 2260 ,

356 2312 422 2378 nisi
445 2311 645 2377 reddiderint
674 2311 758 2375 infra
787 2311 943 2376 terminos
979 2319 1121 2377 statutos
1156 2311 1338 2378 concedunt
1372 2308 1451 2396 quod
1534 2331 1535 2362 ³

358 2414 535 2481 uicecomes
550 2414 647 2480 faciat
662 2414 809 2479 denarios
823 2414 895 2479 illos
906 2414 947 2479 de
962 2415 1057 2480 terris
1072 2422 1107 2480 et
1120 2416 1247 2481 catallis
1262 2418 1334 2483 etc¹
1534 2461 1535 2468 κ

225 2530 318 2601 1279,
422 2519 562 2585 Thomas
584 2518 626 2584 de
650 2517 845 2606 Plumberge
868 2525 905 2584 et
929 2517 1093 2584 cristiana
1115 2541 1197 2584 uxor
1215 2519 1286 2585 eius
1301 2521 1453 2587 Martinus
1534 2538 1535 2573 l

235 2636 306 2676 Μ
357 2624 444 2689 filius
468 2623 609 2690 Simonis
632 2631 667 2688 et
691 2623 834 2689 Barbota
856 2645 938 2688 uxor
960 2623 1031 2688 eius
1055 2624 1245 2690 summoniti
1268 2627 1398 2690 fuenmt
1416 2625 1452 2691 ad

253 2764 254 2775 κ
358 2727 617 2814 respondendum
643 2725 805 2813 Margarie
831 2727 864 2792 la
888 2726 993 2814 Bigod
1018 2750 1119 2814 quare
1143 2727 1207 2814 ipsi
1232 2730 1453 2795 subtraxerunt

359 2843 480 2898 sectam
503 2831 544 2896 ad
565 2829 771 2896 hundredum
794 2853 891 2896 suum
912 2830 953 2895 de
975 2831 1210 2918 Bardestaplia‚
1231 2840 1267 2898 et
1281 2833 1367 2898 unde
1381 2833 1454 2898 dicit

359 2935 446 3022 quod
465 2934 536 3021 ipsa
555 2933 631 2999 inde
653 2934 715 2998 fuit
735 2935 770 2999 in
790 2934 909 2999 saisina
922 2942 1068 3021 tempore
1083 2934 1177 3001 Dom.
1192 2935 1293 3023 Regis
1306 2938 1363 3023 qui
1376 2958 1454 3002 nunc
1534 2976 1535 3015 3

359 3047 410 3104 est
444 3037 600 3124 capiendo
629 3037 706 3103 inde
735 3038 866 3123 expleta
894 3036 936 3102 ad
965 3037 1147 3104 ualenciam
1175 3062 1204 3105 x.
1234 3041 1289 3105 sol
1315 3040 1399 3106 sicut
1425 3039 1455 3103 in

360 3141 488 3229 placitis
502 3151 537 3207 et
551 3142 624 3206 aliis
639 3149 698 3207 etc.

424 3246 469 3310 Et
480 3245 619 3310 Thomas
633 3243 674 3309 de
689 3243 883 3332 Plumberge
899 3252 933 3310 et
948 3245 1110 3311 Martinus
1124 3247 1265 3312 ueniunt
1275 3256 1311 3314 ct
1321 3247 1455 3334 predicte

361 3349 523 3416 (tristiam
544 3357 578 3412 et
600 3346 743 3412 Barbota
763 3369 823 3433 per
842 3355 1023 3413 attornatos
1044 3371 1119 3414 suos
1141 3349 1280 3415 ueniunt
1303 3361 1337 3416 et
1350 3351 1456 3415 dicunt

360 3453 447 3540 quod
462 3462 548 3518 terra
561 3452 619 3518 illa
632 3451 755 3538 partita
770 3452 833 3515 fnit
847 3451 935 3517 inter
949 3462 1015 3518 tres
1029 3475 1158 3530 sorores,
1173 3454 1305 3533 scilicet,
1328 3454 1456 3521 Christi·

360 3582 465 3638 anam,
488 3557 662 3622 Barbotam
686 3563 720 3622 et
743 3556 963 3622 Clemcnciam
985 3579 1048 3643 que
1071 3566 1201 3622 mortua
1222 3566 1274 3623 cst
1303 3567 1338 3623 et
1365 3559 1457 3623 habet

361 3660 534 3748 quemdam
558 3660 661 3724 filium
686 3659 744 3745 qui
766 3668 817 3724 est
840 3659 925 3724 infra
947 3669 1079 3738 etatem,
1103 3669 1137 3725 et
1152 3659 1255 3746 petit*
1268 3661 1459 3727 iudiciumsi

360 3767 479 3832 debeat
494 3765 563 3830 sine
577 3764 735 3852 participe
750 3786 862 3828 earum
877 3764 1068 3850 respondere
1083 3771 1143 3830 etc

428 3869 471 3934 Et
493 3868 654 3955 Margeria
675 3889 734 3954 per
754 3876 956 3932 attornatum
978 3890 1073 3932 suum
1097 3868 1190 3932 uenit
1216 3876 1252 3933 et
1275 3869 1356 3935 dicit
1380 3867 1460 3956 qnod

362 3981 449 4038 terra
469 3972 527 4036 illa
544 3971 665 4057 partita
680 3970 743 4036 fuit
758 3979 793 4035 et
807 3971 856 4035 ita
870 3971 956 4057 quod
971 3971 1116 4058 quelibet
1134 3971 1278 4058 ipsamm
1293 3973 1459 4059 separatim

363 4076 461 4142 debet
476 4075 637 4160 acepitare
652 4075 746 4140 Dom.
769 4075 854 4160 Regi
876 4083 910 4140 et
932 4075 1078 4162 quelibet
1098 4077 1273 4163 separatim
1296 4078 1389 4164 sequi
1409 4098 1460 4163 pro

363 4203 398 4246 se
413 4188 448 4246 et
463 4181 565 4245 facere
580 4180 644 4245 alia
659 4179 796 4244 seruicia
810 4178 886 4244 etc.⁸
904 4178 909 4266 Ι

1534 4330 1536 4371 ι

396 4323 782 4442 :gp'i'sisl'ithreropotic-e,
795 4325 836 4375 27.
941 4322 1177 4441 Βζῖὴῶῗεῖἰὲκ.
1192 4327 1333 4384 Pmicion,
1346 4328 1387 4377 19.
1420 4326 1463 4376 Sco
