3167 5075
381 369 447 430 480
695 381 834 440 msrnn,
856 380 921 430 sn.
946 367 1039 440 1223,
1061 379 1124 429 nn.
1147 364 1175 431 7.

379 551 468 616 curie
485 551 574 616 idem
592 550 662 616 dies
681 551 778 616 dutus
801 559 851 617 est
872 551 1020 638 pertibus
1039 551 1074 616 in
1089 551 1202 617 eodem
1217 561 1306 618 stetu
1320 575 1451 639 quonum

378 664 438 733 est,
460 657 558 722 etad
578 657 664 722 diem
686 657 780 722 illum
801 657 959 722 allooctur
977 657 1101 722 defulte
1120 657 1243 724 eisdem
1268 657 1412 722 Willelmo
1428 665 1453 720 et

377 759 521 825 Elstride
544 760 573 825 si
597 783 661 846 que
683 760 783 825 fuerit
808 767 867 825 etc.
914 759 958 824 Et
981 759 1149 824 sciendum
1171 759 1260 846 quod
1282 761 1405 824 Thomas
1424 759 1454 822 de

376 864 527 929 Arderne
549 863 650 950 peciit
673 872 793 929 terrum
818 862 957 949 predicti
980 863 1112 928 Ricardi
1135 886 1194 950 per
1216 865 1374 950 pleuinem
1393 863 1457 928 inin

376 965 584 1051 quindenam,
601 965 673 1031 etc¹

442 1069 636 1156 Preceptum
651 1068 716 1134 fuit
736 1069 921 1134 uicecomiti
941 1069 1028 1155 quod
1049 1091 1155 1134 eoram
1176 1093 1214 1134 eo
1234 1070 1344 1136 uenire
1364 1071 1462 1134 issent

378 1173 536 1238 iuratores
549 1173 648 1238 sssise
662 1195 747 1237 noue
761 1171 929 1238 disseisine
946 1195 1010 1258 qne
1032 1173 1233 1239 summonits
1252 1182 1287 1239 et
1308 1183 1399 1260 ospts
1414 1173 1465 1238 fuit

377 1302 484 1344 eorem
520 1277 706 1343 iusticiuriis
738 1275 856 1341 ultimo
884 1275 1116 1342 itinerantibus
1145 1278 1233 1363 apud
1264 1279 1296 1344 S
1323 1278 1468 1343 Albanum

377 1382 466 1448 inter
486 1380 665 1446 Henrioum
685 1381 727 1445 de
750 1379 928 1466 Hestinges
950 1387 985 1445 et
1006 1379 1183 1446 Radulfinn
1205 1381 1247 1446 de
1268 1381 1470 1448 Gublieotset

378 1486 559 1552 Gelfn'dum
574 1487 615 1550 de
630 1486 894 1551 Pichelesthornu
908 1486 949 1551 de
965 1493 1153 1551 tenemento
1164 1487 1199 1550 in
1211 1486 1318 1552 Perua
1328 1487 1473 1552 Trenehes

376 1599 412 1656 et
426 1613 485 1676 per
499 1613 609 1655 eorum
624 1599 864 1655 sacramentum
884 1590 1060 1677 diligenter
1078 1591 1258 1678 inquireret
1277 1591 1307 1656 si
1327 1599 1392 1656 tres
1412 1613 1472 1655 scre

376 1703 463 1760 terre
482 1703 517 1760 et
536 1694 613 1760 dim.
635 1693 804 1759 incudem
826 1693 905 1759 uilla
925 1694 1012 1760 unde
1035 1695 1202 1761 contencio
1222 1696 1287 1760 fuit
1302 1695 1390 1762 inter
1401 1695 1474 1782 ipsos

378 1797 570 1864 Guufiidum
586 1797 764 1862 Redulfum
778 1806 815 1863 et
830 1798 1010 1864 Henricum
1024 1799 1092 1865 sint
1105 1799 1147 1865 de
1162 1808 1353 1866 tenemento
1371 1801 1422 1866 uel
1439 1801 1472 1864 de

376 1902 585 1990 pertinenciis
599 1902 688 1967 illius
701 1902 884 1968 tenementi
898 1902 986 1989 quod
1000 1902 1088 1968 idem
1104 1903 1267 1970 Henricus
1282 1904 1473 1991 recuperauit

376 2029 436 2093 per
448 2006 581 2071 assisam
596 2003 686 2070 illem
702 2005 755 2070 uel
770 2027 844 2081 non,
860 2012 894 2070 et
910 2003 1156 2092 inquisicionem
1168 2006 1259 2072 illam
1273 2007 1356 2073 scire
1367 2009 1471 2073 feceret

375 2118 438 2177 etc.
480 2108 535 2174 Ad
549 2108 637 2174 diem
651 2099 745 2173 illum
760 2108 901 2174 ueniunt
915 2109 998 2174 tales
1013 2133 1088 2175 cum
1103 2111 1317 2198 inquisicione
1332 2136 1395 2200 qne
1408 2111 1470 2178 ulis

374 2221 435 2291 est,
449 2211 536 2298 quod
549 2211 614 2276 due
628 2211 670 2276 de
685 2211 840 2298 predictis
855 2211 960 2278 tribus
974 2212 1056 2278 ocris
1071 2221 1156 2278 terre
1171 2223 1205 2280 et
1221 2214 1298 2280 dim.
1319 2215 1468 2302 pertinent

374 2315 418 2380 cd
447 2315 528 2380 illud
557 2322 784 2380 tenementum
813 2315 901 2381 unde
930 2315 1030 2382 assisa
1054 2325 1123 2394 etc,
1145 2325 1181 2382 et
1201 2317 1304 2383 tercis
1324 2341 1396 2384 scre
1414 2339 1467 2382 non
1538 2317 1539 2396 g

375 2418 519 2504 pertinet
543 2417 586 2483 ed
611 2418 701 2482 illem
727 2427 855 2484 terram.
901 2417 953 2484 De
983 2418 1119 2484 dimidiu
1147 2441 1225 2484 uero
1253 2420 1368 2486 dicunt
1393 2418 1466 2506 quod

375 2523 525 2590 nesciunt
539 2522 567 2589 si
581 2523 744 2610 pertinent
758 2523 813 2589 uel
828 2546 901 2589 non.
947 2523 991 2588 Et
1002 2522 1075 2589 ideo
1086 2523 1325 2591 consideratum
1335 2523 1465 2610 estquod

376 2629 537 2694 Henricus
552 2628 672 2693 hebeat
686 2628 838 2693 seisinam
853 2652 946 2693 suam
961 2630 1003 2695 de
1017 2628 1172 2715 predictis
1192 2630 1320 2696 duabus
1338 2630 1420 2706 aeris,
1437 2639 1465 2693 et

374 2733 432 2797 alii
457 2734 492 2797 in
518 2732 744 2810 misericordis,
770 2741 805 2797 et
832 2732 995 2799 Henrieus
1020 2734 1055 2797 in
1080 2732 1301 2799 misericordis
1321 2757 1377 2820 pro
1397 2732 1465 2797 falso
1537 2754 1538 2825 q

375 2838 521 2917 clamore,
535 2846 595 2902 etc.
1216 2849 1218 2853 ’
1537 2826 1538 2898 i

439 2942 551 3007 Abbes
570 2943 612 3007 de
633 2941 865 3007 Mnumesbirie
885 2941 971 3028 petit
993 2963 1105 3007 uersus
1126 2941 1292 3008 Abbetem
1314 2941 1465 3009 Glrstonie

375 3046 462 3133 quod
475 3046 574 3113 faciut
587 3046 620 3111 ei
633 3054 737 3111 sectas
751 3053 786 3110 et
801 3044 1050 3111 consuetudines
1063 3045 1105 3109 ad
1117 3045 1322 3111 hundredum
1332 3068 1421 3110 suum
1430 3044 1466 3107 de
1536 3112 1537 3131 ἶ

375 3149 606 3215 Moumesbiria
620 3172 700 3235 quos
715 3147 746 3214 ei
761 3149 865 3213 secere
879 3147 977 3213 debet
993 3156 1028 3213 et
1042 3148 1122 3213 solet
1137 3148 1179 3214 de
1198 3149 1341 3214 manerio
1359 3172 1413 3213 sno
1430 3147 1466 3211 de

376 3252 682 3321 Cristemeleffordis
696 3260 755 3318 etc

441 3358 485 3424 Et
505 3357 617 3423 Abbas
631 3358 725 3421 uenit
739 3365 774 3422 et
788 3356 934 3421 defendit
950 3357 1018 3421 uim
1034 3366 1069 3421 et
1083 3357 1236 3423 iniuriam
1251 3367 1286 3423 et
1299 3358 1377 3424 dicit
1390 3358 1469 3444 quod

374 3463 475 3529 hebet
496 3462 573 3527 inde
589 3461 809 3548 quietancinm
829 3484 887 3547 per
908 3462 1000 3527 Dom
1018 3461 1270 3527 Bethoniensem
1285 3462 1470 3549 Episcopum
1535 3502 1536 3517 1

374 3577 409 3633 et
422 3569 611 3633 inde'uocet
630 3588 705 3631 eum
725 3567 768 3631 ed
787 3574 974 3632 warantum.
1020 3566 1152 3632 Habeat
1174 3588 1250 3632 eum
1272 3567 1332 3631 teli
1350 3566 1402 3632 die
1421 3590 1473 3654 per

374 3671 532 3738 auxilinm
547 3670 635 3735 curie
651 3678 709 3735 etc.

439 3776 592 3841 Warinus
616 3774 772 3840 Bosterde
795 3774 881 3860 petit
904 3796 1017 3839 uersus
1041 3773 1200 3839 Ietieism
1224 3796 1288 3860 que
1311 3776 1375 3841 fuit
1400 3798 1475 3841 uxor
1534 3796 1535 3837 3

374 3879 506 3946 Ricardi
527 3878 568 3944 de
589 3876 871 3964 Chieluelesleghe
890 3876 977 3963 quod
997 3876 1094 3941 faciat
1118 3876 1149 3942 ei
1173 3878 1424 3945 consuetudines
1444 3891 1475 3943 et
1534 3864 1535 3931 Ᾰ

374 3992 464 4050 recte
486 3982 621 4048 seruicia
644 4006 707 4070 que
731 3982 762 4047 ei
785 3983 889 4047 faeere
912 3981 1010 4047 debet
1033 3982 1074 4047 de
1096 3981 1196 4047 libero
1216 3991 1405 4049 tenemento
1424 4008 1477 4049 suo

375 4086 462 4174 quod
490 4086 531 4151 de
560 4108 598 4150 eo
627 4093 719 4151 tenet
748 4085 784 4151 in
813 4084 1058 4171 Chieueslcghe‚
1087 4084 1174 4150 unde
1203 4084 1291 4151 idem
1329 4086 1478 4152 Wsrinns
1533 4104 1534 4147 ς

374 4191 517 4258 ostendit
532 4192 618 4277 quod
633 4191 704 4278 ipse
717 4190 817 4256 debet
832 4190 862 4255 ei
878 4190 918 4255 de
934 4190 1035 4255 tercia
1049 4200 1141 4276 perte
1162 4190 1240 4256 uille
1260 4191 1407 4277 predicte
1426 4216 1480 4279 per

374 4319 496 4361 annum
513 4296 574 4381 xvj.
591 4296 644 4360 sol.
662 4306 696 4361 et
710 4296 775 4381 viij.
793 4296 863 4361 den.
880 4302 914 4359 et
929 4303 1034 4359 aretro
1049 4304 1125 4359 sunt
1141 4296 1171 4360 ei
1186 4296 1228 4361 de
1243 4296 1370 4362 duobus
1391 4299 1478 4363 annis

829 4416 838 4449 ¹
856 4416 899 4464 Br.
913 4417 930 4464 i.
943 4417 998 4465 346.
