3167 5075
379 379 443 448 478
690 395 828 454 rueres,
850 392 915 443 nn.
941 379 1034 452 1223,
1055 391 1118 440 aa.
1141 375 1170 442 7.

375 589 454 633 suus
476 591 643 654 nunquam
666 568 775 632 tenuit
796 568 838 632 de
859 587 897 630 ec
920 563 983 629 nisi
1005 573 1153 649 quartam
1175 571 1302 650 partem
1321 563 1343 650 j.
1366 564 1458 628 militis

376 694 451 737 cum
480 680 562 758 pert.
593 680 629 737 et
658 673 785 736 desicut
813 670 912 756 petiit
941 669 1076 733 terciam
1101 677 1228 755 partem
1250 669 1334 734 feodi
1353 668 1459 733 dimidii

376 776 501 855 militis,
529 798 594 840 non
623 776 698 840 uult
727 776 759 840 ei
787 775 829 840 ad
860 774 920 838 hoc
948 773 1048 837 breue
1077 772 1268 859 respondere
1297 773 1357 837 nisi
1389 772 1460 836 curia

375 879 635 944 considerauerit
682 879 726 942 Et
748 885 932 943 attornatus
959 874 1118 939 Nicholae
1147 875 1228 940 dicit
1257 876 1342 962 qnod
1368 896 1461 938 reuera

376 983 430 1048 uir
450 1005 528 1047 suus
550 982 659 1046 tenuit
681 1004 740 1067 per
760 980 891 1045 feodum
914 977 1043 1043 dimidii
1064 979 1178 1043 militis
1201 987 1236 1044 et
1250 980 1335 1065 petit
1348 979 1461 1044 terciam

376 1096 504 1174 partem
527 1087 630 1152 tocius
651 1094 737 1150 terre
758 1085 847 1150 unde
869 1083 1009 1147 Thomas
1031 1083 1083 1146 uir
1104 1105 1182 1147 suus
1203 1083 1268 1147 fuit
1287 1081 1461 1147 seisitusdie

377 1215 442 1277 quo
456 1192 538 1256 obiit
553 1199 613 1256 etc.
659 1191 703 1255 Et
717 1190 791 1255 ideo
806 1188 1044 1253 consideratum
1060 1195 1110 1252 est
1125 1187 1211 1272 quod
1226 1187 1364 1252 Thomas
1381 1185 1461 1250 nichil

377 1293 462 1358 dixit
485 1315 585 1379 quare
608 1292 680 1378 ipsa
701 1313 767 1355 non
786 1290 908 1356 habeat
927 1289 1037 1353 dotem
1058 1310 1160 1366 suam,
1180 1310 1220 1352 eo
1240 1289 1328 1374 quod
1346 1287 1463 1352 Thomas

378 1420 443 1463 non
457 1405 507 1463 est
522 1396 599 1461 inde
612 1396 676 1461 nisi
690 1405 807 1472 custos,
822 1403 856 1460 et
871 1394 945 1458 ideo
959 1393 1030 1478 ipsa
1044 1393 1164 1458 habeat
1177 1393 1330 1458 saisinam
1341 1415 1423 1458 suam
1432 1391 1463 1454 de

378 1511 465 1568 terra
486 1503 573 1566 unde
596 1501 648 1566 uir
668 1523 747 1566 suus
768 1500 833 1564 fuit
854 1499 984 1563 saisitus
1006 1497 1060 1562 dis
1083 1520 1148 1583 quo
1162 1505 1231 1574 etc,
1247 1507 1282 1563 et
1297 1494 1464 1562 Thomasin

377 1603 603 1671 misericordia

443 1710 605 1774 Robertus
619 1709 661 1772 de
676 1708 781 1793 Turry
796 1706 881 1792 petit
896 1727 1009 1770 uersus
1025 1703 1174 1770 Sibillam
1189 1706 1230 1770 de
1246 1705 1278 1769 la
1299 1703 1465 1770 Westlandc

281 1842 307 1872 en
377 1815 464 1901 quod
486 1814 601 1879 reddat
624 1814 655 1878 ei
676 1835 726 1878 xv.
750 1833 874 1876 marcas
896 1833 976 1897 quas
999 1810 1029 1876 ei
1051 1810 1150 1875 debet
1172 1819 1206 1875 et
1228 1811 1351 1876 iniuste
1371 1819 1466 1876 etant

378 1917 467 1995 dicit,
489 1919 577 1983 unde
598 1918 687 1981 idem
709 1915 872 1981 Robertus
894 1915 1038 1980 ostendit
1060 1915 1146 2000 quod
1168 1915 1240 2000 ipsa
1265 1915 1420 1980 commisit
1443 1914 1468 1978 ei

378 2023 553 2109 quamdam
568 2030 688 2086 terram
703 2042 796 2086 suam
812 2041 910 2105 quam
925 2019 996 2104 ipsa
1011 2019 1163 2084 tenuitin
1174 2019 1285 2084 dotem
1297 2043 1356 2106 per
1365 2030 1467 2085 cartam

378 2149 471 2193 suam
498 2128 673 2192 tenendam
699 2134 772 2191 tota
795 2125 867 2189 uita
890 2124 1034 2189 eiusdem
1060 2123 1184 2198 Sibille,
1210 2131 1245 2189 et
1269 2125 1340 2211 ipse
1364 2125 1422 2189 fuit
1442 2125 1468 2186 in

378 2233 497 2298 seisina
511 2233 552 2297 de
567 2241 655 2296 terra
668 2229 733 2308 illa,
749 2237 783 2294 et
798 2230 889 2294 illam
904 2228 1046 2294 excoluit
1061 2236 1094 2293 et
1109 2229 1264 2294 marlnuit
1282 2236 1318 2294 et
1338 2229 1469 2315 apposuit·

378 2338 426 2402 ibi
446 2338 547 2403 boues
566 2359 640 2402 suos
662 2345 697 2401 et
716 2335 781 2402 alia
800 2335 919 2413 auerin,
942 2333 1068 2419 etipsa
1090 2341 1204 2419 postea
1227 2333 1325 2399 eiecit
1348 2356 1417 2399 enm
1438 2333 1469 2396 de

379 2448 451 2505 tcta
472 2449 559 2506 terra
579 2441 645 2517 illa,
665 2448 700 2504 et
722 2438 859 2503 abstulit
882 2437 912 2502 ei
935 2461 985 2504 xv.
1007 2459 1096 2502 acras
1117 2445 1203 2504 terre
1225 2439 1399 2504 seminatas
1418 2439 1470 2502 fiu-

378 2553 489 2609 mento
505 2553 539 2609 et
554 2545 654 2610 boues
669 2566 744 2609 suos
758 2550 793 2607 et
808 2542 873 2607 alia
886 2542 997 2607 aueria
1011 2542 1054 2608 ad
1067 2543 1250 2608 ualenciam
1270 2544 1470 2629 predictarum

379 2671 429 2714 xv.
445 2670 634 2724 marcarum,
650 2655 684 2711 et
699 2646 775 2711 inde
790 2645 912 2731 profert
927 2654 1050 2710 cartam
1069 2666 1162 2710 suam
1184 2670 1248 2733 que
1268 2648 1471 2713 dimissionem

379 2750 468 2817 illam
484 2757 634 2826 testatur,
649 2757 683 2813 et
705 2748 856 2835 producit
879 2755 1001 2812 sectam
1023 2748 1109 2833 quod
1130 2748 1179 2812 ita
1201 2748 1233 2813 ei
1255 2749 1394 2815 abstulit
1413 2772 1471 2835 pre

380 2853 471 2919 dicta
484 2853 603 2917 catalla
617 2860 676 2916 etc.

446 2956 490 3020 Et
505 2956 622 3021 Sibilla
634 2956 729 3021 uenit
743 2964 778 3020 et
792 2954 939 3020 defendit
953 2963 1065 3019 contra
1079 2976 1154 3019 eum
1176 2962 1211 3019 et
1233 2964 1348 3022 contra
1367 2968 1472 3023 sectam

380 3084 474 3127 suam
489 3062 575 3147 quod
589 3060 717 3126 nullum
731 3059 901 3125 denarium
917 3060 947 3125 ei
961 3060 1068 3125 debet.
1112 3059 1163 3124 De
1181 3070 1272 3125 carta
1294 3062 1351 3127 illa
1371 3061 1422 3127 uel
1440 3062 1473 3123 de

380 3165 598 3230 conuencione
612 3164 739 3229 nullum
755 3164 844 3229 diem
859 3165 959 3230 habet
974 3166 1027 3230 uel
1042 3165 1340 3244 commonicionem,
1361 3176 1395 3231 et
1413 3166 1474 3229 ideo

380 3291 446 3333 non
469 3270 544 3332 uult
567 3268 643 3333 inde
666 3268 858 3355 respondere
878 3268 941 3332 nisi
961 3268 1051 3333 curia
1071 3269 1332 3349 considerauerit,
1347 3280 1397 3335 set
1415 3292 1473 3357 pre

380 3372 506 3437 dictum
528 3371 677 3436 debitum
696 3371 819 3457 precise
839 3371 993 3437 defendit.
1040 3372 1083 3435 Et
1097 3371 1170 3437 ideo
1185 3373 1420 3439 consideratum
1434 3380 1475 3437 cst

381 3474 468 3561 quod
482 3498 547 3539 non
561 3475 753 3561 respondeat
768 3476 810 3541 ad
822 3475 882 3540 hoc
893 3475 993 3541 breue
1004 3483 1038 3541 et
1049 3476 1123 3541 ideo
1133 3476 1204 3541 sine
1215 3477 1269 3543 die
1281 3488 1316 3543 et
1327 3478 1475 3543 Robertm

381 3578 417 3643 in
432 3578 651 3643 misericordia
664 3578 737 3643 etc.¹

446 3682 647 3747 'Gilebertus
663 3682 870 3747 Marescallus
888 3690 922 3747 et
938 3682 1059 3750 Oecilia
1073 3707 1155 3749 uxor
1165 3685 1235 3751 eius
1246 3696 1367 3773 petunt
1378 3708 1478 3753 uersus

254 3841 263 3851 .
382 3786 526 3850 Aianum
548 3786 589 3851 de
614 3786 704 3850 Hida
726 3787 861 3851 terciam
885 3796 1012 3873 partem
1036 3788 1174 3853 duarum
1200 3790 1279 3878 uirg.
1305 3800 1477 3857 terrerum

382 3898 463 3975 pert.
489 3889 525 3953 in
552 3889 724 3956 Chautcna
746 3899 784 3955 ut
809 3890 919 3955 dotem
946 3891 1090 3957 eiusdem
1119 3892 1244 3960 eliciet
1290 3896 1333 3959 Et
1364 3894 1478 3959 Alanus

382 3993 475 4057 uenit
490 4000 524 4057 et
540 3992 670 4057 uocauit
684 3992 760 4057 inde
779 3994 821 4058 ad
841 4002 1021 4059 warantum
1042 3996 1243 4062 Willelmum
1264 3997 1478 4063 Marescslium

383 4095 545 4162 Comitem
561 4095 718 4174 Penbrok,
738 4096 743 4181 Ι
762 4096 812 4161 ita
826 4098 912 4183 quod
928 4098 1044 4164 Comes
1057 4101 1274 4166 summonitus
1288 4100 1353 4166 fuit
1368 4100 1411 4166 ad
1421 4120 1479 4165 essse

382 4202 442 4266 tali
456 4202 510 4266 die
525 4208 596 4277 etc,
610 4209 645 4265 et
660 4209 739 4265 tunc
754 4224 788 4266 se
804 4202 980 4268 essoniauit
995 4204 1035 4269 de
1052 4204 1220 4283 Hibernia,
1234 4214 1270 4271 et
1288 4207 1409 4271 attorn’
1425 4202 1478 4269 fuit

414 4335 576 4387 ¹1t.aeems
603 4337 663 4387 that
689 4338 787 4389 Robert
814 4338 909 4389 should
993 4340 1103 4399 'cited
1118 4342 1161 4392 Br.
1174 4342 1192 4392 f.
1205 4344 1261 4393 351.

382 4401 448 4452 hare
459 4402 570 4463 brought
582 4405 720 4460 Ooaeoonr,
731 4409 778 4453 not
790 4407 864 4453 Deba
992 4406 1002 4438 ³
1020 4407 1069 4458 Sic.
