3167 5075
298 401 533 460 moestitiis,
555 401 620 448 sn.
645 387 737 460 1225,
760 401 822 449 uu.
846 387 960 450 9-10.
1115 387 1175 451 531

55 579 72 638 5.
152 571 264 636 ¹Assiss
285 571 379 637 uenit
400 571 606 660 recognitum
627 572 700 657 quis
722 571 901 636 aduocatos
922 579 1067 658 tempore
1091 571 1180 657 penis
1236 584 1298 623 Ebor-

99 675 274 761 presentsuit
295 685 355 740 etc.
378 674 421 739 ed
443 675 610 740 eeclesiam
632 676 673 740 de
697 675 890 742 Hethfeldie
915 699 978 762 que
1000 683 1097 741 uacat
1118 683 1180 740 eto.

98 782 173 845 cuius
190 781 433 846 eduoearionem
456 780 563 845 Adam
585 780 626 845 de
649 781 747 844 Nouo
769 781 913 845 Meroeto
932 781 1052 845 clamat
1066 801 1180 845 uersus

98 884 273 971 Willelmum
289 885 452 951 Comitem
466 885 629 950 Wnrenne
644 893 679 948 et
694 884 837 949 Priorem
852 883 893 949 de
909 885 1026 950 Leues

149 987 186 1050 Et
205 987 295 1052 Prior
315 987 410 1052 uenit
431 995 466 1052 et
487 986 568 1052 dicit
589 987 675 1073 quod
697 988 797 1051 assisa
816 1009 881 1051 non
897 987 995 1053 debet
1010 988 1086 1052 inde
1101 987 1180 1063 fieri,

97 1091 159 1176 quis
182 1092 349 1157 nduoescio
378 1091 466 1157 illius
494 1093 627 1157 ecclesie
656 1093 698 1157 sd
727 1115 801 1157 eum
832 1101 966 1179 spectet,
996 1102 1030 1158 et
1059 1093 1180 1179 profert

96 1203 197 1259 cenem
210 1196 368 1261 willelmi
391 1195 528 1262 Comitis
543 1196 706 1260 Wsrenne
728 1197 899 1283 senisque
922 1197 980 1263 dat
1003 1197 1049 1262 eis
1071 1198 1181 1282 plures

95 1297 221 1363 ecclesius
235 1299 323 1364 inter
337 1299 432 1385 ques²
446 1311 506 1364 etc.
544 1299 670 1363 Profert
684 1298 786 1364 eciam
802 1300 921 1364 certus'
936 1301 1074 1387 Regum,
1091 1299 1181 1366 Oom'

95 1401 235 1468 Warenne
265 1413 301 1468 et
330 1403 652 1489 Archiepiscoporum
682 1403 804 1468 donum
834 1405 916 1470 illud
947 1406 1181 1470 confirmantes.

94 1503 202 1570 Profert
224 1506 328 1571 eciam
351 1515 475 1571 certam
494 1506 662 1571 cuiusdam
689 1505 824 1571 Matilie
847 1506 887 1571 de
912 1508 1004 1594 Tylle
1027 1515 1096 1584 eto,
1118 1530 1181 1593 que

94 1619 151 1685 eto,
164 1611 246 1676 unde
268 1610 356 1676 idem
379 1610 470 1674 Prior
491 1610 571 1674 dicit
592 1610 678 1696 quod
700 1610 847 1694 predicte
868 1611 1004 1676 Mabilia
1026 1612 1089 1675 fuit
1107 1611 1183 1676 euin

93 1712 178 1798 ipsius
191 1715 271 1790 Ade,
287 1723 322 1779 et
335 1715 405 1799 ipse
420 1721 470 1778 est
485 1713 578 1778 heres
593 1713 664 1778 eius
684 1721 719 1777 et
740 1713 814 1779 ideo
836 1714 934 1779 debet
957 1715 1078 1780 donum
1100 1715 1183 1780 illud

94 1817 117 1877 ei
130 1818 328 1882 warentizere
342 1818 370 1882 si
385 1819 427 1882 ab
442 1818 515 1882 aliis
529 1817 787 1903 implacitaretur
801 1827 860 1882 etc.

148 1922 188 1987 Et
202 1924 311 1988 Adam
326 1923 406 1988 dicit
421 1925 507 2010 quod
522 1933 609 1987 curte
626 1924 791 1990 Comitum
808 1947 872 1988 non
888 1924 1009 1990 debent
1019 1925 1049 1990 ei
1061 1947 1183 2002 nocere,

93 2023 158 2107 quie
176 2027 209 2089 in
228 2026 322 2091 nuile
343 2026 530 2090 nominetur
551 2026 686 2090 ecclesis
706 2025 748 2090 de
768 2026 962 2092 Hethseldie
975 2049 1034 2091 nee
1051 2025 1185 2091 ecelesia

92 2125 140 2190 ille
161 2113 302 2214 pertinet
327 2128 369 2192 nd
394 2128 562 2192 ecclesiam
584 2128 625 2193 de
648 2127 924 2214 Ouningeburgo⁴.
969 2128 1020 2193 De
1051 2128 1187 2193 Mabilia

93 2228 162 2294 dicit
174 2233 259 2318 quod
274 2243 364 2297 oerta
377 2255 438 2297 sun
451 2255 515 2297 non
529 2233 628 2298 debet
643 2233 674 2298 ei
688 2255 802 2297 nocere
817 2233 894 2319 quie
909 2232 936 2297 si
951 2233 1008 2297 illa
1023 2233 1109 2297 fecta
1123 2232 1193 2296 fuit'

93 2333 144 2398 hoe
157 2336 231 2402 fecit
245 2347 391 2423 tempore
407 2337 529 2402 Odonis
541 2337 581 2402 de
593 2337 678 2423 Tylli
692 2337 755 2402 uiri
770 2337 822 2402 sui
837 2337 916 2402 dum
932 2339 995 2402 fuit
1010 2337 1071 2402 sub
1085 2337 1187 2424 uirgo,

93 2447 122 2502 et
144 2439 201 2526 ipsi
227 2441 301 2507 Odo
324 2449 359 2506 et
381 2441 516 2506 Mobilis
540 2464 600 2527 per
622 2465 673 2507 xx.
695 2463 796 2506 annos
823 2451 901 2506 ante
924 2441 1050 2506 obitum
1077 2463 1188 2506 eorum

93 2544 240 2612 dederunt
262 2547 443 2612 manerium
466 2547 507 2612 de
530 2545 721 2612 Hethfeldis
741 2570 817 2611 cum
842 2548 992 2612 omnibus
1016 2556 1097 2633 pert.
1122 2547 1189 2611 suis

93 2646 223 2714 Henrico
236 2650 280 2715 de
296 2650 392 2714 Nouo
407 2649 551 2715 Merceto
565 2650 652 2736 patri
666 2672 724 2714 suo
738 2649 774 2714 in
794 2650 1003 2736 maritagium
1026 2672 1101 2715 oum
1122 2649 1191 2714 filia

93 2773 201 2831 eorum,
214 2764 251 2819 et
271 2754 308 2818 in
330 2754 443 2819 eodem
466 2762 556 2818 statu
579 2776 643 2839 quo
665 2754 755 2818 illam
777 2762 897 2819 terram
921 2763 1100 2820 tenuerunt
1115 2778 1190 2820 cum

91 2854 296 2923 aduooeeione
318 2858 451 2923 ecclesie
472 2857 634 2923 dederunt
656 2858 747 2922 illem
762 2858 905 2923 Henrieo
921 2859 955 2923 in
970 2860 1190 2947 maritagium

93 2967 121 3021 et
134 2960 205 3026 inde
220 2962 308 3049 petit
324 2961 466 3027 assisam.

148 3065 190 3130 Et
212 3067 306 3131 Prior
327 3066 406 3131 dicit
428 3066 515 3153 quod
537 3067 673 3133 Mobilis
693 3090 863 3154 nunquam
885 3069 949 3134 fuit
968 3069 1002 3133 in
1018 3070 1137 3134 seisins
1151 3069 1191 3133 de

92 3168 297 3237 aduooncione
326 3171 383 3236 illa
416 3172 465 3236 ita
493 3171 580 3258 quod
608 3180 810 3258 presenteret
840 3173 1002 3249 clericum,
1032 3182 1082 3238 set
1114 3182 1192 3237 ante

91 3272 202 3339 donum
227 3276 312 3340 illud
339 3283 373 3339 et
395 3283 469 3360 post
494 3274 616 3339 donum
639 3275 722 3340 illud
745 3276 808 3340 fuit
832 3276 923 3341 Prior
948 3284 983 3341 et
1008 3276 1123 3341 domus
1152 3276 1193 3340 de

92 3374 193 3442 leues
206 3378 243 3443 in
258 3380 379 3444 eeisinn
392 3378 432 3444 de
447 3378 661 3443 sduocsoione
673 3379 730 3444 iila
744 3402 803 3467 per
817 3378 939 3444 donum
955 3390 1193 3445 antecessorum

92 3478 221 3547 Comitis
247 3482 437 3559 Warrenne,
466 3492 501 3547 et
534 3482 610 3546 inde
641 3491 736 3547 uocat
769 3482 933 3549 Comitem
963 3484 1124 3548 Warenne
1154 3483 1196 3547 ad

90 3592 275 3651 warantum.

150 3688 193 3753 Et
208 3689 319 3754 Adam
334 3688 514 3776 dicitquod
530 3688 647 3755 Comes
663 3712 727 3754 non
742 3688 841 3755 debet
859 3712 928 3755 esse
944 3698 1105 3757 warantus
1120 3712 1197 3755 suus

90 3792 162 3877 quia
186 3793 307 3860 Comes
329 3794 546 3859 summonitus
571 3802 621 3858 est
646 3815 706 3879 per
730 3794 819 3861 idem
841 3794 940 3860 breue
963 3803 998 3859 et
1019 3794 1099 3860 elias
1120 3795 1199 3859 feeit

91 3896 251 3976 defaltum,
267 3908 302 3963 et
316 3898 569 3963 resummonitus
584 3906 643 3974 est,
658 3907 694 3962 et
707 3907 857 3984 preterea
871 3898 959 3963 idem
980 3898 1096 3965 Comes
1114 3921 1197 3963 nun-

121 4087 129 4118 ¹
145 4089 175 4138 A.
186 4104 225 4139 m.
238 4089 272 4139 tt
280 4088 313 4147 ἃς
328 4089 360 4137 Β.
372 4102 408 4138 m.
420 4088 467 4146 213
485 4087 513 4136 O.
528 4102 564 4137 m.
577 4089 616 4139 1⁷.
671 4086 775 4147 tioning
785 4085 830 4135 the
841 4085 939 4135 ohuroh
955 4086 985 4135 or
998 4086 1126 4145 Hstfleld3
1143 4087 1199 4139 also

111 4154 131 4231 '²
148 4155 249 4217 Supply
260 4156 375 4204 nominat
387 4155 518 4203 eccksiam
528 4154 559 4201 de
571 4155 619 4202 Cu·
670 4150 866 4214 otArohbishop
872 4152 969 4201 Walter
976 4151 1029 4201 and
1036 4152 1200 4215 KingHenry

91 4220 315 4335 mimir
328 4298 344 4333 a
355 4282 576 4333 maturum
593 4282 622 4331 or
670 4216 714 4314 Hi
731 4216 854 4331 siituosiie
863 4217 1200 4333 liinffiitiiiiie’spiiiiu.

91 4346 227 4409 Wsrenns,
241 4348 367 4399 Hsmelin
379 4348 409 4397 ot
416 4348 554 4408 Wsrenne,
565 4348 619 4397 Iss-
671 4350 734 4395 west
746 4348 773 4395 ot
784 4346 988 4407 Gonisborough,

92 4413 156 4464 heus
173 4416 204 4464 ot
218 4414 364 4473 Wsrenne3
382 4413 426 4464 the
444 4412 537 4462 second
551 4428 622 4461 men·

1008 4516 1113 4577 :it-2
