3167 5075
433 366 500 419 an.
523 350 683 430 1226-7,
704 365 768 417 aa.
793 353 932 417 10-11.
1171 355 1236 418 646

132 563 202 608 cum
226 549 308 628 pert
333 540 368 606 in
391 539 648 619 Horteshouede,
672 561 770 627 quam
800 539 935 606 terciam
964 547 1092 627 partem
1120 539 1235 607 eadem

132 645 277 732 Eugenia
297 665 403 709 coram
425 643 612 709 iusticiariis
633 643 722 730 apud
735 643 1063 709 westmonasterium
1082 665 1143 730 per
1160 666 1235 710 oon-

130 749 357 815 sideracionem
379 749 467 815 curie
488 749 694 834 recuperauit
716 770 830 813 uersus
853 748 1028 835 Hugonem
1042 748 1083 814 de
1098 749 1236 814 Hortes-

132 851 234 918 heued
260 851 423 939 quondum
449 851 558 917 uirum
581 851 684 937 ipsius
714 850 884 937 Margerie‚
907 858 941 915 et
972 874 1070 937 quam
1099 852 1234 917 terciam

129 950 256 1043 partem
282 957 396 1022 eadem
427 955 575 1042 Eugenia
602 968 716 1042 postea
743 955 836 1020 dedit
865 963 900 1020 et
935 955 1092 1022 concessit
1128 956 1235 1022 eidem

128 1061 261 1148 Hugoni
286 1068 320 1125 et
339 1059 514 1140 heredibus
537 1059 604 1124 suis
623 1081 682 1145 per
701 1067 824 1124 cartam
839 1081 931 1124 suam
946 1081 1044 1146 quam
1059 1060 1236 1146 proferunt,

125 1173 159 1230 et
187 1187 251 1251 que
281 1171 432 1239 testatur,
462 1162 548 1248 quod
577 1162 649 1248 ipsa
679 1162 829 1248 Eugeuia
857 1161 983 1227 dimisit
1011 1163 1169 1228 concessit
1199 1172 1235 1230 et

125 1267 272 1354 quietum
299 1264 456 1330 clamauit
482 1265 617 1351 Hugoni
647 1265 688 1331 do
719 1264 968 1330 Hortesheuede
997 1273 1033 1330 et
1061 1265 1235 1332 heredibus

123 1375 188 1439 suis
212 1381 320 1438 totum
341 1372 393 1437 ius
415 1379 449 1436 et
471 1371 625 1436 clamium
646 1371 734 1457 quod
753 1371 871 1436 habuit
886 1371 921 1435 in
935 1371 1062 1438 duabus
1076 1373 1235 1439 carucatis

123 1485 207 1542 terro
222 1498 298 1541 cum
313 1482 394 1560 pert.
410 1474 444 1539 in
465 1473 722 1551 Hertesheuede,
737 1473 824 1538 uude
847 1473 1078 1541 disraeionauit
1099 1476 1234 1542 terciam

120 1589 250 1666 partem
279 1579 377 1644 unius
405 1588 555 1644 carucata
585 1587 679 1654 terre,
713 1585 748 1643 et
777 1578 913 1643 terciam
943 1588 1071 1665 partem
1100 1580 1235 1646 alterius

119 1691 271 1750 oarucate
288 1691 372 1748 terre
387 1681 487 1768 peciit
502 1704 561 1767 per
574 1682 674 1748 breue
690 1683 784 1747 Dom.
801 1683 910 1770 Regis,
925 1705 984 1770 pro
998 1684 1104 1750 tribus
1118 1685 1235 1751 mamis

119 1810 201 1874 quas
215 1787 304 1852 idem
320 1786 419 1872 Hugo
434 1794 469 1850 et
483 1784 575 1850 dedit
590 1793 660 1862 ete,
675 1793 709 1850 et
725 1784 802 1850 inde
816 1785 947 1872 produc’
961 1794 1094 1853 sectam.

186 1891 230 1955 Et
255 1889 404 1976 Eugenia
424 1889 518 1954 uenit
540 1896 574 1953 et
596 1888 677 1953 dicit
700 1888 786 1974 quod
809 1888 949 1975 quedam
973 1889 1143 1954 concordia
1167 1889 1234 1957 fuit

116 1994 289 2079 prolocuta
303 1993 476 2058 inteream
491 1999 526 2056 et
541 1991 725 2077 predictum
746 1991 923 2078 Hugonem
944 1991 1124 2058 secundum
1146 1993 1232 2080 quod

114 2097 308 2162 continetur
327 2095 364 2160 in
385 2093 583 2182 cyrographo
605 2094 760 2179 predicto,
775 2095 836 2160 sub
859 2095 920 2160 hac
941 2095 1038 2173 fama,
1052 2096 1139 2183 quod
1160 2119 1233 2182 pra·

114 2200 229 2265 dictus
241 2200 341 2285 Hugo
352 2197 485 2263 deberet
496 2191 573 2262 dare
584 2197 616 2261 ei
627 2219 684 2282 pro
695 2196 843 2282 predicta
853 2197 966 2283 quieta
976 2197 1153 2263 clamancia
1166 2207 1234 2264 tres

113 2327 245 2371 marcas
259 2315 294 2370 et
309 2303 471 2369 custodire
487 2303 567 2368 duos
578 2325 695 2388 pueros
704 2324 787 2380 suos,
796 2311 832 2368 et
846 2302 933 2368 unde
947 2302 1029 2368 dicit
1043 2303 1130 2389 quod
1144 2327 1234 2370 occa·

112 2409 209 2475 sione
224 2408 458 2496 prolocucionis
476 2406 594 2472 habuit
609 2429 708 2472 unam
729 2429 881 2485 marcam,
895 2416 930 2471 et
950 2407 1036 2493 quod
1050 2407 1098 2472 illi
1113 2409 1234 2495 scripto

109 2514 250 2580 nullum
264 2512 409 2601 sigillum
423 2511 575 2599 apposuit
590 2511 673 2577 bene
686 2509 842 2586 defendit,
855 2519 890 2576 et
900 2510 981 2577 dicit
992 2512 1079 2599 qnod
1090 2522 1183 2579 tenet
1197 2535 1231 2580 se

108 2619 146 2685 in
159 2628 287 2685 terram
306 2622 311 2706 Ι
331 2617 420 2682 illam
436 2618 563 2682 racione
579 2640 619 2682 ea
637 2617 724 2704 quod
739 2617 946 2703 recuperauit
960 2640 1033 2683 eam
1048 2641 1154 2685 coram
1165 2621 1233 2685 ius-
1291 2640 1348 2693 {na}

107 2723 255 2790 ticiariis
269 2722 500 2787 itinerantibus
511 2722 546 2785 in
561 2721 697 2787 banohc¹
709 2744 769 2808 per
780 2722 1072 2789 consideracionem
1087 2724 1183 2803 curie,
1198 2733 1234 2791 et

105 2828 191 2894 inde
218 2835 317 2893 uocat
340 2826 463 2891 curiam
485 2826 527 2891 ad
546 2834 737 2892 warantum.
782 2828 827 2892 Et
846 2827 936 2892 curia
957 2827 1018 2893 hoc
1038 2826 1233 2897 recordatur.

105 2934 155 2998 Et
171 2956 281 3021 quum
292 2932 439 3018 predicta
454 2932 602 3019 Eugenia
613 2940 663 2997 est
674 2932 709 2996 in
721 2931 841 2997 seisina
850 2931 995 3017 predicte
1004 2940 1090 2997 terre
1101 2940 1135 2997 et
1146 2932 1234 2997 Mar-

102 3038 206 3125 geria
218 3044 256 3102 et
268 3036 426 3101 Ricardus
440 3037 564 3101 nullam
581 3036 733 3101 seisinam
748 3034 825 3101 inde
840 3036 1026 3100 habuerunt
1039 3057 1098 3121 per
1108 3035 1234 3121 predic-

101 3151 180 3205 tam
191 3138 456 3216 conuencionem,
472 3138 720 3204 Consideratnm
731 3138 878 3225 estquod
888 3137 1233 3225 Eugeniateneatter-

100 3268 178 3311 ram
197 3244 293 3309 illam
309 3242 344 3308 in
358 3266 446 3329 pace,
456 3250 490 3308 ot
502 3243 665 3329 Margeria
679 3252 713 3310 et
726 3243 884 3309 Ricardus
895 3243 929 3307 in
939 3243 1158 3309 misericordia
1168 3252 1230 3312 etc.

41 3360 61 3427 f,
175 3349 332 3434 Rogerus
346 3346 387 3411 de
402 3346 607 3413 Farnburnia
626 3356 661 3412 et
676 3348 787 3435 Agnes
810 3370 893 3413 uxor
913 3348 984 3413 eius
1004 3348 1174 3435 pecierunt
1194 3349 1231 3414 in

99 3454 205 3521 curia
220 3452 255 3517 J.
272 3450 511 3517 Constabularii
527 3450 653 3517 Oestrie
668 3474 725 3517 sex
739 3475 801 3517 aer.
817 3460 903 3517 terre
917 3462 952 3517 et
966 3452 1042 3518 dim.
1058 3476 1133 3518 cum
1147 3462 1228 3541 pert

98 3560 138 3623 in
168 3555 318 3623 Bereuic
341 3578 454 3619 uersus
476 3555 661 3620 Johannem
684 3555 725 3621 de
752 3556 903 3642 Barneby
925 3578 985 3642 per
1012 3557 1112 3622 breue
1134 3558 1228 3625 Dona

97 3662 218 3749 Regis
235 3660 276 3725 de
291 3658 446 3736 recto,ita
456 3659 543 3746 quod
558 3660 644 3725 idem
656 3660 680 3724 J
680 3660 824 3724 ohannes
838 3660 873 3724 in
888 3659 1002 3725 eadem
1017 3660 1107 3726 curia
1120 3661 1230 3747 posuit

95 3788 136 3831 se
152 3766 195 3829 in
213 3782 371 3848 magnam
385 3761 518 3827 assisam
534 3770 568 3826 et
586 3762 721 3827 accessit
742 3762 784 3827 ad
806 3762 929 3827 curiam
951 3771 986 3827 et
1007 3764 1108 3849 peciit
1129 3764 1229 3830 breue

94 3870 141 3935 de
158 3888 262 3953 pace,
271 3872 306 3929 et
319 3864 463 3951 Rogerus
475 3872 509 3929 et
524 3864 635 3949 Agnes
649 3864 809 3929 miserunt
823 3864 923 3930 breue
938 3865 1036 3931 illud¹
1050 3866 1091 3931 ad
1106 3868 1229 3933 curiam

93 3996 163 4063 per
198 3968 381 4057 quemdam
409 3969 594 4035 Johannem
624 3990 683 4054 pro
709 3969 860 4035 habendo
883 3970 977 4036 breui
1000 3970 1041 4035 de
1070 3972 1229 4037 summon'

93 4084 259 4165 quatuor
280 4072 438 4139 militum¹
460 4074 502 4139 ad
524 4072 710 4162 eligendum
732 4074 797 4160 xij„
812 4082 847 4140 et
866 4074 928 4140 ibi⁴
948 4084 1150 4163 compertum
1164 4077 1229 4144 fuit

91 4410 106 4456 t
130 4270 398 4461 :3:523erss
412 4330 498 4385 which
513 4336 589 4385 tuma
604 4336 650 4384 out
733 4268 744 4368 i
760 4267 889 4397 gibbably
900 4334 929 4385 in
940 4334 986 4386 the
996 4334 1132 4401 chantem

107 4420 126 4456 0
296 4432 303 4447 .
