3167 5075
302 398 435 447 anser
455 397 530 446 mo
552 396 690 460 marre,
710 396 776 449 an.
800 384 894 458 1221,
916 396 978 447 an
1003 387 1030 447 5.
1152 386 1216 453 439

112 569 359 657 Fauoumbergo
372 571 493 637 elamat
506 592 621 635 uersus
635 569 811 633 Falconem
827 569 943 633 Besset
956 568 1155 655 prepositum
1175 569 1217 635 de

112 674 288 738 Beuerlaoo
310 682 345 737 et
366 674 543 760 Hugonem
565 672 607 737 de
628 672 739 737 Melea
785 672 830 735 Et
852 672 952 737 Fulco
974 682 1009 738 et
1029 673 1130 761 Hugo
1151 696 1218 739 non

112 786 274 843 uenerunt
290 786 358 855 eta,
374 790 425 844 set
444 779 604 865 Magister
622 777 790 842 Johannes
809 786 995 863 procurator
1016 800 1094 843 suus
1115 780 1218 859 uenit,

112 890 143 945 et
158 881 342 967 dicitquod
356 881 457 947 assisa
474 903 539 945 non
560 881 659 946 debet
678 880 755 945 inde
773 881 852 959 fieri,
875 882 952 967 quia
973 882 1122 947 dominus
1141 905 1219 948 suus

112 976 213 1049 habet
241 984 430 1049 libertatem
459 983 546 1070 quod
574 1006 640 1049 non
669 983 767 1048 debet
796 984 951 1069 placitare
980 992 1073 1049 extra
1106 985 1219 1051 uillam

111 1088 150 1151 de
165 1088 345 1153 Beuerlaoo
359 1086 399 1152 de
415 1086 525 1173 aliquo
540 1094 728 1152 tenemento
743 1109 810 1165 suo,
822 1096 857 1152 et
871 1086 947 1152 inde
962 1089 1084 1174 profert
1097 1097 1219 1155 cartam

111 1192 238 1257 domini
252 1193 283 1257 J.
300 1192 400 1279 Regis
414 1214 478 1277 que
493 1192 554 1256 hoe
568 1191 656 1257 idem
671 1199 822 1257 testetur.

176 1297 224 1361 Et
238 1296 357 1361 Petrus
371 1295 451 1360 dioit
466 1294 553 1381 quod
567 1303 659 1360 carta
676 1295 734 1360 illa
752 1318 819 1360 non
842 1295 941 1362 debet
960 1296 992 1361 ei
1011 1318 1125 1363 nocere
1144 1297 1222 1383 quia

111 1400 200 1465 idem
222 1400 325 1464 Fuloo
344 1420 513 1484 nunquam
531 1398 596 1463 fuit
614 1399 651 1464 in
672 1398 792 1464 saisina
813 1400 853 1465 de
875 1400 1090 1466 aduoeaoione
1112 1401 1169 1466 illa
1186 1410 1222 1467 et

112 1504 190 1569 inde
206 1503 294 1589 petit
308 1502 449 1568 assisam
495 1504 539 1567 Et
560 1502 634 1568 ideo
656 1503 809 1589 procedat
830 1504 938 1583 assisa,
959 1514 993 1570 et
1015 1505 1078 1591 ipsi
1099 1528 1222 1571 resum-

113 1613 312 1671 moneantur
333 1611 393 1668 eta
421 1603 507 1689 quod
530 1603 598 1669 sint
620 1626 727 1669 coram
749 1603 856 1691 Rege¹
878 1614 938 1673 eto.
968 1614 1003 1671 et
1032 1628 1143 1671 omnes
1171 1629 1221 1673 re·

113 1711 298 1799 cognitores
312 1708 535 1773 attachientur
549 1717 609 1774 eto
628 1707 634 1794 Ι

56 1818 79 1879 2
176 1814 384 1880 ‘willelmus
413 1814 444 1879 le
474 1814 575 1901 Petyt
603 1812 733 1879 uersus⁸
760 1814 946 1881 Johennem
971 1815 1155 1881 Godeherte
1181 1815 1223 1881 de

112 1922 343 2009 plaeitoassise
355 1919 468 1985 mortis
476 1920 687 1985 antecessoris
696 1942 756 2005 per
763 1919 940 1985 Ricardum
952 1919 1055 1983 filium
1067 1919 1224 1985 Willelmi

112 2026 172 2091 tali
199 2025 262 2090 die.
306 2023 401 2090 Idem
425 2024 495 2090 dies
520 2023 617 2089 datus
643 2032 694 2089 est
716 2024 866 2089 omnibus
888 2022 1142 2110 recognitoribus
1168 2024 1225 2111 qui

111 2137 287 2195 uenerunt.
332 2129 377 2193 Et
398 2127 566 2193 sciendum
589 2128 676 2214 quod
699 2128 800 2194 breue
821 2128 976 2215 originale
999 2128 1155 2195 amissum
1174 2137 1225 2195 est

113 2243 147 2297 et
161 2233 229 2297 fuit
244 2232 344 2297 breue
359 2230 460 2317 Regis
474 2230 498 2295 ,J
498 2230 638 2295 ohannis
644 2239 679 2295 et
691 2232 849 2297 iuratores
861 2239 1026 2297 testantur
1034 2233 1121 2317 quod
1135 2233 1225 2302 uisus

113 2338 221 2402 faetus
236 2335 301 2399 fuit
315 2334 357 2399 de
371 2342 467 2411 terra,
482 2342 518 2399 et
532 2334 605 2400 ideo
620 2334 721 2399 assisa
734 2335 885 2420 oapiatur
899 2336 969 2401 eine
984 2335 1078 2402 breui
1093 2344 1151 2401 eto

54 2440 79 2504 a.
179 2440 244 2505 ⁴ae
266 2439 309 2505 ao
336 2439 397 2505 hoc
418 2438 498 2505 aco
520 2437 606 2524 quod
628 2438 758 2504 habeta
780 2439 816 2503 in
837 2440 944 2504 muro
965 2440 1007 2505 (ιο
1029 2440 1169 2505 termino
1192 2439 1224 2507 s,
1301 2413 1314 2442 ⁰

113 2544 288 2611 Michaelis
310 2567 396 2608 anno
421 2552 514 2609 sexto
536 2543 714 2629 incipiente
736 2544 803 2630 vij⁰.
825 2566 905 2610 eom.
929 2545 1044 2612 cumb.
1067 2545 1153 2612 inter
1174 2545 1225 2612 W.

113 2651 155 2716 de
179 2650 276 2714 Bello
299 2649 423 2735 Campo
446 2657 481 2713 et
503 2649 705 2714 Willelmum
728 2650 759 2713 le
787 2649 1018 2716 Chemberlein
1041 2651 1127 2737 quod
1150 2651 1227 2716 licet

113 2757 217 2821 breue
248 2754 405 2841 originale
434 2752 641 2839 deperditum
670 2750 716 2817 sit
744 2753 773 2818 si
802 2754 1020 2820 summonitus
1057 2763 1227 2843 eognoscat

113 2859 408 2926 summonioionem
423 2866 459 2923 et
473 2858 560 2944 quod
575 2879 610 2922 se
625 2857 802 2922 essoniauit
820 2856 862 2922 ad
882 2857 1178 2937 summonitionem,
1193 2866 1228 2924 et

114 2965 270 3028 similiter
292 2962 320 3027 si
341 2961 521 3026 uiceoomes
542 2967 713 3048 eognoscat
735 2959 822 3046 quod
844 2961 961 3026 habuit
983 2962 1090 3040 breue,
1112 2970 1228 3028 tenens

113 3066 313 3154 respondeat
326 3064 397 3130 sine
410 3064 513 3130 breui.

52 3177 78 3240 4.
183 3170 314 3236 ‘Abbes
328 3168 370 3234 de
385 3169 417 3234 S.
432 3169 563 3234 Albano
573 3176 709 3255 questus
719 3168 783 3234 fuit
795 3167 881 3254 quod
892 3169 1055 3235 Hemioue
1066 3170 1228 3236 Buouinte

114 3275 242 3340 iniuste
256 3272 393 3338 intrusit
408 3295 443 3336 se
463 3273 499 3337 in
520 3281 641 3337 terram
664 3272 705 3337 de
731 3273 903 3337 Stanmere
925 3295 989 3358 que
1009 3273 1073 3339 fuit
1093 3273 1230 3340 Roberti

115 3379 158 3444 de
175 3379 350 3444 Stanmere
365 3383 400 3440 et
415 3375 509 3440 ouius
522 3375 671 3440 custodia
684 3375 727 3440 ad
742 3398 818 3440 eum
829 3375 974 3461 pertinet
989 3397 1027 3441 eo
1042 3375 1128 3462 quod
1142 3375 1230 3443 idem

115 3482 286 3549 Robertus
300 3479 341 3543 de
356 3501 395 3544 eo
410 3478 528 3556 tenuit,
542 3479 621 3544 eto.⁸

186 3587 233 3650 Et
255 3584 420 3650 Henriaus
445 3584 546 3662 habet
572 3583 660 3649 diem
681 3591 741 3648 eto.
764 3582 807 3647 ad
829 3580 1090 3669 respondendum
1115 3581 1156 3646 de
1179 3580 1229 3648 in·

117 3689 269 3754 trusione
283 3687 347 3752 illa

150 3827 311 3890 lquodrint
326 3839 410 3875 eoram
425 3826 524 3874 domim
539 3825 607 3888 Repe
622 3827 652 3874 irs
701 3825 730 3874 ol
750 3822 860 3874 oitation
882 3823 943 3874 here
964 3823 1037 3886 used,
1066 3825 1103 3874 Et
1124 3826 1159 3874 ad
1187 3827 1231 3874 too

115 3895 236 3942 aduentu
245 3909 289 3942 mo
300 3893 371 3954 apud
380 3893 530 3948 Eboracum,
542 3890 575 3938 B.
697 3893 767 3954 jacit
783 3893 851 3953 qaod
868 3891 973 3954 habetis,
992 3891 1016 3940 ia
1032 3889 1105 3940 often
1121 3888 1184 3940 used
1198 3889 1233 3954 by

151 3957 215 4005 ²A.
226 3972 262 4006 m.
273 3955 345 4015 aem
362 3959 410 4006 not
421 3954 586 4005 foundinB.
702 3956 826 4004 Braoton.

151 4021 249 4071 ⁸This
259 4021 479 4084 entryiaamong
488 4019 653 4079 theeaaoins,
735 4017 895 4072 'amaa
931 4018 986 4071 'l'he
1000 4019 1052 4070 last
1068 4018 1233 4070 membraneo

117 4103 151 4140 ao
161 4086 328 4136 understand
338 4089 450 4136 erroaiat
460 4101 495 4142 re,
507 4087 538 4135 A.
704 4085 732 4134 ol
753 4085 807 4134 this
829 4086 879 4134 roll
901 4099 972 4134 seem
987 4089 1035 4136 not
1051 4089 1079 4134 to
1095 4085 1189 4148 belong
1204 4089 1234 4135 to

153 4154 167 4186 ⁴
186 4153 234 4202 See
249 4151 301 4202 last
318 4167 384 4202 ease.
419 4151 484 4200 This
500 4155 570 4212 note,
583 4153 654 4200 most
703 4149 798 4200 Pasoh.
809 4150 840 4198 A.
853 4150 884 4198 R.
897 4151 920 4207 5,
932 4149 984 4200 and
1001 4151 1014 4198 I
1032 4149 1088 4199 find
1104 4149 1159 4200 thie
1175 4163 1234 4200 ease

118 4219 150 4268 ot
165 4217 251 4267 which
261 4219 286 4267 is
296 4217 326 4267 in
336 4217 383 4267 tha
393 4217 503 4279 margin,
516 4216 541 4266 ia
551 4216 655 4276 written
704 4230 739 4264 on
756 4215 802 4264 the
818 4215 868 4264 roll
885 4215 926 4265 tor
937 4215 1016 4265 Mioh.
1028 4216 1059 4264 m
1071 4215 1103 4264 R.
1116 4218 1131 4264 5
1143 4215 1197 4266 and
1207 4217 1231 4278 d,

118 4285 159 4347 by
182 4283 228 4332 tlre
254 4283 363 4346 oopyist.
395 4282 519 4340 Braeton,
547 4282 566 4331 f.
596 4283 651 4342 189,
706 4281 763 4330 Gor.
775 4280 839 4343 Reg.
850 4279 917 4330 Roll.
929 4281 978 4330 No.
992 4282 1031 4344 12,
1044 4295 1080 4329 m.
1093 4280 1157 4332 1711.

119 4348 201 4398 deala
215 4348 276 4398 with
292 4347 339 4398 the
355 4347 410 4398 losa
429 4348 457 4396 ot
477 4347 523 4398 the
545 4345 655 4409 original
737 4345 749 4377 ⁶
765 4345 813 4396 See
835 4346 923 4405 abore,
947 4345 1012 4396 Casa
1034 4347 1091 4406 394,
1113 4346 1153 4396 lor
1169 4345 1235 4396 later

120 4413 186 4464 urit
198 4413 304 4465 without
315 4412 399 4476 oiting
409 4427 490 4463 oases.
524 4412 655 4462 Thetorm
706 4411 883 4476 promedings.
