3167 5075
358 398 421 461 154
574 411 693 461 consu
715 410 816 472 snos,
837 410 902 459 sn.
927 396 1085 471 1235-6,
1107 410 1171 461 sn
1194 398 1244 463 20.

356 594 479 652 etatem
493 596 529 651 et
543 586 578 651 in
596 584 743 652 custodis
761 585 864 671 ipsius
885 584 1031 663 Comitis,
1046 592 1081 649 et
1099 584 1129 649 si
1151 584 1268 652 Comes
1289 584 1453 673 aliquando

354 688 431 755 inde
446 698 531 755 esset
546 689 756 776 inplacitatus
770 711 835 753 non
851 687 960 774 potuit
974 695 1086 753 tamen
1099 688 1252 754 amittere
1269 696 1388 755 terram
1401 710 1454 775 per

353 795 511 861 iudicium
527 818 590 881 que
611 795 675 860 fuit
695 794 797 881 ipsius
818 792 979 859 Johannis
999 815 1060 859 neo
1081 792 1184 859 ocium
1205 794 1275 881 ipse
1295 794 1454 859 Johnnnos

353 900 417 966 fuit
432 899 474 965 od
488 900 548 965 hoo
565 908 706 964 uocatus.
1475 964 1480 979 ,

418 1003 463 1067 Et
486 1002 651 1067 Wolterus
676 1000 757 1066 dicit
781 999 868 1087 quod
893 1000 943 1066 ita
968 1000 1032 1065 fuit
1057 1000 1197 1067 feofutus
1221 1010 1257 1067 et
1281 1001 1452 1069 disseisitus

352 1115 466 1194 postes
480 1115 515 1172 et
534 1114 648 1193 postes
667 1106 758 1171 illam
780 1105 986 1191 recuperauit
1007 1127 1066 1191 per
1086 1105 1243 1171 iudicium
1265 1106 1352 1173 siout
1371 1106 1453 1193 prius

352 1210 444 1276 dixit.
488 1210 532 1275 Et
554 1209 701 1296 quesitus
723 1208 757 1273 in
779 1208 871 1273 ouius
896 1230 996 1273 manu
1022 1208 1086 1273 fuit
1110 1215 1198 1275 tens
1221 1209 1279 1275 ills
1302 1210 1451 1297 quamdiu

352 1312 416 1378 fuit
431 1321 523 1378 extra
537 1312 697 1389 seisinsm,
712 1310 792 1376 dioit
807 1310 893 1397 quod
907 1310 943 1375 in
954 1333 1053 1375 manu
1069 1311 1162 1377 Dom.
1173 1312 1273 1399 Regis
1286 1313 1452 1401 aliquando

351 1417 387 1483 in
402 1439 500 1483 manu
517 1417 662 1493 aliorum,
678 1423 728 1481 set
742 1437 871 1500 semper
890 1413 970 1479 dicit
985 1412 1057 1501 per¹
1072 1414 1163 1479 illam
1182 1418 1388 1503 recuperauit
1401 1440 1453 1505 per

352 1520 508 1588 iudicium
524 1521 703 1587 secundum
719 1520 806 1607 quod
821 1519 1004 1606 predictum
1019 1527 1069 1585 est
1083 1527 1144 1585 eto.

418 1627 463 1691 Et
481 1626 649 1693 Johsnnes
670 1624 751 1691 dicit
773 1624 860 1712 quod
881 1624 930 1689 ita
951 1623 1015 1690 suit
1036 1624 1071 1689 in
1093 1624 1213 1690 seisinu
1234 1625 1314 1691 dum
1339 1626 1401 1691 fuit
1421 1626 1452 1690 in

351 1729 499 1797 custodis
520 1738 555 1796 et
576 1730 660 1795 inim
681 1736 804 1795 etatem
824 1736 860 1793 et
880 1727 966 1814 quod
980 1726 1068 1792 idem
1083 1728 1248 1793 Walterus
1262 1752 1329 1795 non
1344 1730 1452 1796 habuit

351 1834 532 1921 ingressum
562 1833 624 1898 nisi
654 1854 713 1919 per
740 1831 942 1897 disseisinsm
972 1853 1071 1917 quam
1097 1830 1197 1897 Dom(
1221 1832 1292 1897 Rex
1322 1834 1354 1899 ei
1383 1833 1453 1900 fecit

351 1936 529 2003 secundum
544 1935 630 2023 quod
645 1934 829 2022 predictum
845 1941 904 2011 est,
919 1942 954 1999 et
968 1934 1063 1999 offert
1077 1934 1170 1999 Dom
1187 1934 1272 2022 Regi
1288 1936 1313 2022 j.
1330 1936 1451 2023 palefri-

352 2041 431 2107 dum
446 2064 505 2128 per
518 2042 564 2106 sio
578 2040 665 2128 quod
679 2040 802 2105 ueritas
822 2038 1006 2126 inquimtur
1026 2040 1081 2103 uel
1102 2061 1162 2125 per
1181 2040 1350 2107 renoldum
1372 2041 1453 2107 curie

351 2146 406 2212 uel
421 2146 484 2212 alio
499 2146 601 2211 modo.
648 2144 692 2208 Et
712 2143 747 2207 in
769 2143 900 2208 recordo
921 2143 1009 2231 apud
1024 2144 1353 2210 westmonasterium
1374 2166 1452 2210 oom-

350 2260 480 2337 pertum
496 2251 647 2338 estquod
662 2250 827 2315 Walter-us
842 2272 901 2336 per
913 2248 1071 2314 iudicium
1086 2250 1292 2337 recuperauit
1305 2250 1451 2316 seisinsm

350 2378 443 2421 suam
463 2357 563 2421 talem
584 2356 713 2443 qualem
732 2354 849 2420 habuit
864 2353 994 2441 quondo
1007 2353 1189 2420 disseisitus
1203 2354 1268 2420 fuit
1282 2356 1374 2421 saluo
1388 2355 1451 2420 iure

350 2458 532 2525 cuiuslibet.

415 2564 533 2630 Postes
553 2563 756 2630 recordatum
779 2572 830 2630 est
854 2572 888 2629 et
913 2587 934 2629 u
956 2564 1049 2630 Dom.
1073 2564 1164 2652 Rege
1186 2573 1221 2630 et
1242 2565 1377 2631 oonsilio
1398 2587 1452 2630 suo

349 2668 436 2753 quod
457 2667 545 2734 idem
567 2668 590 2734 J
591 2669 734 2734 ohannes
754 2669 878 2733 nullam
899 2667 1016 2733 habuit
1035 2667 1186 2734 seisinsm
1201 2668 1281 2734 dum
1294 2669 1361 2734 ruit
1375 2670 1453 2734 insto

349 2778 472 2836 etatem
488 2779 522 2837 et
537 2771 573 2837 in
586 2771 733 2836 custodio
747 2794 808 2836 neo
822 2771 885 2836 olio
900 2770 996 2836 modo
1009 2793 1070 2836 neo
1081 2780 1175 2858 potor
1188 2794 1267 2836 suus
1281 2771 1361 2838 inde
1375 2772 1451 2838 obiit

348 2874 478 2941 seisitus
503 2875 566 2940 nisi
592 2874 678 2962 quod
705 2875 821 2941 Comes
851 2874 1052 2940 Gloucestrio
1077 2874 1229 2940 seisinsm
1255 2875 1375 2942 habuit
1398 2899 1452 2964 per

348 2979 454 3066 ipsum
470 2980 563 3045 Dom.
579 2981 704 3066 Regem
721 2979 807 3045 sicut
826 2980 896 3064 ipse
918 2981 990 3044 Rex
1012 2979 1175 3066 cognoscit
1196 2988 1370 3066 postquam
1392 2981 1451 3046 dis·

348 3083 474 3148 seisiuit
489 3083 595 3169 ipsum
611 3083 803 3149 Walterum.
849 3085 892 3148 Et
913 3083 991 3170 quis
1010 3084 1197 3150 continetur
1210 3085 1246 3150 in
1260 3085 1356 3152 breui
1371 3085 1452 3173 quod

347 3187 434 3252 idem
455 3187 622 3254 «Iohannes
645 3189 765 3274 profert
787 3187 875 3274 quod
897 3188 961 3253 fuit
981 3188 1162 3254 disseisitus
1176 3212 1236 3276 per
1248 3191 1451 3258 uoluntatem
1553 3176 1554 3211 i

347 3300 417 3371 eto,
439 3300 473 3357 et
495 3293 697 3357 recordatum
720 3301 770 3357 est
792 3291 880 3378 quod
902 3316 1071 3381 nunquam
1092 3295 1244 3360 seisinsm
1266 3295 1385 3361 habuit
1405 3305 1452 3360 set

346 3396 511 3483 predictus
538 3397 661 3476 Comes,
684 3420 743 3463 neo
769 3405 878 3484 potest
904 3397 1057 3464 disseisiri
1082 3399 1200 3487 uliquis
1223 3400 1371 3487 quinon
1393 3401 1452 3466 fuit

346 3502 485 3579 seisitus,
514 3501 751 3567 consideratum
781 3511 832 3567 est
861 3502 948 3588 quod
977 3503 1142 3568 Walterus
1171 3511 1284 3569 teneat
1312 3503 1349 3569 in
1377 3525 1452 3591 paco

347 3613 381 3670 et
395 3604 418 3670 J
420 3604 562 3670 ohannes
576 3605 612 3669 in
626 3604 844 3670 misericordia
859 3612 893 3671 et
907 3605 1074 3690 perquirat
1088 3605 1151 3671 sibi
1164 3628 1224 3691 per
1242 3607 1333 3672 uliud
1355 3607 1452 3673 breue

347 3710 375 3775 si
390 3709 510 3775 uiderit
525 3709 683 3796 expedire.
1154 3716 1159 3727 '

215 3829 308 3892 1134,
413 3813 577 3879 Galfridus
598 3813 639 3876 de
662 3813 852 3900 Lnnglegha
873 3811 958 3898 petit
981 3834 1094 3877 uersus
1118 3811 1298 3878 Robertum
1322 3813 1453 3881 Musnrd

222 3929 296 3970 ⁰¹0¹¹²
346 3919 558 3985 medietatem
580 3917 681 3983 trium
701 3916 851 3981 hidarum
867 3924 902 3981 et
916 3915 1013 3981 unius
1027 3915 1155 4003 uirgato
1170 3924 1255 3981 terre
1270 3925 1305 3983 et
1319 3918 1452 3984 dimidie

346 4031 382 4088 et
396 4023 416 4088 l.
427 4043 573 4086 summm
588 4019 674 4106 prati
689 4042 763 4084 cum
778 4027 860 4105 pert.
874 4019 910 4082 in
925 4017 1147 4105 Suthingtonu
1162 4027 1200 4085 ut
1214 4019 1266 4084 ius
1279 4043 1379 4086 suum
1393 4029 1451 4088 eto

347 4125 391 4189 Et
416 4123 579 4189 Robertus
605 4121 698 4186 uenit
724 4129 759 4186 et
788 4121 875 4207 petit
900 4120 977 4186 inde
999 4120 1108 4186 uisum
1132 4129 1191 4186 eto
1236 4123 1372 4189 Habeat
1394 4133 1451 4190 eto

346 4227 427 4294 Dies
446 4226 543 4292 datus
562 4234 613 4291 est
635 4225 681 4291 eis
704 4234 763 4292 eto.
788 4233 824 4291 et
846 4225 979 4291 interim
1002 4232 1062 4291 eto
1107 4225 1152 4290 Et
1175 4225 1343 4293 sciendum
1367 4227 1452 4315 quod

347 4329 522 4396 Hasoulfus
551 4329 712 4416 particeps
741 4327 887 4394 eiusdem
918 4327 1056 4394 Gslfridi
1080 4327 1122 4393 de
1147 4329 1251 4394 ultera
1275 4329 1452 4398 medietate

752 4454 761 4487 ¹
779 4455 851 4505 Oorr.
863 4455 929 4518 quod
939 4456 986 4504 not
993 4470 1049 4520 per.
