3167 5075
333 395 450 445 66611
472 394 571 455 neor,
593 394 656 443 16
684 379 925 454 1638-9,111
950 379 998 441 23.
1155 376 1217 441 261

48 566 90 627 145.
183 568 292 634 Assisa
332 568 425 633 uenit
460 568 667 655 recognitum
702 566 731 631 si
766 565 902 632 Juliana
938 586 1002 651 que
1038 564 1102 628 luit
1138 569 1380 658 uxorflffi‘gqp

124 672 272 737 Willelmi
287 672 317 736 le
333 673 474 736 Bretone
490 680 524 735 et
546 671 655 757 plures
674 669 731 735 alii
749 668 871 733 iniuste
892 675 952 733 etc.
972 666 1219 731 disseisiuerunt

123 775 293 840 Martiuum
313 774 343 839 le
364 775 504 838 Bretone
525 772 566 837 de
581 772 682 837 libero
697 779 886 836 tenemento
900 792 958 834 suo
973 770 1008 834 in
1023 771 1168 856 Burgate
1183 777 1218 833 et

122 878 284 944 Wrotham
297 888 371 965 post
386 887 455 955 etc,
471 885 505 942 et
520 877 607 943 unde
622 876 703 943 dicit
718 876 804 963 quod
819 875 1065 941 disseisiueruut
1080 897 1155 939 6116
1176 874 1217 939 16

122 980 156 1043 lx.
168 982 253 1047 acris.

179 1086 220 1150 Et
245 1085 381 1152 Juliana
406 1094 440 1150 61
466 1084 522 1149 alii
546 1084 687 1149 ueniunt
713 1090 747 1147 et
773 1082 888 1147 dicunt
914 1080 1000 1169 quod
1022 1081 1123 1145 assisa
1151 1103 1216 1144 non

119 1188 209 1253 161161
231 1190 309 1254 inde
332 1189 403 1253 fieri
427 1188 504 1275 quia
526 1210 641 1253 reuera
656 1186 822 1272 predictus
838 1185 1022 1249 Willelmus
1036 1207 1111 1248 cum
1131 1193 1217 1248 esset

119 1292 284 1377 aliquando
298 1314 434 1377 persona
448 1289 627 1377 resignanit
642 1288 791 1353 ecclesias
812 1310 887 1352 suas
907 1296 942 1352 61
962 1287 1039 1352 16611
1059 1288 1217 1373 perquisi-

119 1406 183 1459 tum
205 1396 246 1461 de
271 1406 358 1459 terra
381 1395 438 1459 illa
461 1403 496 1459 et
519 1393 628 1458 tenuit
650 1392 685 1457 in
700 1392 910 1478 sunecagium
925 1400 1063 1456 matrem
1077 1390 1216 1477 predicti

119 1498 244 1563 Martini
265 1506 300 1563 61
319 1498 426 1583 ipsum
449 1496 627 1561 Martinum
647 1495 763 1582 genuit
783 1496 818 1560 in
838 1496 1010 1581 suneoagio
1030 1503 1065 1560 61
1088 1504 1217 1560 mortua

118 1600 255 1684 predicta
274 1609 379 1665 matre
394 1600 497 1685 ipsius
515 1598 647 1663 Martini
662 1598 755 1662 uenit
770 1598 858 1662 idem
872 1598 1056 1663 Willelmus
1071 1606 1105 1662 et
1120 1598 1216 1663 duxit

117 1704 212 1789 ipsam
231 1704 400 1770 Julianam
420 1703 454 1767 in
475 1724 607 1766 uxorem
628 1709 662 1766 et
682 1702 723 1765 16
744 1701 815 1786 ipsa
833 1701 950 1765 liberos
965 1701 1081 1766 habuit
1096 1710 1130 1766 et
1145 1701 1216 1787 ipsa

117 1832 184 1874 cum
207 1810 318 1875 liberis
341 1809 408 1874 suis
431 1807 540 1872 tenuit
562 1830 596 1872 se
619 1807 654 1871 in
678 1815 765 1872 16111
787 1808 846 1872 1116
869 1816 903 1871 61
926 1808 1032 1872 adhuc
1056 1816 1158 1883 tenet,
1181 1816 1216 1871 et

117 1912 288 1977 benedicit
304 1911 389 1998 quod
404 1910 492 1976 idem
508 1910 670 1975 Martinus
685 1910 785 1975 nichil
801 1911 881 1976 iuris
895 1912 1033 1976 clamare
1053 1919 1161 1996 potest
1180 1910 1216 1974 in

117 2024 195 2080 terra
217 2015 277 2080 illa
299 2015 377 2101 quia
399 2014 448 2078 ita
471 2014 603 2099 genitus
626 2021 677 2078 est
700 2014 736 2077 in
759 2015 939 2101 sunecagio.
985 2016 1029 2079 Et
1054 2013 1216 2077 Martinus

117 2117 189 2181 dicit
210 2116 300 2204 quod
320 2140 434 2182 reuera
457 2126 506 2181 est
528 2117 615 2181 filius
635 2126 669 2181 et
684 2117 776 2181 heres
791 2118 894 2203 ipsius
909 2118 1065 2182 Willelmi
1080 2126 1114 2182 et
1128 2118 1215 2201 quod

118 2234 214 2287 mater
235 2246 297 2288 sua
318 2222 382 2287 fuit
403 2222 510 2287 eidem
531 2222 694 2286 Willelmo
715 2222 909 2307 desponsata
923 2230 957 2287 61
975 2230 1122 2307 preterea
1135 2220 1216 2285 dicit

118 2324 194 2409 quod
214 2334 304 2389 terra
325 2324 383 2389 illa
402 2324 466 2388 luit
486 2324 651 2390 hereditas
670 2325 784 2390 matris
804 2348 861 2389 616
877 2333 927 2390 661
942 2334 1036 2411 pater
1050 2347 1128 2389 suus
1143 2347 1215 2389 eam
1287 2362 1290 2366 ›

117 2429 216 2494 tenuit
240 2429 284 2494 ad
308 2430 412 2493 uitam
436 2452 529 2493 suam
552 2452 611 2515 per
633 2430 739 2515 legem
765 2429 894 2515 Anglie.
938 2428 983 2492 Et
1007 2428 1077 2513 ipse
1102 2428 1215 2493 statim

116 2543 182 2617 post
209 2542 350 2600 mortem
386 2533 595 2599 1161116116
632 2532 710 2599 fecit
746 2532 823 2598 inde
860 2532 1047 2620 homagium
1084 2532 1217 2619 capitali

116 2638 237 2706 domino
253 2648 288 2705 61
303 2640 338 2704 in
353 2639 472 2704 seisina
486 2638 549 2703 fuit
564 2661 622 2724 per
637 2646 709 2703 octo
725 2638 803 2703 dies

173 2743 342 2807 Jmatores
370 2742 484 2806 dicunt
513 2742 599 2828 quod
628 2742 760 2828 quidam
797 2742 959 2807 Robertus
994 2741 1035 2806 de
1072 2743 1216 2828 Burgate

117 2847 304 2912 franchiauit
316 2855 436 2911 terram
451 2846 540 2911 illam
557 2855 591 2911 61
606 2845 696 2910 illam
712 2845 803 2910 dedit
818 2845 915 2909 matri
929 2845 1065 2932 predicti
1082 2845 1216 2910 Martini

117 2971 172 3034 que
190 2951 253 3015 fuit
272 2949 341 3014 filia
359 2949 473 3013 nillani
488 2948 590 3034 ipsius
604 2948 749 3026 Roberti,
764 2956 799 3012 61
818 2949 905 3013 idem
920 2949 1104 3013 Willelmus
1125 2948 1214 3013 illam

116 3052 316 3138 desponsauit
331 3060 367 3117 ct
382 3051 490 3116 tenuit
504 3074 575 3116 eam
592 3051 675 3116 sicut
689 3073 823 3116 uxorem
834 3074 926 3116 suam
942 3059 976 3115 61
991 3051 1031 3116 16
1046 3074 1085 3116 66
1099 3052 1216 3116 habuit

118 3157 191 3224 filios
205 3158 328 3224 scilicet
343 3157 444 3223 istum
460 3157 638 3222 Martinam
661 3165 695 3222 et
715 3157 817 3222 alium
839 3157 1001 3242 quendam
1023 3166 1215 3222 antenatum

116 3271 147 3324 61
173 3273 301 3328 mortua
329 3262 475 3348 predicta
503 3262 566 3326 1111
595 3262 682 3327 idem
712 3261 896 3325 Willelmus
926 3259 1145 3346 implacitatus
1174 3261 1215 3325 16

117 3364 221 3430 eadem
236 3375 323 3430 16116
337 3373 372 3430 61
387 3365 470 3429 dixit
486 3365 570 3450 quod
586 3365 684 3430 nichil
700 3365 779 3428 iuris
793 3363 911 3428 habuit
925 3363 960 3428 in
974 3364 1131 3428 1611611111
1151 3364 1215 3428 nisi

117 3468 234 3534 racione
249 3469 310 3533 filii
324 3469 376 3533 sui
391 3468 540 3533 antenati
551 3477 585 3533 61
596 3469 728 3533 uocauit
741 3468 844 3531 filium
856 3491 951 3531 suum
966 3475 1158 3531 antenatum
1173 3467 1215 3531 ad

117 3580 296 3648 warantum,
320 3579 355 3636 et
377 3571 455 3657 quia
475 3570 544 3656 ipse
567 3571 630 3635 fuit
652 3571 735 3634 infra
760 3578 883 3634 etatem
909 3569 1063 3634 remansit
1090 3569 1217 3655 loquela

116 3673 177 3738 siue
191 3675 245 3740 die
260 3697 362 3760 usque
378 3674 419 3739 ad
434 3682 556 3738 etatem
572 3683 605 3738 et
620 3674 689 3760 ipse
703 3673 788 3737 infra
803 3681 925 3737 etatem
940 3673 1031 3748 obiit,
1040 3679 1073 3736 et
1089 3680 1216 3737 mortuo

117 3799 150 3840 6ο
173 3779 265 3843 uenit
286 3778 349 3843 iste
372 3777 533 3842 Martinus
555 3785 589 3841 61
611 3777 688 3841 16611
710 3775 785 3840 1116
810 3775 997 3861 homagium
1023 3775 1217 3860 capitalibus

118 3879 247 3946 dominis
268 3890 302 3946 61
323 3883 360 3946 in
381 3881 499 3946 seisina
521 3881 584 3945 fuit
607 3881 783 3945 secundum
807 3879 892 3965 quod
912 3878 1094 3965 predictum
1109 3886 1167 3955 est,
1182 3887 1217 3943 61

117 3983 160 4046 ita
173 3984 258 4069 quod
272 3983 401 4070 quando
415 3983 525 4048 duxit¹
539 3983 562 4048 J
563 3983 705 4047 ulianam
721 3981 899 4068 predictam
914 3981 948 4044 in
964 4002 1094 4044 uxorem
1117 3979 1217 4045 nichil

118 4085 226 4150 habuit
240 4087 302 4152 nisi
317 4110 376 4173 per
389 4087 495 4172 legem
510 4086 629 4172 Anglie
650 4085 692 4152 ad
711 4085 817 4150 uitam
839 4107 939 4149 suam.
984 4085 1027 4149 Et
1049 4084 1122 4148 1166
1142 4107 1218 4149 con·

119 4189 286 4257 sideratum
301 4193 453 4279 estquod
469 4193 629 4257 Martinus
648 4190 853 4277 recuperauit
874 4189 1024 4254 seisinam
1046 4211 1138 4253 suam
1159 4212 1218 4274 per

149 4361 157 4394 ¹
175 4361 343 4426 Hartismere,
359 4363 467 4415 81111111.
691 4362 874 4479 ὖυῖἰέζὲἥαω,
897 4365 944 4412 1ο1
973 4360 1078 4422 Murtin,
1105 4357 1217 4409 married
