3167 5075
418 399 560 461 namn,
581 399 646 449 an.
670 387 765 461 1226,
786 399 851 450 aa
875 387 924 450 10.
1165 385 1228 448 539

52 577 106 640 693.
193 569 388 637 ¹Willelmus
407 572 439 638 le
458 571 555 636 Veill’
570 570 657 656 petit
676 591 790 636 uersus
805 569 977 636 Warinum
998 569 1039 634 de
1060 567 1231 654 Bassingo-
1271 577 1367 619 cuvbr-

136 675 241 742 hornia
254 676 340 762 quod
353 676 469 742 reddat
484 675 516 740 ei
530 675 585 761 xij.
600 695 695 739 masa
712 696 793 759 quas
813 673 844 738 ei
864 672 964 738 debet
977 681 1046 738 ete,
1060 672 1101 738 de
1121 672 1233 738 debito

136 780 288 865 Weymeri
309 780 413 867 patuis
436 779 488 844 aui
508 779 602 844 euius
624 778 718 844 heres
739 787 810 854 eta,
832 776 919 842 unde
940 777 1027 842 idem
1050 777 1234 842 Willelmus

136 883 304 970 dicitquod
318 885 407 949 idem
422 883 617 969 Weymerua
630 882 718 968 cepit
733 881 775 948 de
788 904 828 947 eo
848 903 972 968 pannos
991 881 1033 946 ad
1053 881 1235 948 ualenciam

135 985 152 1050 l.
165 973 345 1064 mandarum,
359 996 396 1052 et
408 986 485 1052 inde
500 986 650 1072 producit
664 993 787 1050 sectam
802 1007 865 1072 que
881 985 942 1050 hoc
957 994 1099 1050 testatur
1114 994 1174 1051 ete.

192 1091 234 1156 Et
248 1091 401 1155 Warinua
414 1091 510 1155 uenit
524 1099 559 1154 et
580 1090 660 1155 dicit
681 1098 715 1154 et
735 1089 883 1154 defendit
903 1102 973 1162 eta,
989 1099 1023 1155 et
1043 1091 1129 1176 petit
1149 1091 1236 1178 quod

134 1204 213 1259 secta
232 1195 390 1260 Willeimi
410 1194 572 1260 audiatur.
618 1194 663 1258 Et
682 1193 798 1258 audita
817 1202 868 1258 est
888 1203 978 1259 secta
991 1217 1060 1272 sua,
1077 1204 1112 1261 et
1126 1219 1236 1283 recog-

132 1298 230 1364 nitum
259 1308 310 1364 est
339 1321 398 1384 per
425 1308 548 1364 sectam
576 1320 669 1362 auam
698 1297 785 1384 quod
814 1297 914 1363 nichil
943 1297 1019 1364 inde
1049 1300 1157 1365 sciunt
1185 1309 1236 1366 set

132 1403 244 1468 diuessi
270 1416 351 1468 sunt
375 1403 411 1468 in
437 1403 588 1468 omnibus
612 1402 734 1479 rebus',
756 1411 792 1468 et
817 1425 883 1468 non
906 1403 1005 1468 habet
1027 1405 1153 1470 talliam
1175 1427 1235 1471 nec

132 1517 245 1573 cartam
281 1531 342 1575 nee
378 1507 469 1573 aliud
506 1506 658 1572 ostendit
719 1507 763 1571 Et
800 1506 873 1572 ideo
910 1508 1147 1574 consideratum
1185 1517 1236 1575 est

132 1612 210 1696 quod
235 1612 390 1677 Warinus
418 1618 475 1676 eat
503 1609 579 1675 inde
609 1610 745 1696 quietus
770 1618 806 1674 et
835 1609 1019 1676 Willelmus
1047 1611 1081 1675 in
1111 1611 1234 1677 miseri·

131 1716 237 1783 oordia

49 1833 100 1896 594.
188 1819 346 1885 'Thomas
372 1819 463 1885 filius
488 1818 650 1904 Stephani
675 1818 762 1904 petit
785 1841 900 1884 uersus
925 1819 1103 1884 Radulfum
1129 1820 1233 1884 filium
1339 1851 1360 1880 ι.

132 1922 284 2010 Stephani
311 1924 353 1988 lx.
376 1945 466 1988 acras
487 1930 669 1987 terrenum
692 1931 773 2007 pert.
797 1922 832 1986 in
858 1923 1037 2010 Berkinges
1062 1931 1096 1988 et
1121 1945 1235 1989 uersus

130 2026 300 2094 Custodem
332 2027 545 2112 leprosorum
575 2025 616 2090 de
645 2025 811 2090 lllefordia
839 2049 868 2090 x.
899 2035 959 2092 acr'.
991 2034 1075 2090 terre
1110 2034 1169 2092 eta
1200 2027 1235 2092 in

129 2131 235 2196 eadem
262 2130 345 2196 uilla
370 2139 409 2195 ut
430 2130 482 2194 ius
503 2152 608 2206 suum,
630 2128 718 2194 unde
741 2128 929 2214 Stephanus
951 2129 1050 2193 frater
1071 2151 1149 2194 suns
1171 2130 1234 2196 fuit

128 2236 251 2300 saisitus
272 2245 314 2301 ut
336 2236 377 2301 de
399 2234 492 2300 feodo
514 2242 549 2300 et
570 2234 641 2298 iure
663 2241 733 2310 eta,
748 2241 783 2298 et
802 2233 843 2298 de
865 2233 1032 2319 Stephano
1054 2233 1133 2319 quia
1153 2235 1236 2300 obiit

128 2338 192 2404 sine
217 2340 339 2405 herede
364 2338 405 2404 de
436 2359 567 2424 corpore
596 2360 655 2402 sno
681 2337 848 2402 descendit
874 2338 926 2403 ius
951 2347 1035 2403 terre
1058 2339 1147 2404 illius
1172 2339 1235 2425 ipsi

129 2441 244 2508 Thome
260 2451 301 2508 ut
316 2442 410 2508 fiatri
424 2450 460 2508 et
475 2441 588 2507 hemdi
602 2464 661 2506 auo
675 2450 711 2507 et
725 2441 785 2506 hoe
800 2443 895 2506 offert
910 2451 970 2508 ete.

188 2549 232 2614 Et
246 2548 369 2615 Custos
388 2571 447 2634 per
465 2556 670 2613 attomatum
688 2570 785 2612 auum
806 2547 899 2611 uenit
920 2556 954 2612 et
976 2556 1072 2612 uocat
1094 2547 1170 2613 inde
1193 2548 1235 2615 ad

127 2662 305 2719 warantum
320 2652 504 2738 predictum
518 2651 708 2724 Radulfum,
722 2650 780 2737 qui
795 2652 826 2715 ei
840 2652 1029 2716 warentizat
1049 2660 1083 2717 et
1104 2651 1146 2717 de
1163 2660 1236 2719 tota

127 2768 208 2823 term
221 2757 373 2823 defendit
387 2756 439 2821 ius
452 2756 555 2842 ipsius
573 2754 697 2820 Thome
717 2763 752 2820 et
771 2754 924 2819 saisinam
945 2755 1106 2842 Stephani
1126 2756 1235 2822 fratris

125 2861 223 2947 ipsius
237 2862 374 2939 thome,
385 2868 420 2926 et
434 2860 527 2946 ponit
543 2859 628 2924 sein
644 2880 796 2945 magnam
807 2858 939 2923 assisam
951 2858 1044 2925 Dom.
1057 2858 1156 2946 Regis
1174 2858 1180 2947 Ι
1201 2868 1235 2925 et

124 2966 206 3051 petit
241 2964 500 3051 reoognieionem
536 2963 608 3029 fieri
645 2971 757 3028 utrum
793 2962 863 3049 ipss
901 2961 1006 3027 maius
1034 2964 1085 3029 ius
1115 2964 1235 3030 habeat

125 3070 255 3135 tenendi
277 3078 401 3135 tenum
422 3067 514 3132 illam
535 3067 570 3132 in
592 3066 754 3133 dominico
773 3088 817 3131 an
837 3066 924 3131 idem
946 3067 1086 3132 Thomas
1100 3067 1235 3132 tenendi

124 3170 229 3343 dehot
259 3275 402 3339 Thomas
430 3274 512 3339 dicit
541 3272 628 3361 quod
657 3272 847 3359 Stephanus
875 3273 976 3337 frater
1012 3296 1089 3337 suus
1125 3272 1235 3338 tenuit

125 3389 240 3447 terram
260 3381 354 3445 illam
374 3390 412 3445 ut
432 3379 522 3446 illam
546 3402 644 3466 quam
667 3378 855 3465 Stephanus
876 3386 1070 3463 pateranus
1091 3377 1122 3442 ei
1144 3376 1236 3442 dedit

124 3485 161 3550 de
175 3486 358 3573 perquisito
372 3508 431 3550 suo
446 3484 623 3550 tenendam
637 3484 678 3549 de
694 3484 807 3549 eodem
829 3483 998 3568 Stephano
1014 3492 1048 3548 et
1062 3482 1235 3547 heredibus

122 3589 195 3667 suis,
210 3598 246 3655 et
262 3588 343 3676 qnia
356 3588 444 3653 idem
460 3587 621 3653 Radulfus
640 3594 691 3651 est
706 3587 800 3652 heres
821 3585 983 3671 Stephani
1002 3584 1105 3671 patris
1124 3608 1234 3651 eorum
1271 3646 1274 3655 .

123 3714 185 3758 non
198 3701 395 3780 potestesse
410 3692 487 3757 inde
502 3692 653 3758 dominus
668 3700 703 3756 et
717 3692 819 3757 heres.

185 3796 230 3862 Et
257 3795 422 3861 Radnlfus
447 3793 640 3881 dicitquod
671 3793 860 3880 Stephanus
888 3800 984 3877 pater
1012 3815 1122 3858 eorum
1152 3793 1234 3860 obiit

123 3899 252 3966 saisitus
275 3899 318 3963 de
340 3906 427 3965 terra
447 3899 507 3964 illa
527 3907 566 3964 ut
588 3898 629 3963 de
651 3898 745 3963 feodo
766 3906 801 3963 et
822 3896 908 3984 quod
929 3897 1116 3982 Stephanus
1136 3898 1236 3964 frater

123 4026 233 4069 eorum
263 4025 434 4089 nunquam
464 4002 615 4068 saisinam
645 4002 722 4067 inde
752 4001 877 4077 habuit,
907 4008 943 4066 et
973 4001 1048 4065 inde
1077 4002 1171 4088 ponit
1199 4026 1234 4070 se

123 4106 157 4171 in
170 4130 328 4195 magnam
343 4108 477 4173 assisam
492 4109 546 4172 uel
560 4108 658 4173 aliam
678 4108 820 4172 iuratam
840 4106 925 4171 sieut
946 4106 1037 4172 euxia
1055 4107 1234 4173 considera·

124 4212 209 4275 uerit
223 4220 289 4276 etc.

156 4346 326 4401 ¹B.m.ld.
736 4347 878 4397 ³B.m.i.

154 4414 165 4444 ²
181 4415 221 4463 No
234 4412 336 4463 further
347 4412 500 4477 particulam
512 4410 540 4462 in
553 4412 582 4461 B.
