3167 5075
430 428 572 491 misor,
593 428 657 478 un.
683 414 777 490 1225,
799 428 862 477 sm
887 416 915 478 9.
1179 414 1218 477 91

128 602 236 668 debent
250 603 312 669 nisi
329 626 359 668 1.
374 602 428 667 sol
444 609 495 667 set
513 601 598 667 bene
617 607 815 689 cognoscunt
835 599 922 687 quod
944 607 1117 686 postnstus
1134 597 1222 664 filius

127 703 216 769 hebet
229 712 347 769 terrem
362 703 464 790 petris
478 702 529 767 sui
544 702 622 789 quis
635 710 723 767 terre
736 710 787 767 est
799 702 962 789 socegium
978 709 1012 767 et
1026 723 1093 765 non
1108 709 1159 766 est
1172 700 1222 766 ite

127 806 217 872 libers
240 807 326 894 qnod
352 806 588 893 primogenitus
613 806 700 871 filius
726 806 846 872 debent
871 828 946 872 eam
975 805 1093 872 hebere
1103 806 1123 872 ¹.
1176 805 1221 870 Et

125 907 203 973 idec'
215 908 273 975 flet
286 908 366 975 inde
381 909 489 974 iurata
504 916 538 973 et
553 908 666 974 ueniat
681 909 741 973 tali
756 909 809 973 die
829 908 871 973 cd
886 908 1178 995 recognoscendum
1192 907 1222 971 si

124 1012 250 1098 predicti
263 1014 381 1079 Petrus
395 1021 431 1077 et
445 1012 502 1077 alii
516 1019 652 1077 teneant
666 1020 858 1076 tenemento
873 1033 934 1077 sue
951 1011 988 1076 in
1007 1011 1121 1076 eadem
1141 1010 1223 1077 uillo

123 1122 154 1179 et
166 1138 288 1201 semper
302 1122 481 1180 tenuerunt
496 1113 536 1179 de
551 1122 644 1200 petre
658 1113 761 1199 ipsius
772 1113 796 1178 J
797 1113 906 1178 ulisne
921 1121 956 1178 et
966 1112 1223 1179 antecessoribus

123 1218 182 1283 suis
206 1218 304 1284 libere
330 1218 494 1284 reddendo
520 1218 561 1283 de
588 1218 734 1304 quelibet
761 1217 892 1305 uirgato
916 1225 1002 1282 terre
1027 1240 1058 1282 x.
1084 1218 1140 1284 sol.
1163 1239 1223 1304 pro

122 1321 261 1389 omnibus
282 1322 428 1389 seruiciis
451 1330 485 1387 et
507 1322 798 1387 consuctudinibus
823 1322 908 1387 sicut
933 1322 997 1408 ipsi
1022 1322 1145 1400 dicunt,
1167 1322 1222 1386 uel

121 1426 272 1494 reddendo
286 1452 316 1492 x.
333 1428 387 1493 sol
405 1436 439 1492 et
454 1425 601 1492 faciendo
616 1432 764 1511 preterea
778 1434 925 1491 arcturus
940 1434 975 1491 et
988 1426 1070 1491 alies
1084 1424 1222 1491 uilleuss

121 1531 360 1597 consuetudines
376 1540 411 1597 et
424 1531 474 1596 ita
487 1554 521 1597 se
541 1530 674 1597 interim
694 1530 875 1596 certificent
896 1540 935 1595 ut
955 1531 1084 1616 plenius
1103 1529 1221 1595 certifi-

120 1633 176 1697 cer’
199 1643 336 1719 possunt
361 1656 442 1720 ques
471 1634 721 1700 consuetudines
750 1642 810 1699 etc.
867 1634 913 1699 Et
941 1634 1143 1721 prohibitum
1171 1642 1223 1699 est

120 1735 242 1803 Julione
257 1760 298 1801 ne
315 1736 416 1802 finem
432 1736 530 1802 facias
545 1735 620 1802 etc.³
638 1735 643 1819 Ι

26 1846 88 1912 063.
178 1840 301 1907 ‘Abbas
316 1842 358 1906 de
375 1842 570 1929 Stsnleghc⁶
584 1842 670 1928 petit
685 1864 799 1908 uersus
818 1842 1012 1907 (lanfridum
1032 1841 1073 1907 de
1089 1842 1223 1908 Steuer·

121 1950 191 2007 tous.
211 1944 295 2030 quod
320 1943 418 2009 facist
441 1944 472 2009 ei
495 1944 668 2009 seruicium
692 1966 789 2009 suum
815 1944 902 2030 quod
928 1945 1032 2009 lacere
1056 1944 1156 2011 <lebet
1180 1944 1222 2009 de

120 2046 211 2112 libero
239 2056 431 2114 tenemento
460 2070 519 2113 suo
548 2047 635 2134 quod
663 2048 705 2115 de
735 2071 773 2113 eo
803 2057 897 2114 tenet
928 2048 964 2113 in
1001 2048 1144 2113 manerio
1180 2047 1222 2114 de

121 2150 299 2239 Stenleghe
347 2153 391 2216 Et
414 2152 589 2217 (laufridus
613 2154 706 2219 uenit
729 2162 764 2219 et
788 2153 869 2219 dicit
891 2153 978 2239 quod
999 2153 1099 2218 nichil
1120 2152 1162 2218 de
1184 2176 1222 2218 eo

119 2264 203 2322 tenet
230 2258 265 2322 in
296 2258 487 2345 Stenleghe,
510 2257 610 2322 immo
635 2266 728 2323 tenet
753 2258 794 2323 de
819 2257 913 2323 Dom.
937 2258 1030 2345 Rege
1054 2258 1090 2322 in
1115 2257 1222 2343 capite

117 2358 271 2425 reddendo
294 2359 327 2423 ei
349 2382 453 2425 unum
475 2360 694 2445 esperuerium
719 2382 837 2437 sorum,
857 2369 892 2425 et
912 2361 1005 2425 Dom.
1024 2360 1095 2425 Rex
1116 2360 1223 2425 estin

117 2460 225 2527 saisina
236 2462 280 2529 de
294 2463 434 2528 seruicio
448 2463 505 2527 illo
520 2470 554 2528 et
569 2486 696 2551 semper
711 2464 775 2528 fuir
789 2464 825 2529 in
838 2464 958 2529 seisins
972 2472 1007 2529 et
1020 2464 1112 2529 nullo
1125 2464 1223 2529 modo

119 2567 184 2630 uult
197 2566 348 2634 recedere
362 2590 383 2633 e
396 2567 490 2635 Dom.
505 2569 598 2655 Rege
613 2569 676 2634 nisi
690 2569 781 2635 cirris
795 2569 1055 2635 considerauerit.

176 2671 218 2735 Et
232 2670 348 2736 Abbss
363 2670 443 2736 dicit
459 2671 546 2757 quod
560 2671 670 2737 tenuit
685 2671 726 2737 de
738 2693 779 2737 eo
792 2679 830 2737 et
841 2672 966 2758 prefert
983 2672 1113 2736 littores
1125 2672 1221 2737 Dom.

118 2771 208 2861 Regis
244 2799 310 2862 que
350 2783 515 2840 testentur
550 2775 637 2861 quod
673 2797 748 2840 cum
785 2782 913 2840 constat
942 2775 1036 2840 Dom.
1066 2775 1152 2861 Regi
1181 2797 1221 2840 ex

117 2875 312 2963 iuspeccioue
337 2886 424 2944 carte
447 2879 541 2944 Dom.
561 2879 592 2944 J.
614 2878 714 2965 Regis
735 2877 839 2964 petris
859 2877 911 2942 sui
933 2900 1031 2964 quem
1053 2877 1165 2943 Abbas
1187 2887 1222 2943 et

118 2980 300 3050 conuentus
325 2982 365 3048 de
390 2983 569 3071 Stsnleghs
591 2983 714 3048 habent
736 2983 844 3069 ipsum
868 2982 962 3048 Dom.
986 2984 1128 3070 Regem⁶
1146 3007 1221 3050 cou-

119 3086 221 3152 tulisse
243 3087 429 3153 manerium
451 3086 492 3152 de
516 3088 697 3174 Stenleghe
718 3110 793 3152 cum
820 3087 970 3153 omnibus
995 3097 1076 3176 pert.
1099 3088 1222 3176 obmue

117 3188 178 3254 ulle
203 3191 401 3267 retencione,
431 3191 517 3257 unde
547 3192 682 3256 mandet
711 3191 900 3257 iusticieriis
929 3193 1016 3279 quod
1043 3193 1222 3259 iustificent

118 3292 290 3375 predictum
313 3294 509 3359 Gaufridum
530 3294 616 3380 quod
638 3294 736 3359 societ
757 3295 912 3381 predictis
933 3295 1057 3360 Abbati
1079 3304 1114 3360 et
1136 3296 1221 3362 Con-

119 3397 224 3461 ueutui
238 3396 417 3462 seruicium
433 3397 518 3482 quod
533 3397 632 3461 debet
647 3398 751 3462 fecere
772 3396 813 3462 de
834 3397 935 3462 libero
955 3404 1143 3462 tenemento
1162 3420 1221 3463 suo

118 3499 196 3582 quod
209 3500 249 3565 de
264 3502 314 3566 eis
332 3508 424 3566 tenet
438 3501 473 3567 in
488 3501 633 3588 predicto
649 3501 791 3566 manerio
807 3501 848 3566 de
863 3501 1044 3586 Stcnleghe
1058 3499 1220 3566 reddendo

119 3601 159 3665 eis
172 3625 273 3670 unum
289 3606 513 3690 esperuarium
529 3627 637 3670 sorum
652 3627 848 3691 perannum
863 3613 925 3670 etc.

175 3707 218 3772 Et
232 3707 413 3774 (laufridus
427 3707 512 3772 sicut
526 3708 617 3793 prius
632 3707 712 3772 dicit
727 3706 814 3793 quod
828 3706 929 3772 nichil
940 3715 1033 3773 tenet
1044 3706 1084 3772 de
1099 3707 1146 3772 eis
1160 3729 1222 3772 nec

119 3827 253 3894 unquam
283 3810 395 3875 tenuit
425 3817 460 3876 et
488 3809 562 3875 ideo
591 3810 631 3875 de
661 3810 755 3875 Dom.
781 3810 873 3897 Rege
903 3810 994 3875 nullo
1022 3812 1117 3876 modo
1145 3809 1222 3876 uult

120 3911 256 3979 recedere
271 3912 339 3978 nisi
353 3912 447 3978 Dom.
463 3913 533 3976 Rex
549 3910 677 3997 proprio
691 3933 746 3976 cre
761 3933 820 3976 suo
834 3911 866 3976 ei
880 3912 1046 3998 precipiet.
1089 3913 1133 3978 Et
1147 3913 1223 3978 ideo

121 4013 181 4080 sine
194 4017 245 4082 die
262 4039 432 4104 quousque
448 4016 540 4081 Dom.
557 4017 628 4080 Rex
643 4015 733 4080 eliud
748 4016 928 4101 preceperit
943 4025 1003 4082 etc

149 4185 157 4216 ¹
172 4187 192 4236 B
203 4192 284 4252 stopa.
692 4189 733 4238 lor
742 4188 788 4237 the
799 4190 924 4237 tenente?
945 4224 948 4229 .

149 4249 354 4316 ‘lhsborcugh
365 4252 478 4314 English
488 4252 545 4304 rulo
556 4252 640 4303 therc-
724 4253 781 4302 ⁴13.
795 4268 829 4303 m
845 4253 885 4301 1³.

122 4313 170 4426 {⁰5⁹
179 4316 263 4433 isanct
280 4333 298 4370 e
309 4319 456 4369 conclusive
467 4319 541 4369 merli
552 4319 581 4369 ol
595 4319 641 4369 vil·
692 4319 740 4434 ΜΞ
751 4316 910 4380 Stoneleigh.
943 4317 1057 4368 Monesi.
1076 4318 1126 4369 vol.
1148 4319 1174 4380 5,
1191 4333 1220 4381 p.

131 4393 200 4496 milii
215 4448 268 4498 this
283 4447 446 4512 prohibition
463 4465 480 4500 s
496 4447 640 4512 protection
724 4419 850 4513 ⁸'Supply
860 4450 906 4506 eis,
917 4448 947 4499 B.
