3167 5075
362 398 424 465 236
578 406 903 471 contraponat).
927 388 1085 467 raet-s,
1107 405 1170 456 sn
1194 391 1243 455 22.

360 584 523 670 uirgatam
545 590 629 647 terre
651 603 726 647 cum
747 586 829 667 pert
844 578 880 643 in
895 578 997 643 Hulle
1011 577 1046 642 in
1061 600 1160 664 quam
1174 576 1260 643 idem
1276 576 1385 642 Adam
1397 598 1454 641 nou
1478 618 1482 625 -

361 687 461 753 habet
475 686 655 773 ingressum
670 682 734 748 nisi
748 704 808 770 per
820 681 1034 747 intrusionem
1049 702 1147 766 quam
1161 680 1196 745 in
1210 702 1283 745 eam
1297 679 1378 746 fecit
1390 669 1454 766 post

361 798 497 855 mortem
513 788 670 853 Willelmi
685 788 779 873 Heye
800 785 857 872 qui
876 784 968 849 illam
988 783 1097 849 tenuit
1118 782 1160 848 ad
1182 783 1286 849 uitam
1307 806 1401 848 suam
1419 782 1454 846 de

360 890 561 958 concessione
591 890 726 956 Henrici
755 888 796 954 de
825 888 1098 953 Trokemeretona
1121 886 1177 953 uui
1205 887 1308 974 ipsius
1334 884 1456 952 Ricardi

361 995 453 1061 cuius
476 995 569 1060 heres
592 994 661 1080 ipse
683 1001 733 1059 est
752 1001 792 1058 ut
811 992 900 1058 dicit
943 992 989 1056 Et
1012 991 1128 1057 habuit
1150 990 1239 1057 diem
1262 991 1299 1055 in
1325 991 1455 1056 crmtiuo

361 1098 568 1165 Asoenciouis
583 1105 754 1183 postquam
770 1096 878 1159 uisum
893 1094 994 1181 peciit
1008 1093 1042 1158 in
1058 1093 1153 1159 curia
1198 1094 1250 1159 Ad
1265 1116 1364 1180 quem
1379 1092 1457 1158 diem

361 1223 426 1267 non
441 1200 534 1266 uenit
548 1200 652 1287 primo
666 1198 719 1264 die
734 1198 847 1285 placiti
862 1220 922 1263 nec
936 1195 1077 1262 secundo
1091 1219 1152 1262 neo
1166 1196 1274 1273 tercio,
1285 1206 1337 1261 set
1350 1202 1458 1282 quarto

363 1303 416 1370 die
438 1304 532 1371 uenit
554 1304 687 1391 quidam
709 1312 744 1369 et
766 1302 907 1368 essoniat
932 1324 1019 1380 eum,
1041 1309 1092 1367 set
1115 1300 1274 1366 Ricardus
1294 1301 1384 1387 petit
1404 1297 1459 1364 sihi

363 1405 491 1471 allooari
516 1405 603 1493 quod
632 1406 735 1491 primo
764 1403 818 1469 die
847 1426 912 1469 non
940 1403 1122 1489 comparuit
1150 1423 1211 1467 nec
1238 1401 1381 1466 secundo
1406 1422 1458 1464 nec

364 1509 472 1587 tercio,
488 1518 539 1575 set
553 1510 638 1596 petit
658 1507 816 1573 iudicium
837 1507 878 1571 de
900 1507 1029 1572 defalta.
1073 1507 1120 1571 Et
1141 1505 1238 1570 datus
1259 1505 1324 1570 fuit
1345 1504 1380 1571 ei
1398 1504 1459 1569 dieo

364 1634 422 1699 per
443 1612 671 1677 essonietorem
692 1634 788 1676 suum
810 1609 846 1674 in
867 1609 1007 1675 crastino
1027 1608 1059 1674 S.
1075 1607 1235 1675 «Iohannis
1255 1607 1405 1693 Baptista
1418 1607 1459 1670 ita

364 1716 450 1803 quod
464 1716 656 1782 alloceretur
673 1716 704 1781 ei
724 1716 847 1781 defalta
867 1714 909 1780 ad
930 1714 1018 1778 diem
1040 1713 1142 1779 illum
1186 1712 1241 1778 Ad
1262 1735 1359 1799 quem
1382 1713 1459 1777 diem

364 1820 457 1883 uenit
471 1820 579 1885 Adam
594 1828 628 1884 et
643 1842 708 1885 non
728 1827 837 1905 potest
856 1840 969 1883 sanare
991 1818 1146 1883 defaltum
1168 1826 1232 1884 etc.
1277 1818 1354 1883 Post
1377 1815 1460 1882 uenit

364 1927 471 1993 Adam
494 1934 529 1992 et
550 1924 657 1990 reddit
679 1925 785 1990 eidem
807 1923 945 1988 Ricardo
965 1930 1085 1988 terram
1107 1922 1207 2001 illam,
1221 1922 1313 1987 saluo
1326 1922 1359 1987 ei
1373 1920 1461 1987 blado

364 2029 405 2095 de
420 2028 559 2094 instanti
573 2035 761 2112 autumpno.

431 2132 557 2198 ¹Assisa
577 2130 671 2197 uenit
692 2130 899 2217 recognitum
917 2129 946 2194 si
965 2130 1128 2195 Robertus
1145 2129 1177 2195 le
1192 2130 1335 2216 Coyners
1348 2130 1461 2195 iniuste

294 2250 305 2279 '
366 2246 400 2303 et
415 2236 484 2302 sine
504 2234 624 2300 iudicio
643 2233 822 2299 disseisiuit
842 2232 1027 2300 Johanncm
1048 2231 1089 2297 de
1111 2232 1253 2319 Coyners
1268 2232 1461 2299 Willelmum
1537 2239 1542 2248 “

365 2339 418 2404 del
434 2339 516 2404 Estr'
533 2347 567 2403 et
581 2338 720 2403 Aliciam
737 2359 870 2401 uxorem
886 2336 1012 2401 eiusde
1027 2336 1128 2401 libem
1148 2344 1337 2402 tenemento
1357 2360 1414 2402 suo
1431 2337 1462 2401 in

367 2442 538 2507 Northona
565 2450 639 2527 post
668 2441 806 2527 primam
832 2450 892 2505 etc.
938 2439 982 2504 Et
1005 2440 1189 2505 Willelmus
1214 2449 1249 2504 et
1274 2440 1382 2506 Alicio.
1403 2460 1462 2503 non

365 2553 528 2610 uenerunt
549 2553 584 2609 et
603 2543 676 2608 ideo
695 2543 758 2628 ipsi
773 2551 808 2607 et
822 2542 924 2630 plegii
937 2544 989 2608 sui
1003 2543 1045 2608 de
1059 2544 1283 2630 prosequendo
1297 2545 1331 2610 in
1346 2542 1463 2610 miseri·

362 2649 474 2716 cordia
488 2648 612 2714 scilicet
626 2646 723 2712 tales*
739 2655 799 2712 etc

431 2751 474 2815 Et
490 2750 652 2814 Robertus
668 2749 760 2814 uenit
775 2758 810 2814 et
823 2747 905 2813 dicit
923 2770 1037 2814 uersus
1056 2749 1240 2814 Johannem
1263 2749 1350 2835 quod
1370 2746 1463 2814 assisa

364 2877 430 2920 uon
452 2855 551 2920 debet
573 2854 650 2919 inde
675 2853 746 2918 fieri
770 2853 848 2940 quia
873 2853 948 2920 finis
974 2855 1079 2919 factus
1104 2855 1169 2919 fuit
1193 2855 1229 2918 in
1254 2854 1345 2918 curia
1372 2850 1465 2937 Regis

366 2959 497 3024 Ricardi
519 2959 606 3022 inter
627 2958 791 3045 Rogemm
811 2967 938 3044 patrem
952 2958 1092 3044 predicti
1107 2958 1242 3023 Roberti
1258 2966 1293 3023 et
1307 2957 1463 3042 Rogermn

366 3064 407 3129 de
430 3064 572 3149 Coyners
594 3063 792 3127 auunculum
816 3061 918 3147 ipsius
940 3061 1060 3148 Rogeri
1080 3061 1121 3126 de
1141 3059 1223 3126 uilla
1235 3061 1277 3125 de
1293 3059 1466 3130 Norhtona,

368 3168 521 3254 Grymhy,
546 3175 580 3231 et
605 3167 767 3231 Stantona
791 3165 931 3231 ’scilicet
955 3175 1029 3251 post
1054 3175 1192 3231 mortem
1219 3165 1340 3230 Basilie
1365 3161 1466 3227 uxoris
1546 3234 1547 3243 χ

367 3270 487 3357 Rogeri
507 3270 547 3334 de
572 3269 714 3355 Coyners
736 3291 800 3354 que
822 3277 902 3335 tunc
923 3269 1032 3334 tenuit
1053 3269 1090 3334 in
1111 3269 1221 3335 dotem
1243 3263 1466 3339 Northonam⁸‚
1546 3248 1547 3319 l

367 3373 453 3459 quod
477 3382 550 3459 post
575 3381 714 3437 mortem
740 3371 874 3436 Mabilie
897 3373 1007 3437 uxoris
1029 3372 1167 3438 Roberti
1188 3372 1229 3438 de
1254 3371 1394 3458 Coyners
1414 3365 1467 3434 aui
1546 3374 1547 3419 ἐ

367 3477 504 3562 predicti
531 3475 666 3540 Roberti
693 3495 756 3561 que
784 3482 866 3538 tunc
894 3475 1003 3541 tenuit
1028 3476 1175 3541 maneria
1198 3474 1240 3540 de
1267 3474 1410 3561 Gryseby
1433 3478 1466 3534 et
1546 3506 1547 3561 3

368 3581 528 3645 Stantona
549 3577 585 3643 in
608 3576 726 3654 dotem,
748 3576 893 3661 predicte
917 3577 995 3642 uille
1021 3577 1062 3642 de
1086 3577 1233 3663 Grysehy
1255 3586 1292 3643 et
1314 3579 1467 3643 Stautona
1546 3626 1547 3659 3

367 3685 571 3743 remanerent
594 3677 721 3762 Rogero
743 3676 783 3740 de
806 3677 948 3762 Coyners
970 3679 1133 3742 auunculo
1153 3677 1292 3764 predicti
1307 3676 1420 3764 Rogeri
1434 3683 1467 3738 et
1546 3682 1547 3749 1

367 3782 540 3846 heredibus
569 3779 637 3844 suis
666 3778 758 3844 cuius
784 3778 878 3844 heres
905 3779 975 3864 ipse
1001 3780 1169 3845 «Iohannes
1194 3789 1246 3845 est
1271 3790 1307 3846 et
1332 3780 1406 3845 uilla
1428 3776 1497 3840 de·
1546 3796 1548 3867 ζ

368 3883 517 3948 Nortoua
537 3890 721 3947 remaneret
743 3881 870 3966 Rogero
892 3882 1004 3966 nepoti
1025 3882 1128 3968 ipsius
1150 3883 1272 3969 Rogeri
1295 3882 1380 3969 patri
1400 3901 1468 3967 pre·

367 3986 447 4051 dieti
463 3985 599 4050 Roberti
614 3993 647 4050 et
663 3984 837 4049 heredibus
851 3984 928 4062 suis,
944 3995 979 4049 et
993 3986 1115 4071 profert
1135 3987 1371 4072 cyrographum
1388 3981 1469 4070 quod

368 4093 427 4156 hoc
444 4099 592 4155 testatur.
1545 4098 1546 4101 ’

400 4289 573 4341 ¹amsu.
943 4294 973 4342 n.
1007 4292 1464 4356 mauzerimum-mm
1545 4266 1546 4349 1

400 4357 410 4388 ¹
427 4355 561 4405 Nemesin
574 4355 604 4405 A.
942 4360 1231 4409 Basilie...Northouort
1249 4365 1275 4408 ct
1301 4365 1358 4422 port
1378 4365 1470 4405 nonen
1545 4360 1546 4367 ’

399 4421 439 4454 Η
455 4421 477 4470 Δ
494 4420 636 4484 misplaced
655 4421 849 4472 interlineetion
863 4422 892 4472 in
943 4426 1053 4474 11011110
1064 4427 1112 4474 eta
1545 4414 1546 4435 ³
