3167 5075
354 366 590 428 urcnrntuns,
612 367 675 417 nn.
702 355 794 430 1225,
818 368 879 418 nn.
905 355 1018 418 9-10.
1175 358 1237 420 529

191 538 237 603 Et
251 540 368 605 Petrus
383 548 418 605 et
432 540 539 606 Alicio
553 541 692 606 ueniunt
707 550 742 608 et
756 541 870 608 dicunt
884 544 972 630 quod
990 567 1054 609 non
1070 544 1191 610 debent
1207 546 1237 610 ei

120 642 200 708 inde
215 642 408 728 respondere
423 643 501 729 quie
515 651 602 708 terre
616 644 674 708 illo
688 644 766 709 datu
785 646 849 711 fuit
870 646 997 734 Rogero
1016 669 1078 712 uuo
1099 647 1237 732 predicti

119 744 252 810 heredis
272 755 307 811 et
327 745 414 831 patri
433 744 571 832 predicti
593 746 754 823 Giliberti‚
769 755 804 812 et
824 747 854 812 si
875 748 1010 814 heredes
1031 748 1133 834 ipsius
1156 749 1237 814 Gili-

118 848 224 913 berti¹
256 849 378 914 mortui
407 857 525 926 essent,
552 850 699 936 predicte
715 850 831 916 ·Hilde
858 859 944 917 esset
969 852 1062 917 heres
1091 852 1236 918 eiusdem

118 951 284 1028 Giliberti,
296 960 331 1016 et
345 952 376 1016 ei
391 960 501 1037 posset
515 960 603 1017 terre
617 952 673 1016 illa
688 952 881 1019 descendere
897 963 936 1019 ut
952 954 1064 1021 heredi
1076 955 1236 1032 Giliberti,

116 1062 153 1118 et
169 1053 245 1119 ideo
259 1053 361 1139 petit⁸
375 1054 533 1120 iudicium
548 1055 577 1119 si
591 1054 710 1119 debeat
725 1054 801 1120 inde
817 1055 848 1120 ei
863 1055 1064 1142 respondere.

185 1157 233 1220 Et
252 1157 355 1221 Hilde
374 1157 546 1244 cognoscit,
566 1166 617 1222 set
636 1157 717 1222 dicit
737 1158 824 1244 quod
846 1158 1025 1224 Gilibertus
1048 1160 1149 1226 habet
1170 1169 1236 1227 tres

114 1285 240 1348 pueros
254 1271 289 1328 et
303 1285 369 1326 non
383 1270 519 1347 possunt
534 1263 583 1328 ite
597 1263 637 1328 de
652 1263 739 1328 facili
754 1262 859 1330 mori⁸.

184 1366 232 1430 Et
253 1366 331 1451 quie
351 1365 423 1451 ipse
443 1366 605 1452 cognoscit
627 1367 714 1453 quod
736 1375 786 1431 est
809 1390 896 1432 soror
918 1369 1078 1447 Giliberti,
1094 1378 1128 1435 et
1150 1378 1237 1435 terra

113 1470 288 1537 descendit
310 1471 422 1536 heredi
448 1493 489 1536 ex
514 1479 608 1557 parte
630 1471 792 1549 Giliberti,
815 1472 1055 1538 consideratum
1077 1482 1126 1540 est
1149 1475 1235 1561 quod

112 1578 190 1662 ipse
210 1599 276 1640 non
295 1584 405 1661 potest
425 1575 608 1642 custodiam
630 1576 763 1662 petere‘.
810 1577 853 1640 Et
875 1576 949 1642 ideo
971 1577 1118 1642 custodia
1139 1600 1233 1664 puer-

113 1701 214 1743 orum
230 1687 266 1743 et
280 1685 366 1743 terre
386 1687 554 1743 remaneat
573 1678 671 1743 Petro
691 1687 726 1743 et
746 1678 851 1743 Alicie
871 1701 1038 1765 quousque
1057 1679 1174 1766 aliquis
1194 1703 1233 1744 ex

113 1789 213 1868 parte
243 1779 357 1845 metris
384 1780 426 1845 de
455 1781 645 1867 parentibus
674 1782 855 1846 custodiam
885 1778 986 1868 petat.
1043 1783 1088 1846 Et
1117 1782 1233 1848 Petrus

113 1885 219 1949 facist
255 1891 378 1948 cartam
415 1883 503 1970 quod
531 1883 681 1948 inueniet
710 1883 890 1948 necessarie
919 1883 1027 1969 pueris
1055 1883 1232 1950 secundum

111 1988 340 2074 quantitatem
376 1996 463 2052 terre
500 2010 603 2073 usque
632 1987 675 2052 ed
703 1996 827 2052 etatem
857 2011 950 2053 suam
981 1989 1034 2053 nel
1066 2011 1232 2074 quousque

111 2090 239 2176 aliquis
263 2112 321 2175 per
346 2090 515 2176 parentes⁶
540 2113 580 2154 ex
606 2098 698 2174 perte
726 2090 841 2155 metris
868 2090 1047 2155 custodiam
1073 2098 1173 2176 petat,
1198 2100 1233 2156 et

110 2195 177 2260 hcc
192 2194 386 2258 mandatum
401 2203 451 2259 est
466 2193 652 2258 uicecomiti
665 2203 725 2258 etc

39 2302 73 2364 u.
180 2297 325 2362 ⁸Leticie
338 2319 401 2383 que
416 2297 481 2362 fuit
495 2319 577 2362 uxor
591 2297 740 2363 Geufridi
760 2297 801 2362 de
817 2299 976 2363 Wenhele
998 2299 1097 2385 peciit
1117 2322 1230 2366 uersus
1283 2323 1353 2366 wis.

110 2402 278 2466 Thomem
299 2400 341 2465 de
363 2401 482 2466 Stolres
503 2423 600 2487 quern
622 2401 776 2466 Johenne
797 2400 838 2466 de
861 2402 979 2466 Stokes
999 2411 1033 2468 et
1053 2402 1149 2467 tales⁷
1169 2411 1228 2468 etc.

111 2511 320 2570 uocauerunt
334 2503 376 2568 ed
391 2511 571 2569 warantum
586 2511 621 2569 et
640 2504 697 2590 qui
716 2504 764 2569 eis
783 2504 1007 2571 warentizauit
1027 2513 1086 2571 etc.
1102 2513 1230 2573 tentem

111 2622 240 2675 terram
269 2618 331 2675 etc.
359 2631 435 2673 cum
463 2618 544 2694 pert.
575 2617 610 2673 et
639 2632 753 2674 uersus
785 2610 962 2676 Ricardum
991 2610 1162 2677 Decanum
1190 2611 1230 2677 de
1243 2636 1337 2676 oenoe

112 2710 330 2778 Offecherche
367 2719 494 2777 tentem
528 2720 648 2777 terrem
677 2722 738 2779 etc.
768 2722 808 2778 ut
837 2713 947 2778 dotem
977 2737 1070 2778 suern
1105 2722 1164 2779 etc.
1196 2723 1230 2779 et

112 2838 233 2880 uersus
254 2814 435 2880 Robertum
457 2814 729 2881 Molendinarium
751 2824 879 2881 tantam
903 2826 1023 2881 terram
1045 2825 1105 2883 etc.

182 2920 231 2983 Et
245 2919 394 2995 Thomss,
408 2918 566 2984 Ricardus
581 2928 616 2983 et
630 2919 794 2985 Robertus
808 2920 949 2985 ueniunt
964 2928 998 2985 et
1013 2930 1132 2986 uocant
1152 2921 1229 2987 inde

111 3022 159 3087 ad
173 3030 357 3086 warantum
373 3021 566 3087 Geufridum
580 3022 685 3087 filium
699 3030 735 3087 et
750 3022 905 3087 heredem
919 3022 1056 3108 predicti
1072 3023 1230 3101 Gsusridi,

112 3126 175 3211 qui
189 3146 324 3211 presens
337 3132 438 3188 estet
457 3123 539 3189 dicit
558 3124 644 3212 quod
664 3125 787 3189 nullam
811 3133 931 3189 terrem
953 3125 1053 3190 hebet
1074 3124 1116 3189 de
1137 3126 1228 3190 here-

113 3230 224 3294 ditate
253 3227 356 3314 putris
385 3227 445 3305 sui,
473 3236 524 3291 set
559 3250 674 3293 uerum
710 3229 785 3292 uult
822 3227 934 3293 dicere.
995 3228 1152 3293 Ricardus
1188 3230 1228 3295 de

115 3332 292 3399 Wlenhale
314 3332 396 3397 emit
419 3332 460 3397 de
487 3330 643 3396 Geufrido
666 3340 759 3417 petre
783 3354 842 3396 suo
865 3331 907 3396 lx.
931 3354 1020 3397 acres
1045 3340 1130 3397 terre
1154 3356 1229 3397 cum

114 3446 199 3525 pert
214 3437 251 3501 in
266 3435 436 3501 Wlenhele
451 3444 486 3500 et
501 3436 590 3499 illam
606 3436 715 3499 tenuit
729 3457 788 3520 per
802 3458 831 3499 v.
848 3458 949 3500 annos
964 3444 998 3500 et
1013 3444 1126 3522 postea
1139 3436 1228 3501 illam

114 3552 238 3606 terrem
255 3538 286 3603 ei
300 3537 392 3604 dedit
406 3538 442 3602 in
452 3537 660 3625 maritagium
675 3561 750 3602 cum
764 3537 833 3603 filia
847 3560 913 3603 suu

181 3646 229 3709 Et
243 3644 384 3709 Thomas
398 3652 434 3709 et
447 3644 504 3708 elii
518 3652 714 3729 cognoscunt
733 3642 820 3729 quod
840 3664 954 3707 reuera
973 3642 1131 3709 Ricardus
1148 3644 1229 3709 emit

114 3760 243 3817 terram
272 3749 364 3813 illem
392 3748 436 3813 od
461 3748 557 3833 opus⁰
586 3748 688 3835 ipsius
715 3746 865 3812 Geufridi
890 3755 928 3812 nt
954 3747 985 3811 ei
1011 3746 1103 3811 deret
1128 3748 1228 3813 filiam

112 3877 218 3919 suam

148 3979 513 4045 ¹HeirnoiGilbert'stocly.
731 3980 854 4029 ⁷Robert
877 3992 925 4027 son
947 3978 976 4027 ot
998 3978 1119 4036 servare,
1142 3976 1228 4042 Relph

149 4047 160 4078 ²
176 4045 231 4104 sio,
242 4046 274 4097 A.
699 4060 748 4094 son
759 4046 787 4094 ot
800 4044 889 4101 Scher,
901 4043 1011 4093 Andrew
1022 4044 1051 4093 oi
1061 4044 1148 4102 stoke,
1159 4045 1191 4093 A.

150 4111 317 4161 'Therefore
336 4105 382 4160 me
399 4110 498 4161 chance
519 4110 547 4160 of
568 4109 649 4160 Hilde
731 4110 849 4160 ‘Notius
856 4108 910 4159 this
917 4108 1042 4172 purchess
1051 4108 1141 4172 byone
1148 4112 1176 4158 to
1183 4107 1228 4158 the

116 4176 450 4239 inheritingisbutsmsll.
700 4174 914 4233 ussotsnother‚
926 4173 1226 4237 sssminglyusthemn·

151 4242 223 4291 ⁴Br.
235 4242 299 4295 tt?
306 4242 331 4291 b.
699 4240 807 4301 chinery
828 4240 857 4289 ot
883 4254 900 4288 s
925 4238 1054 4301 marriage
1081 4239 1228 4289 settlement

153 4308 165 4337 ⁵
181 4306 230 4367 Sic,
244 4307 282 4365 A:
298 4308 330 4357 ds
336 4308 494 4369 parentibus,
507 4307 538 4357 B.
700 4304 817 4366 whereby
836 4319 852 4353 s
870 4308 1000 4366 wensnty
1018 4304 1041 4354 is
1058 4304 1181 4355 rendered
1201 4304 1230 4353 ot

155 4371 167 4402 ‘
181 4372 211 4424 A„
223 4387 259 4421 m.
271 4373 304 4420 23
312 4372 342 4430 d;
360 4372 390 4421 B.
402 4386 436 4423 m.
452 4374 483 4423 19
490 4372 515 4423 d.
701 4385 735 4419 no
746 4370 829 4420 effect.

208 4490 242 4537 u.
266 4490 315 4538 111.
1098 4474 1140 4533 34
