3167 5075
414 454 565 515 iamim,
586 454 652 503 nn.
678 441 771 515 1224,
793 455 855 504 aa.
880 445 907 506 8.
1169 437 1209 506 ’51

123 630 157 695 ad
181 631 311 718 primam
341 630 472 697 wisan]
503 652 608 695 coram
639 628 825 695 iusticiariis
853 631 893 695 ad
920 619 1211 718 recognoscendum

120 734 145 798 si
165 742 243 800 terra
264 735 322 800 illa
345 733 527 821 nunquam¹
553 734 676 820 partita
702 734 766 798 luit
791 734 845 798 uel
871 734 915 799 sit
940 734 1102 820 partibilis
1127 736 1211 801 sicut

120 842 267 924 terraque
290 838 377 903 inter
398 838 513 902 hatrss
532 836 647 923 parthi
666 836 765 901 debet
786 845 845 901 etc
890 837 1008 904 Postea
1025 861 1210 905 concessum

118 949 159 1005 est
173 942 357 1027 petentibus
371 940 458 1028 quod
472 940 581 1006 iurata
594 940 708 1006 ueniat
722 948 781 1007 etc
798 940 859 1006 tali
872 940 934 1007 die.

19 1040 85 1105 1010.
171 1042 298 1109 'Sibilla
319 1043 387 1109 filia
400 1042 559 1109 Willelmi
580 1065 639 1129 per
659 1051 863 1109 attornatum
882 1066 979 1109 suum
994 1044 1082 1130 petit
1096 1067 1209 1111 uersus

114 1144 299 1212 Willelmum
313 1146 354 1212 de
370 1146 524 1213 Hui-dena
538 1154 573 1211 et
592 1146 778 1213 Johannam
800 1168 934 1212 uxorem
956 1147 1028 1213 eius
1049 1149 1208 1216 medieta-

114 1256 172 1313 tem
185 1250 279 1316 unius
294 1272 396 1317 carna
413 1260 587 1316 terrenum
604 1260 685 1337 pert.
701 1251 736 1316 in
752 1250 911 1339 Burgasse
927 1260 966 1317 ut
980 1252 1207 1319 racionabilem

112 1356 280 1437 pomionom
303 1378 396 1421 suam
420 1378 484 1443 qua
508 1378 581 1421 eam
606 1354 768 1442 contingit
793 1353 835 1419 dc
865 1354 1047 1421 hereditate
1069 1358 1208 1443 predicti

112 1456 253 1524 Willelmi
266 1460 371 1545 patris
384 1459 528 1545 ipsarum
544 1457 659 1524 Sibille
675 1466 709 1523 et
722 1457 746 1522 J
747 1456 874 1523 ohanne
889 1466 948 1525 etc
966 1459 1059 1525 ouius
1073 1459 1207 1526 heredes

113 1559 173 1645 ipse
187 1572 271 1629 sunt.

166 1664 207 1729 Et
222 1666 406 1731 willelmus
426 1673 461 1731 et
479 1665 633 1731 Johanna
647 1666 787 1731 ueniunt
801 1674 837 1731 et
850 1666 1031 1733 defendunt
1045 1668 1096 1733 ius
1111 1692 1206 1735 suum

109 1777 139 1832 at
159 1768 266 1835 dicunt
291 1768 379 1857 quod
402 1792 468 1835 non
492 1768 614 1835 debent
637 1770 680 1834 ad
703 1770 762 1834 hoc
786 1769 887 1835 breue
911 1771 1104 1857 respondero
1129 1773 1208 1859 quia

108 1872 171 1958 ipsa
183 1874 300 1941 Sibilla
314 1874 431 1941 habuit
445 1881 480 1939 et
494 1873 600 1939 adhuc
615 1873 715 1939 habet
735 1873 817 1939 duas
836 1897 1036 1962 sororesque
1051 1877 1205 1964 superati·

110 1982 152 2041 tes
171 1986 244 2043 sunt
263 1987 303 2044 et
323 1978 450 2043 desicut
471 1978 571 2043 breue
592 2000 658 2043 non
679 1978 824 2065 loquitur
838 1978 879 2045 de
895 1980 942 2044 eis
956 1980 1073 2045 nolunt
1089 1982 1132 2046 ad
1146 1982 1206 2047 hoo

107 2080 196 2147 breue
209 2081 404 2169 respondere
419 2082 482 2147 nisi
496 2083 586 2148 curia
599 2082 859 2149 considerauerit.

165 2187 205 2253 Et
227 2188 347 2254 Sibilla
367 2187 531 2275 cognoscit
552 2188 640 2275 quod
661 2210 776 2253 reuera
797 2187 899 2253 hahet
918 2187 999 2253 duas
1019 2210 1140 2254 sorores
1154 2198 1205 2255 set

105 2288 166 2375 ipse
187 2294 340 2358 maritate
362 2300 440 2357 sunt
464 2291 591 2358 duobus
613 2278 743 2359 uillanis
766 2293 938 2385 Comitisse
962 2294 1002 2359 de
1026 2282 1205 2383 Augo-per
1244 2330 1248 2337 ·
1326 2288 1329 2294 ’

105 2394 181 2480 quod
195 2396 262 2483 ipse
282 2397 321 2463 in
340 2396 412 2462 uita
434 2397 579 2463 uirorum
601 2420 732 2463 suorum
756 2398 857 2463 nichil
878 2407 990 2486 petere
1012 2408 1147 2485 possunt
1169 2384 1205 2465 et

105 2498 172 2566 inde
186 2504 271 2589 petit
286 2503 453 2570 iudicium.
869 2554 873 2560 -

162 2607 204 2672 Et
217 2609 404 2674 Willelmus
420 2617 454 2674 et
468 2609 620 2674 Johanna
634 2609 748 2674 dicunt
768 2609 855 2696 quod
874 2608 975 2674 nichil
997 2610 1074 2675 inde
1096 2610 1204 2700 sciunt

106 2715 207 2776 utrum
235 2713 302 2777 uiri
332 2735 443 2778 eorum
468 2713 535 2777 sint
562 2712 676 2777 uillani
700 2719 759 2777 aut
784 2712 887 2790 liben’,
910 2721 961 2778 set
983 2721 1103 2799 petunt
1127 2714 1204 2779 inde

102 2809 249 2879 iudicium
280 2815 409 2880 dasicut
438 2838 503 2880 non
532 2815 743 2880 nominantur
766 2815 802 2879 in
827 2815 921 2880 breui
947 2816 1032 2880 etsi
1055 2816 1116 2880 hoc
1139 2839 1203 2881 non

102 2913 212 2979 sufficit
231 2924 355 3002 petunt
377 2916 485 2981 uisum
507 2915 548 2981 de
569 2925 655 2981 terra
675 2915 739 2992 illa,
755 2924 790 2981 et
805 2916 887 2980 beno
905 2925 1103 3002 cognoscunt
1116 2917 1204 3002 quod

102 3015 209 3083 Sibilla
222 3028 274 3085 est
289 3041 378 3084 soror
392 3020 537 3085 eiusdem
552 3019 575 3084 J
576 3019 710 3085 ohanne.
1178 3085 1182 3097 ,

159 3122 202 3186 Et
222 3123 301 3209 quia
326 3121 441 3188 Sibilla
459 3123 545 3208 petit
567 3122 778 3188 medietatem
798 3123 902 3187 tocius
917 3122 1107 3188 hereditatis
1121 3123 1203 3188 Wil-

102 3222 183 3289 lelmi
212 3236 246 3290 et
276 3225 393 3290 uillani
422 3225 503 3290 moii
529 3233 683 3312 poterunt
709 3248 767 3312 per
795 3225 882 3311 quod
910 3225 1053 3313 predicto
1083 3249 1203 3292 soroms

102 3335 203 3411 petere
225 3330 353 3416 possint
374 3329 425 3393 ius
447 3329 568 3407 suum',
583 3329 819 3394 consideratum
842 3337 892 3395 ast
914 3331 1001 3417 quod
1017 3331 1205 3397 Willelmus

103 3438 133 3494 et
153 3433 306 3499 Johanna
325 3456 390 3498 non
410 3434 626 3520 respondeant
646 3433 768 3500 adhoc
788 3435 888 3500 breue
908 3435 1010 3522 quod⁴
1024 3436 1095 3521 ipsa
1117 3435 1205 3521 petit

103 3533 168 3618 plus
192 3559 292 3623 quam
317 3537 437 3602 habere
461 3538 622 3624 contingit
646 3545 681 3601 et
706 3537 779 3602 ideo
805 3538 875 3602 sine
898 3537 952 3603 die
977 3547 1013 3603 et
1037 3538 1203 3624 perquimt

103 3633 193 3702 breue
207 3639 248 3704 de
263 3647 359 3726 parta
373 3661 432 3704 sua
446 3639 474 3704 si
489 3640 639 3705 uoluerit.

19 3727 70 3796 lll.
159 3740 294 3807 Juliana
316 3764 378 3828 que
400 3735 464 3806 fuit
484 3764 564 3807 uxor
577 3743 716 3808 Walteri
735 3743 777 3808 de
797 3743 830 3807 la
849 3742 972 3808 Bruara
990 3743 1077 3828 petit
1091 3765 1204 3808 uersus

103 3838 274 3909 Robertum
295 3845 400 3909 filium
421 3845 556 3910 Henrici
576 3868 673 3932 quem
689 3845 854 3911 Waltorus
873 3845 959 3910 filius
973 3844 1094 3910 Vitalis
1108 3854 1204 3911 uocat

103 3943 139 4008 ad
157 3957 335 4013 warantum
358 3956 393 4013 ct
414 3949 470 4036 qui
491 3950 521 4014 ai
541 3949 729 4014 warantizat
743 3948 820 4014 dim.
835 3948 917 4034 uirg.
932 3957 1017 4012 torre
1032 3971 1106 4014 oum
1121 3959 1202 4037 pert.

104 4045 244 4116 inStoka
260 4059 301 4116 ut
315 4053 425 4118 dotem
440 4075 533 4118 suam
548 4053 635 4118 unde
650 4054 843 4119 nominatim
858 4054 972 4119 dotata
985 4053 1057 4121 fuit

163 4153 204 4219 Et
226 4157 392 4222 Robeitus
421 4158 514 4223 uenit
543 4167 577 4224 et
606 4158 687 4224 dicit
713 4159 800 4246 quod
824 4158 896 4246 ipsa
917 4181 982 4223 non
1005 4157 1104 4223 debet
1126 4159 1202 4225 inde

105 4253 205 4324 dotem
219 4261 348 4340 habere,
363 4263 440 4348 quia
455 4263 619 4329 Waltarus
634 4264 685 4329 uir
705 4287 782 4328 suus
804 4285 971 4348 nunquam
992 4262 1068 4328 inda
1087 4262 1204 4327 hahuit

180 4421 189 4452 ¹
206 4423 258 4474 Sic.
757 4429 768 4461 ³
786 4428 834 4477 Sec
845 4427 887 4478 Br.
903 4427 921 4475 l.
934 4427 1015 4476 4301).

179 4487 270 4539 'This
281 4503 339 4540 cose
351 4491 374 4540 is
385 4491 451 4542 Fitz.
467 4493 560 4556 Briesa
575 4495 632 4544 879.
756 4492 767 4524 ⁴
784 4493 855 4543 Corr.
866 4494 928 4554 quia
941 4507 970 4540 or
979 4508 1024 4555 per
1034 4493 1107 4554 quod.
1152 4519 1155 4524 ,

1031 4595 1116 4655 4-2
