3167 5075
314 386 355 449 40
619 396 769 459 uiuum,
791 396 857 446 nn.
880 382 974 458 1224,
996 396 1058 447 uu
1081 386 1111 446 8.

375 570 423 635 Et
440 568 593 635 Johanno
614 568 693 634 dicit
716 568 802 655 quod
828 574 916 632 curte
939 567 994 633 illc
1017 589 1083 633 non
1106 565 1228 634 debent
1251 567 1284 633 ci
1304 590 1419 635 nocere

313 674 391 761 quis
404 673 498 739 Doni
514 674 586 739 Rsx
603 674 645 739 Η.
661 671 800 737 condem
822 680 942 737 terram
963 671 1055 739 dedit
1077 672 1199 739 Oomiti
1219 673 1365 739 Johsnni
1383 682 1419 738 ct

312 777 400 843 idem
430 777 546 844 Oomcs
573 776 740 842 Johanncs
766 774 858 841 dedit
883 774 1020 841 candem
1044 783 1164 841 tortum
1189 775 1328 842 Ricuido
1350 776 1420 842 filio

296 879 431 969 'Rogcn‘
454 880 546 946 fiatri
567 879 705 968 predicti
730 878 866 944 chrici
886 887 922 944 ct
942 878 1030 944 idem
1052 877 1211 946 Ricardus
1232 879 1316 946 obiit
1340 878 1418 945 indo

311 985 442 1051 soisitus
455 992 578 1071 etpost
599 1006 674 1049 eum
695 984 805 1049 tenuit
827 983 990 1049 chricus
1010 984 1064 1049 uir
1084 1006 1163 1050 suus
1184 984 1418 1056 terramillam

312 1097 351 1155 ut
365 1089 456 1155 illam
472 1112 535 1177 quc
550 1089 582 1155 ci
596 1088 764 1155 descendit
778 1088 820 1154 dc
835 1088 974 1154 Ricnrdo
987 1089 1086 1155 static
1105 1110 1164 1154 suo
1185 1096 1222 1153 ct
1241 1088 1303 1155 hoc
1323 1088 1421 1155 offert

312 1200 372 1259 cto
388 1192 473 1258 sicut
487 1192 576 1259 curis
590 1191 849 1257 consideraucrit

378 1295 422 1360 Et
437 1294 621 1360 Willelmus
635 1294 695 1360 hoc
710 1293 857 1360 defendit
871 1301 907 1360 ct
923 1270 1004 1361 dicit
1023 1293 1110 1381 quod
1124 1292 1316 1360 wakelinus
1335 1316 1419 1361 suus

312 1420 391 1464 suus
416 1396 474 1484 qui
503 1396 739 1463 terramillam
768 1396 879 1461 tenuit
906 1396 1049 1484 suscepit
1077 1396 1228 1463 habitum
1255 1396 1421 1484 religionis

313 1510 459 1588 tempore
475 1502 517 1566 H.
532 1501 633 1588 Regis
648 1509 683 1567 ct
697 1508 777 1567 tunc
791 1501 949 1567 remansit
970 1509 1058 1567 terro
1076 1502 1134 1567 illo
1150 1502 1186 1567 in
1199 1524 1299 1567 manu
1315 1500 1420 1567 Alicio

314 1607 422 1673 uxoris
431 1628 488 1673 suo
500 1629 562 1694 quc
573 1614 688 1693 postca
702 1605 797 1671 duxit
812 1605 920 1671 uimm
934 1605 999 1671 scil.
1016 1606 1151 1671 Petrum
1165 1606 1272 1671 filium
1285 1606 1418 1672 Rodulfi

313 1710 467 1797 quicum
490 1709 561 1797 ipss
586 1709 694 1775 Alicio
716 1708 825 1775 tonuit
850 1717 971 1775 tenum
995 1709 1087 1775 illum
1112 1731 1278 1797 quousque
1302 1709 1420 1777 Ocmcs

312 1812 479 1879 Johnnncs
513 1832 572 1899 per
606 1811 812 1877 uoluntatem
844 1834 938 1877 susm
967 1833 1022 1877 cos
1050 1810 1227 1877 disscisiuit
1255 1810 1419 1879 occasione

312 1914 442 1981 honoris
463 1916 599 1981 Peucrcl
620 1936 718 2001 quem
739 1914 829 2001 cepit
849 1913 886 1979 in
906 1935 1042 1980 manum
1062 1936 1154 1979 suom
1176 1923 1212 1980 et
1232 1923 1313 1981 tunc
1334 1914 1419 1981 sicut

312 2018 494 2106 predictum
521 2027 574 2085 ‘est
603 2027 723 2084 terrum
752 2018 842 2083 illam
870 2016 1007 2083 tradidit
1036 2018 1182 2105 predicto
1211 2018 1354 2085 chrioo
1382 2028 1418 2086 ct

312 2123 450 2188 Biennio
465 2122 556 2188 fintri
570 2145 630 2188 suo
643 2145 701 2209 pro
715 2120 828 2189 debito
842 2122 929 2208 quod
943 2122 991 2188 eis
1004 2122 1127 2189 debuit.
1474 2201 1477 2203 v

377 2227 421 2292 Et
435 2227 513 2313 quis
528 2227 689 2293 Hcmicus
702 2226 804 2291 nichil
819 2225 936 2292 hsbuit
950 2226 1015 2292 nisi
1028 2249 1087 2313 per
1103 2226 1304 2293 disscisinom
1319 2250 1418 2315 quom

312 2331 429 2399 Comes
449 2332 473 2397 J
474 2332 616 2397 ohannes
636 2332 713 2397 fccit
733 2329 887 2396 antcccss'
902 2328 1060 2396 Willelmi
1073 2338 1108 2395 ct
1122 2338 1281 2397 testatum
1295 2340 1347 2397 cst
1360 2355 1420 2420 por

311 2443 433 2500 curtum
448 2435 549 2522 Regis
562 2435 586 2500 J
586 2433 723 2500 ohannis
737 2432 823 2521 quod
837 2433 1006 2500 confirmat
1020 2442 1141 2499 terram
1150 2434 1242 2500 illam
1253 2434 1418 2503 Wiilclmo

311 2539 396 2606 sicut
421 2548 511 2605 corto
535 2538 636 2626 Regis
661 2537 797 2604 chrici
820 2545 962 2604 tcststur
983 2539 1136 2605 Johonnc
1157 2539 1281 2604 nullutn
1306 2539 1417 2606 dotem

311 2649 422 2727 pctore
444 2649 553 2728 potest
574 2649 610 2707 et
631 2641 704 2707 idco
717 2639 903 2706 Willclmus
921 2639 998 2707 inde
1014 2641 1085 2707 sine
1099 2641 1153 2707 die
1167 2650 1203 2708 ct
1216 2642 1241 2707 J
1240 2642 1369 2709 chunna
1382 2643 1418 2709 in

312 2743 535 2810 misericordia

191 2856 263 2920 995.
308 2891 310 2896 ·
378 2847 555 2913 Nicholcus
569 2845 610 2912 dc
625 2846 770 2912 Lundius
784 2854 820 2912 ct
833 2846 890 2912 clii
903 2846 1013 2932 plures
1026 2845 1217 2912 summoniti
1230 2847 1364 2913 fuerunt
1374 2847 1417 2914 ad

157 2954 291 2998 mml-
313 2949 549 3016 ostendendum
568 2973 632 3038 quo
655 2949 725 3016 iure
748 2950 813 3037 ipsi
835 2973 1040 3015 communnm
1063 2959 1194 3036 pcsturc
1217 2951 1360 3016 clamant
1382 2952 1418 3017 in

312 3053 407 3118 tonis
422 3061 456 3118 et
469 3043 573 3119 boscis
587 3053 705 3119 Prioris
720 3053 760 3119 do
776 3053 933 3118 Wattono
946 3053 982 3118 in
995 3053 1276 3119 Roucncstendnlc
1290 3054 1417 3122 desicut

311 3157 399 3224 idem
423 3158 514 3223 Piior
534 3157 658 3223 nullum
680 3179 885 3224 communsm
906 3157 1007 3224 habet
1027 3157 1063 3222 in
1085 3156 1179 3222 terris
1198 3157 1341 3244 ipsorum
1355 3167 1416 3228 etc

310 3285 371 3328 nec
384 3261 448 3349 ipsi
462 3261 634 3327 soruicium
650 3261 773 3327 faciunt
788 3269 848 3327 eto

377 3365 422 3430 Et
444 3387 555 3431 omnes
576 3365 715 3430 ueniunt
737 3373 771 3430 ct
792 3363 908 3429 dicunt
932 3362 1018 3450 quod
1041 3370 1120 3429 sunt
1144 3364 1418 3432 consuetudinarii

311 3469 450 3536 Abbatis
472 3468 681 3534 Eboracensis
701 3476 736 3534 ct
755 3479 814 3555 per
827 3491 903 3534 cum
925 3490 1131 3534 communcm
1152 3468 1275 3534 habent
1289 3477 1325 3534 ct
1338 3469 1415 3536 inde

311 3581 429 3640 uocant
452 3595 527 3639 eum
548 3573 591 3638 od
605 3582 792 3639 warantum.
838 3572 993 3639 Habeant
1012 3595 1087 3638 cum
1104 3573 1163 3637 toli
1177 3572 1231 3638 dic
1245 3581 1305 3640 etc.
1320 3597 1416 3661 prcoc

311 3677 454 3763 pctcntis
468 3686 529 3744 eto

376 3780 560 3846 Willelmus
582 3780 624 3847 de
647 3781 792 3848 Gurtons
814 3779 899 3866 petit
925 3801 1037 3846 uersus
1060 3779 1218 3845 Thomom
1241 3780 1282 3846 dc
1303 3780 1415 3847 Plum-

311 3882 433 3971 bcrgho
448 3883 581 3949 tcmiom
595 3891 720 3970 portem
736 3882 822 3948 feodi
831 3883 855 3970 j
868 3883 982 3949 militis
996 3906 1070 3949 cum
1084 3893 1166 3972 port
1180 3885 1217 3950 in
1231 3885 1415 3974 Tendringc

311 3992 351 4052 ut
365 3985 416 4052 ius
426 4007 522 4051 suum
536 3994 572 4052 ct
585 3985 621 4050 in
637 4007 735 4073 quom
755 3985 844 4052 idem
865 3985 1006 4051 Thomas
1026 4008 1091 4051 non
1113 3985 1213 4054 habet
1233 3987 1416 4076 ingrussum

311 4089 374 4155 nisi
387 4112 447 4176 per
459 4089 591 4156 Alinom
606 4111 669 4177 quo
684 4089 765 4156 suit²
779 4089 879 4176 Ogeri
890 4088 931 4155 dc
947 4090 1088 4156 Cortona
1101 4089 1174 4177 qui¹
1187 4099 1307 4157 terram
1322 4092 1413 4158 illam

311 4195 420 4261 tenuit
434 4193 468 4260 in
483 4194 593 4260 dotem
604 4193 645 4260 dc
657 4193 740 4259 dono
754 4193 856 4280 ipsius
871 4193 971 4281 Ogcri
985 4193 1148 4280 quondam
1162 4194 1225 4261 uiri
1239 4196 1291 4263 sui
1305 4197 1415 4264 statiis

311 4297 412 4386 ipsius
426 4296 582 4363 willelmi
597 4295 689 4363 cuius
702 4296 796 4362 heres
810 4296 878 4382 ipse
894 4304 950 4362 est

553 4423 562 4456 ¹
581 4422 679 4488 Supply
689 4439 760 4474 uxor.
1004 4424 1015 4456 ²
1031 4424 1101 4474 Corr.
1113 4439 1169 4488 que.
