3167 5075
477 418 614 482 nssnnn,
636 416 700 468 sn.
727 406 820 482 1224,
843 419 907 470 nn
930 410 959 471 8.
1225 408 1267 476 17

223 590 268 654 Et
292 588 409 657 Comes
432 612 490 675 pcr
512 598 714 655 attornatum
735 614 832 657 suum
851 591 1026 679 respondet
1047 601 1083 659 et
1104 594 1267 681 cognoscit

156 700 280 758 cartem
311 699 346 757 et
375 691 562 768 terminum,
584 699 634 756 set
663 690 744 757 dicit
774 693 862 779 quod
890 693 990 758 nichil
1016 694 1078 759 scit
1099 694 1140 759 de
1161 703 1266 761 morte

156 795 327 861 Eustachii
361 819 422 861 nec
457 794 567 882 eliqua
603 794 729 861 mencio
765 797 804 860 fit
833 795 869 861 in
897 804 988 861 carta
1015 795 1057 862 de
1093 796 1269 863 heredibus

155 900 334 978 Eustachii,
357 899 442 966 etsi
465 900 661 967 Eustachius
686 900 823 967 redisset
848 900 889 967 de
915 900 1178 988 peregrinacione
1207 924 1267 968 suc

154 1003 297 1069 libenter
318 1003 349 1069 ei
370 1003 566 1092 gerisionem
586 1003 681 1069 daret
702 1003 882 1069 secundum
903 1004 1155 1070 conuencionem
1178 1005 1266 1071 inter

152 1130 209 1173 ecs
224 1108 344 1173 factam
359 1115 395 1173 et
409 1106 495 1193 petit
509 1107 593 1171 bene
608 1106 766 1173 iudicium
781 1128 881 1194 super
894 1116 1019 1173 certem
1034 1107 1134 1173 illam.

220 1212 266 1277 Et
295 1210 479 1275 Willclmus
508 1209 588 1275 dicit
617 1208 705 1295 quod
733 1216 829 1295 peter
856 1230 935 1275 suus
963 1216 1113 1275 mortuus
1142 1218 1193 1275 est
1229 1218 1264 1277 et

150 1314 302 1402 sepultus
317 1314 483 1401 firitapud
499 1312 686 1401 Ofspringe¹
702 1313 821 1401 etipse
842 1322 893 1379 est
914 1312 1007 1379 heres
1029 1313 1099 1379 eius
1120 1323 1156 1381 et
1177 1314 1265 1381 filius

149 1427 187 1484 et
211 1420 295 1485 bene
319 1418 405 1505 petit
427 1417 585 1485 iudicium
612 1424 646 1483 ct
671 1418 757 1503 petit
781 1417 845 1485 sibi
873 1418 1003 1484 elloceri
1031 1419 1118 1506 quod
1147 1420 1264 1487 comes

149 1522 319 1610 cognoscit
333 1521 595 1589 contencionem.

218 1627 264 1692 Et
293 1626 371 1713 quic
393 1634 578 1693 ettomctus
604 1626 742 1693 Comitis
768 1627 932 1714 cognoscit
955 1637 1081 1694 certem
1106 1650 1199 1693 suom
1227 1635 1264 1693 et

149 1730 407 1798 consensionem
421 1738 457 1797 et
471 1738 585 1816 postea
598 1752 663 1795 non
678 1730 801 1795 dedicit
815 1731 903 1817 quod
923 1732 1119 1799 Eustachius
1133 1755 1199 1798 non
1213 1743 1264 1798 est

150 1835 316 1901 mortuus¹
330 1834 408 1921 quis
422 1834 510 1921 cepit
524 1856 558 1900 se
573 1834 615 1899 ad
630 1834 769 1899 ccrtcm⁸
784 1856 845 1901 nec
859 1858 918 1921 per
927 1844 1050 1903 cortem
1061 1835 1186 1923 aliquid
1199 1836 1263 1904 sibi

150 1948 264 2026 petere
279 1946 388 2025 potest
401 1938 464 2003 nisi
472 1937 516 2003 cd
526 1937 703 2003 terminum
716 1938 818 2004 trium
828 1960 986 2005 annorum
997 1940 1060 2005 nisi
1068 1940 1261 2027 gerisionem

149 2042 348 2129 assignasset
364 2040 540 2106 Eustochio
556 2039 642 2127 quod
656 2063 721 2105 non
742 2042 829 2120 fecit,
843 2042 1081 2109 consideratum
1102 2052 1154 2109 est
1174 2044 1263 2130 quod

148 2146 338 2211 Willelmus
362 2144 568 2231 recuperauit
590 2144 742 2211 seisinem
761 2168 859 2215 „suam
881 2155 916 2212 ct
938 2146 1055 2213 Comes
1077 2147 1113 2212 in
1137 2147 1262 2214 miseri·

148 2248 261 2315 cordia
275 2256 310 2313 et
324 2247 422 2313 societ
437 2246 544 2313 eidem
560 2247 641 2334 Eng’
656 2248 854 2314 escambium
869 2248 911 2314 ed
920 2248 1101 2315 unlenciam
1115 2249 1261 2335 predicte

147 2360 238 2417 terre
254 2359 313 2417 etc

86 2517 94 2531 ,
217 2456 318 2521 Alina
331 2478 395 2543 que
418 2456 482 2521 fuit
504 2478 585 2521 uxor
597 2456 621 2521 J
622 2456 758 2523 ohannis
772 2455 814 2522 de
830 2455 1033 2523 Orchertona
1045 2458 1133 2545 petit
1148 2480 1261 2524 uersus

146 2559 347 2626 Geuhidum
373 2559 414 2626 de
437 2559 563 2626 Pridies
588 2568 624 2626 et
648 2559 835 2626 Ysobsllam
864 2583 997 2626 uxorem
1027 2561 1098 2627 eius
1126 2563 1259 2628 terciam
1359 2545 1374 2573 ⁰

147 2673 284 2750 partem
295 2663 382 2730 feodi
391 2664 416 2751 j.
427 2665 542 2730 militis
557 2687 631 2730 cum
646 2673 727 2751 pert.
737 2665 772 2730 in
788 2665 989 2732 Orchertone
999 2666 1034 2731 in
1045 2688 1124 2734 com.
1134 2668 1259 2736 Deuon
1308 2649 1312 2658 ’

147 2775 189 2833 et
210 2766 348 2834 terciam
370 2775 497 2854 partem
515 2767 601 2834 feodi
618 2767 644 2853 j.
665 2767 780 2833 militis
802 2790 877 2834 cum
900 2778 982 2854 pent.
1004 2769 1040 2833 in
1062 2769 1203 2835 Brethcc
1223 2770 1259 2835 in

143 2894 230 2939 com
241 2871 381 2938 Gornub.
391 2879 430 2936 ut
438 2870 548 2936 dotem
559 2892 661 2949 suem,
670 2870 757 2936 unde
771 2871 937 2958 predictus
953 2871 977 2937 J
978 2872 1122 2938 ohannes
1129 2872 1259 2939 dotauit

143 2999 223 3042 eam
238 2975 293 3040 dis
308 2983 368 3042 etc.
389 2973 394 3062 Ι

214 3079 261 3144 Et
276 3079 452 3145 (taut-idus
466 3087 502 3146 et
516 3079 669 3145 Ysobella
683 3081 823 3146 ueniunt
842 3089 878 3146 ct
898 3081 1078 3147 defendunt
1092 3082 1178 3169 quod
1192 3105 1259 3152 non

143 3184 287 3252 debent⁴
310 3184 386 3249 inde
410 3183 519 3249 dotem
544 3183 662 3248 hebere
685 3184 763 3270 quin
783 3184 871 3251 idem
898 3185 1065 3251 Johonnes
1089 3208 1257 3272 nunquam

144 3300 271 3356 terram
287 3289 403 3355 habuit
418 3309 477 3354 nec
492 3287 580 3354 idem
593 3289 617 3353 J
617 3288 761 3354 ohannes
776 3311 848 3354 eam
869 3289 965 3356 duxit
986 3290 1022 3356 in
1044 3312 1177 3356 uxorem
1199 3313 1259 3376 per

144 3394 356 3460 uoluntatem
378 3392 554 3458 amicorum
576 3415 706 3458 suorum
728 3415 789 3458 nec
810 3416 870 3480 per
890 3395 1094 3460 uoluntatem
1110 3393 1258 3481 capitalis

143 3495 275 3563 domini
300 3495 367 3561 scil.
392 3494 566 3582 Regineldi
596 3495 637 3561 de
666 3496 809 3561 Vautcrt
831 3505 883 3562 set
912 3505 1024 3562 contre
1052 3498 1257 3562 uoluntatem

141 3609 323 3688 parentum
352 3622 484 3665 suorum
506 3608 541 3666 ct
562 3608 675 3666 contre
696 3600 901 3666 uoluntatem
923 3601 1062 3687 predicti
1084 3600 1258 3688 Beginnldi

141 3701 190 3769 ed
211 3724 312 3788 quem
333 3701 542 3790 maritagium
563 3703 750 3790 pertinebat
773 3726 846 3770 eam
869 3703 965 3769 duxit
987 3704 1023 3768 in
1047 3726 1187 3782 uxorem,
1209 3706 1259 3773 ite

142 3807 237 3895 quod
266 3806 354 3872 idem
384 3807 585 3894 Reginaldus
614 3808 656 3873 ed
681 3807 876 3895 peticionem
906 3816 1080 3895 petentum
1110 3809 1257 3876 eiusdem

141 3913 168 3979 J
168 3911 310 3978 ohannis
324 3911 415 3976 misit
430 3909 472 3976 ad
486 3911 601 3976 uillam
615 3910 657 3976 de
672 3910 889 3976 Thurlestona
907 3911 965 3976 ubi
978 3911 1051 3998 ipse
1064 3911 1258 3998 desponsata

142 4017 213 4082 fuit
236 4015 278 4081 ed
303 4014 540 4101 prohibendum
570 4037 612 4079 ne
640 4014 731 4080 illam
760 4013 894 4080 duceret
922 4014 958 4079 in
987 4037 1128 4095 uxorem,
1151 4024 1186 4081 et
1209 4016 1258 4082 ibi

143 4121 347 4186 inuenerunt
362 4119 564 4185 Willelmum
578 4119 619 4184 de
635 4119 751 4185 Proule
766 4127 894 4205 petrem
912 4117 1058 4205 predicte
1078 4119 1176 4185 Aline
1198 4121 1256 4206 qui

180 4309 191 4342 ¹
209 4309 336 4374 Ospringe
346 4309 376 4358 in
387 4309 465 4362 Kent.
759 4310 770 4344 ⁸
786 4310 829 4361 He
844 4311 925 4362 rdied
940 4327 976 4361 on
992 4311 1038 4363 the
1058 4315 1138 4362 tems
1160 4313 1189 4362 of
1209 4311 1254 4362 the

144 4374 327 4491 isheflnddoffl
342 4378 390 4424 not
405 4373 474 4438 deny
490 4373 549 4425 thet
564 4375 677 4426 Eustccs
726 4375 840 4492 depdssic'

236 4555 269 4604 n.
287 4555 336 4602 111.
1147 4545 1166 4606 2

211 4699 272 4784 pv
