3167 5075
411 418 563 480 ramur,
585 419 651 469 an.
676 405 771 480 1220,
792 418 855 468 an
880 406 908 468 4.
1122 418 1127 425 ·
1150 404 1214 471 397

119 590 308 677 presentauil
335 590 488 655 ultimam
513 613 682 676 personam
706 614 771 678 quo
794 600 924 657 mortua
949 601 999 657 est
1028 592 1070 657 ad
1093 592 1214 658 medie-

119 702 211 760 tatem
229 693 235 782 Ι
253 695 385 760 ecclesie
408 694 449 760 de
471 695 680 782 Hillingtona
700 719 765 782 que
787 704 883 761 uacat
907 705 976 773 etc,
999 696 1091 761 cuiun
1116 697 1215 763 aduo-
1263 720 1349 772 [nra]

118 798 268 864 cacionem
292 799 389 864 Sarra
412 797 453 863 de
475 798 565 864 Anes
591 799 710 864 clamat
732 822 846 865 uersus
868 800 1045 866 Ricardum
1067 802 1108 867 de
1130 802 1215 867 Mer·

116 901 170 988 lay.
210 903 276 983 Qui
301 903 396 968 uenit
421 910 456 968 εὴ
480 902 670 988 dicitquod
699 904 799 969 assisa
820 927 885 969 non
906 904 1004 970 debet
1034 906 1110 972 inde
1136 907 1215 982 fieri.

117 1006 185 1089 quia
207 1005 290 1071 bene
313 1005 478 1093 cognoscit
501 1005 588 1091 quod
613 1006 685 1093 ipsa
710 1006 808 1071 Sarra
835 1009 1039 1093 presentauit
1064 1010 1215 1075 ultimam

116 1130 273 1193 personam
292 1109 334 1173 ad
354 1118 526 1195 utramque
549 1109 834 1187 medietatemset
857 1111 917 1175 hoo
939 1112 1015 1176 lecit
1038 1112 1159 1177 iniuste
1182 1120 1217 1177 et

115 1210 168 1277 hoc
190 1219 291 1297 patet,
317 1211 396 1298 quia
423 1210 493 1297 ipse
519 1211 598 1275 tulit
628 1211 728 1277 breue
751 1234 850 1298 super
875 1236 947 1277 eam
972 1214 1014 1278 de
1044 1214 1104 1279 hoc
1129 1215 1216 1300 quod

114 1314 176 1400 ipsa
193 1316 315 1381 iniuste
335 1316 509 1401 impediuit
523 1316 800 1401 prasentacionem
815 1339 908 1381 suam
927 1318 969 1383 ad
991 1317 1081 1383 illam
1095 1319 1216 1384 medie-

114 1425 208 1483 tatem
236 1427 298 1484 eta
343 1419 387 1482 El
416 1418 494 1503 quia
525 1418 685 1483 Rioerdus
717 1420 870 1505 cognouit
900 1421 1050 1486 ultimam
1088 1444 1217 1508 presen-

115 1522 267 1588 tacionem
292 1545 385 1587 suam
412 1529 447 1587 εὴ
472 1521 573 1586 nichil
594 1522 684 1587 aliud
709 1520 816 1587 dicere
843 1524 958 1601 uoluit,
981 1525 1217 1590 consideratum

115 1625 262 1710 estquod
283 1624 355 1711 ipsa
373 1625 493 1690 habeat
512 1624 663 1690 saisinam
685 1635 837 1704 suamet
856 1627 1015 1693 Ricardus
1036 1628 1071 1692 in
1092 1629 1217 1694 miseri-

114 1730 212 1795 cordia
225 1739 286 1795 eto

67 1828 86 1891 l
171 1834 359 1899 ¹Ricardus’
372 1834 413 1900 de
429 1833 533 1920 Kully
547 1834 775 1901 malcoreditus
789 1836 831 1903 dc
847 1836 974 1902 robaria
985 1836 1071 1902 lacta
1081 1838 1217 1924 Hugoni

115 1937 149 2002 de
164 1937 311 2003 Kaustr’⁸
324 1938 454 2004 inuenit
469 1939 528 2003 hos
547 1938 671 2025 plegios
691 1939 773 2003 tales
792 1940 915 2005 scilicet
930 1948 990 2006 cta
1005 1940 1114 2006 standi
1128 1951 1216 2007 recto

113 2042 150 2107 ad
162 2043 447 2109 summonioionem
462 2050 521 2108 eta
537 2065 577 2107 eo
590 2042 677 2129 quod
691 2043 792 2129 Hugo
807 2066 873 2107 non
887 2043 980 2108 uenit
995 2066 1055 2109 neo
1069 2044 1218 2129 sequitur

115 2154 168 2209 etc

172 2250 320 2338 Rogerus
339 2250 491 2315 Dccanus
509 2250 552 2316 de
575 2249 851 2317 (lhelmerefordia
872 2259 1013 2317 rettalus
1037 2250 1079 2316 de
1103 2252 1216 2317 eodem

114 2352 198 2416 uenit
223 2362 258 2417 εὴ
285 2354 464 2440 Episcopus
490 2354 723 2419 Londoniensis
751 2377 810 2440 per
839 2354 964 2419 litteras
992 2376 1067 2419 suas
1096 2364 1130 2420 εὴ
1158 2378 1217 2443 per

111 2457 316 2521 senescallum
353 2480 450 2522 suum
479 2457 651 2522 mandauit
680 2457 767 2545 quod
798 2458 932 2523 clericus
961 2457 1024 2522 fuit
1053 2465 1088 2523 εὴ
1116 2458 1216 2546 peciit
1257 2518 1259 2523 ,

111 2558 224 2623 curiam
238 2581 334 2624 suam
348 2559 389 2624 dc
404 2583 451 2638 eo,
466 2570 501 2626 εὴ
515 2561 616 2627 habet
631 2570 690 2627 eta
736 2563 781 2627 Et
802 2563 902 2648 Hngo
917 2562 945 2626 si
960 2570 1073 2648 postea
1088 2563 1216 2629 uenerit

110 2662 221 2730 habeat
236 2666 305 2730 tale
319 2687 508 2752 recuperare
523 2667 619 2752 quale
634 2677 693 2734 etc

67 2763 81 2826 l·
167 2767 295 2834 ‘assisa
318 2769 412 2833 uenit
434 2770 641 2856 recognitura
663 2770 736 2857 quis
759 2769 937 2836 aduocalus
961 2779 1106 2858 temporo
1127 2773 1216 2859 pacis
1339 2817 1345 2829 ·

108 2871 304 2954 prcsenlauit
327 2870 477 2936 ultimam
497 2894 666 2956 personam
686 2896 750 2958 que
769 2883 899 2938 mortua
918 2883 967 2938 est
987 2875 1029 2940 ad
1049 2876 1215 2942 ecclesiam

109 2974 145 3038 de
159 2975 379 3051 Roullcstona,
394 2997 458 3060 que
473 2983 570 3040 uacat
588 2984 658 3055 etc,
672 2975 765 3040 cuius
784 2976 1033 3042 aduocacionem
1054 2979 1215 3044 Henricus

108 3077 145 3142 dc
164 3079 378 3144 Roullcstona
396 3078 516 3143 clamat
536 3101 650 3144 uersus
670 3080 814 3144 Priorem
835 3081 876 3145 dc
896 3081 1133 3168 Turgerctcna⁵
1153 3091 1214 3149 etc

108 3181 148 3245 Et
168 3181 261 3247 Prior
282 3205 348 3246 non
370 3183 465 3246 uenit
486 3190 521 3246 εὴ
543 3183 660 3249 habuit
679 3184 768 3249 diem
788 3208 848 3271 per
867 3186 1094 3251 cssoniatorem
1109 3209 1213 3254 suum.

108 3286 146 3350 Et
160 3288 233 3352 ideo
248 3286 352 3352 assisa
364 3286 512 3372 capiatur
525 3309 584 3373 per
597 3289 762 3367 defaltum,
775 3299 827 3355 set
841 3291 973 3376 ponitur
983 3290 1019 3354 in
1033 3299 1214 3377 respectum

108 3393 262 3478 usquead
277 3392 379 3456 talem
394 3391 481 3456 diem
495 3413 554 3478 pro
574 3392 704 3457 defectu
724 3395 972 3480 recognitorum,
988 3395 1065 3480 quia
1082 3402 1214 3459 tantum

108 3515 158 3558 sex
191 3503 361 3560 uenerunt
397 3517 457 3581 per
491 3493 704 3560 essoniatores
738 3518 814 3562 suos
850 3497 968 3582 quibus
997 3505 1066 3575 etc,
1095 3505 1129 3562 εὴ
1158 3497 1215 3562 alii

107 3600 328 3665 attachienlur
341 3607 402 3665 eta

67 3706 76 3765 ὲ.
168 3704 322 3770 ‘Gunilla
342 3727 406 3790 que
425 3704 489 3770 fuit
508 3728 590 3771 uxor
609 3706 746 3771 Henrici
766 3706 826 3771 filii
845 3706 976 3772 Ricardi
995 3707 1081 3793 petit
1100 3729 1213 3774 uersus
1276 3725 1298 3764 ὀ

106 3806 281 3873 Ricardum
306 3808 412 3872 filium
437 3809 614 3875 Thur-clani
637 3833 740 3875 unum
764 3810 967 3897 mesuagium
991 3819 1026 3876 εὴ
1047 3833 1102 3876 sex
1125 3835 1214 3878 acras

106 3916 186 3974 terre
205 3933 285 3975 cnm
305 3919 386 3996 pert.
407 3910 442 3975 in
463 3912 558 3978 Flore
580 3920 620 3977 ut
640 3912 752 3977 dotem
773 3935 865 3977 suam
888 3919 947 3976 etc
991 3913 1036 3977 Et
1058 3913 1214 3979 Ricardus

106 4013 194 4078 uenit
208 4023 245 4080 εὴ
260 4013 348 4100 petit
362 4013 439 4080 inde
458 4015 575 4081 uisum.
620 4016 754 4082 Habeat
775 4023 835 4081 etc.
880 4015 934 4080 Ad
956 4015 1043 4080 diem
1064 4015 1158 4080 illum
1180 4039 1214 4082 se

107 4117 282 4182 cesoniauit
307 4117 471 4184 Ricardua
517 4121 561 4186 Et
586 4120 720 4186 Gunilla
742 4143 808 4186 non
834 4119 933 4185 uenit.
979 4119 1039 4184 Sel
1064 4120 1141 4208 quia
1165 4121 1214 4185 in-

137 4294 479 4356 ¹A.m.asu;13.m.14.
719 4299 777 4351 ιΑ.
791 4299 934 4358 mous.
950 4313 985 4348 m.
999 4300 1037 4350 14.

136 4360 260 4421 ’SioA3
277 4364 413 4424 Radulstu,
425 4364 457 4413 B.
719 4365 906 4427 ‘Torpcrton’,
921 4365 951 4416 B.

126 4425 147 4483 .³
164 4427 296 4489 Garatom,
310 4427 341 4486 Δ,
353 4427 384 4477 Β.
720 4430 732 4462 ⁶
748 4431 777 4480 Α,
792 4445 828 4479 m.
841 4432 891 4490 243
908 4430 938 4479 B.
951 4445 987 4478 m.
1001 4431 1040 4480 14.
