3167 5075
370 346 434 413 274
584 358 703 413 coum
725 358 826 422 uuou,
846 360 912 410 sn.
936 347 1095 424 lum-e,
1117 363 1180 413 ss.
1203 352 1256 415 23,

433 535 481 602 Et
515 534 634 603 Petrus
669 542 706 601 et
742 534 935 602 Mauricius²
969 536 1087 603 <licum
1114 539 1201 624 quod
1234 548 1353 605 terrum
1379 540 1452 606 illam

368 639 555 705 habuerunt
590 645 625 705 et
662 638 875 705 excoluerunt
909 662 969 727 per
1004 648 1072 707 tres
1107 664 1209 709 annos
1245 644 1301 709 uel
1335 653 1454 729 quatuor
1525 657 1531 728 ξ

367 742 553 813 ιιθοιιιιὼιιῐιΔ
575 741 662 828 quod
691 740 875 827 predictum
904 749 955 806 est
984 750 1022 809 et
1048 742 1077 808 si
1105 744 1216 829 ulique
1242 752 1330 809 tenu
1356 744 1453 810 ibide
1527 755 1532 836 ζ

366 868 452 911 nouo
466 845 598 911 reducta
613 845 658 910 sit
671 845 707 911 in
722 845 886 911 culturam
900 868 966 909 non
980 857 1225 932 conqueruntur
1237 848 1280 913 de
1294 849 1357 915 illu
1528 839 1531 870 ²

431 950 455 1015 J
456 958 600 1015 umtores
622 949 736 1014 dicunt
759 949 847 1035 quod
867 950 1015 1015 homines
1037 952 1078 1017 de
1099 952 1265 1018 Kinebelt’
1287 954 1352 1019 fere
1369 953 1454 1018 muior

365 1076 441 1141 pars
463 1054 578 1119 uillato
603 1053 800 1119 immiserunt
821 1045 933 1120 aueria
954 1076 1014 1119 sua
1033 1054 1070 1119 in
1091 1064 1211 1121 tenum
1233 1056 1325 1123 illam
1346 1080 1404 1143 que
1421 1056 1455 1121 ub

367 1158 502 1243 antiquo
521 1157 585 1221 fuit
606 1158 737 1223 exculta
755 1178 832 1222 eum
846 1157 955 1223 words
973 1158 1068 1237 foetu,
1083 1167 1118 1225 et
1138 1169 1303 1245 putuerunt
1324 1160 1415 1226 bludo
1430 1168 1458 1224 et

367 1262 488 1327 fossato
502 1260 604 1346 ipsius
619 1258 709 1324 Petri
724 1266 971 1343 prostmuerunt
984 1282 1044 1345 per
1057 1282 1120 1346 que
1135 1270 1234 1327 uetus
1248 1272 1458 1329 tenementum

368 1367 431 1433 fuit
445 1367 617 1441 inclusum,
633 1371 669 1430 et
688 1386 806 1429 reuera
826 1364 985 1429 forestarii
1007 1373 1254 1451 prostrauemnt
1273 1367 1392 1433 fossato
1411 1390 1459 1452 per

367 1494 430 1557 que
453 1492 540 1536 noue
563 1474 754 1535 tenementu
775 1467 817 1533 de
838 1490 925 1532 nouo
946 1468 1079 1534 fuerunt
1100 1469 1226 1535 inclusa
1251 1479 1289 1536 et
1310 1471 1459 1557 quandam

367 1582 495 1659 purtem
509 1572 551 1637 de
564 1570 672 1637 ueteri
689 1571 809 1635 fossato
830 1569 958 1635 circiter
975 1570 1058 1636 duas
1071 1571 1256 1656 perticatas,
1270 1581 1307 1637 et
1325 1573 1461 1638 similiter

367 1673 501 1741 bladum
526 1674 629 1761 ipsius
654 1670 792 1739 manerii
817 1671 991 1757 depastum
1012 1680 1063 1737 est
1091 1695 1167 1739 cum
1193 1673 1302 1739 warda
1326 1675 1409 1739 sueto
1432 1683 1460 1737 et

367 1777 518 1843 similiter
539 1779 659 1843 fosseta
680 1796 741 1841 sus
760 1782 1016 1860 pmstreuerunt
1061 1774 1106 1839 Et
1134 1775 1207 1841 ideo
1235 1776 1459 1841 consideratum

368 1891 419 1947 est
428 1880 513 1969 quod
522 1879 661 1967 predicti
673 1877 851 1943 Mauricius
861 1886 897 1942 et
908 1877 1024 1943 Peene
1038 1890 1315 1964 meupereuemnt
1323 1880 1460 1947 seisimm

368 2008 460 2053 suam
475 1994 510 2052 et
524 2006 637 2050 omnes
650 1982 708 2049 alii
722 1982 757 2049 'm
772 1981 998 2047 misericordia
1018 1979 1025 2067 Ι

432 2090 628 2173 Preceptum
640 2093 694 2153 est
708 2083 893 2151 uioeoomiti
907 2084 1009 2150 semel
1018 2091 1056 2149 et
1067 2083 1210 2151 secundo
1223 2086 1312 2172 quod
1327 2086 1461 2153 mitteuet

298 2256 329 2286 η
368 2200 507 2280 quatuor
530 2189 651 2277 legales
674 2189 797 2255 milites
821 2187 863 2255 de
885 2187 1046 2253 comitutu
1070 2210 1131 2252 suo
1152 2188 1196 2252 sd
1220 2189 1400 2256 Gelfridum
1424 2188 1461 2253 de

367 2296 536 2362 Abbetote
555 2292 612 2381 qui
629 2290 805 2379 languidus
822 2298 875 2357 est
892 2299 933 2355 ut
953 2288 1075 2355 dieitur
1094 2290 1137 2355 sd
1160 2289 1340 2357 uidendum
1360 2300 1461 2357 utrum

366 2399 455 2465 idem
470 2397 634 2465 Gslfn'dus
649 2396 692 2463 sit
706 2416 836 2481 compos
850 2394 902 2459 sui
916 2401 951 2459 et
965 2416 1043 2459 sene
1063 2395 1183 2459 mentis
1196 2395 1246 2461 itu
1259 2397 1346 2482 quod
1359 2418 1463 2463 secum

366 2502 446 2570 dum
465 2500 734 2570 consuetudinem
753 2498 847 2587 regni
863 2498 966 2586 po'ssit
983 2507 1103 2564 terrum
1123 2499 1242 2566 lucrari
1263 2500 1318 2566 uel
1341 2500 1462 2587 perdeoe

368 2607 421 2671 uel
435 2627 510 2684 non,
524 2613 560 2672 et
574 2603 661 2691 quod
675 2603 787 2670 uenire
803 2603 922 2668 feteret
937 2601 1060 2667 milites
1077 2601 1121 2668 sd
1140 2603 1379 2670 testifioendum
1398 2612 1463 2679 ete,

366 2719 402 2776 ot
417 2709 538 2776 milites
553 2731 618 2774 non
632 2713 795 2772 uenerunt
807 2714 860 2772 set
874 2705 1053 2772 uieeeomes
1067 2705 1159 2772 misit
1171 2707 1307 2772 nomine
1322 2707 1463 2772 militum

367 2815 484 2886 Postea
512 2813 555 2878 ed
584 2811 779 2898 peticionem
807 2808 910 2895 ipsius
940 2810 980 2876 G.
1007 2809 1051 2876 de
1079 2809 1248 2876 Abbetots
1280 2812 1385 2898 posite
1416 2819 1464 2878 est

366 2919 494 3006 loquela
516 2939 618 3003 usque
640 2915 880 2982 adamantum
901 2914 1164 2993 iustieiuriorum
1176 2924 1212 2982 et
1230 2915 1307 2982 ideo
1328 2915 1379 2981 hic
1397 2915 1463 2980 siue

366 3022 426 3088 die
473 3021 517 3090 Et
531 3021 710 3085 uiceoomes
726 3017 838 3084 uenire
853 3017 951 3084 faeiat
965 3017 1001 3082 in
1019 3017 1202 3086 aduentum
1221 3017 1464 3086 iustieiuriomm

366 3125 527 3213 predictos
555 3123 677 3188 milites
712 3122 756 3188 sd
785 3121 1027 3188 testificandum
1056 3129 1119 3188 eto
1161 3120 1280 3188 Postea
1311 3131 1465 3188 uenerunt

366 3237 505 3315 quatuor
520 3227 641 3292 milites
655 3227 746 3292 missi
761 3234 797 3292 et
810 3226 928 3292 dicunt
946 3225 1032 3312 quod
1051 3248 1119 3290 non
1137 3234 1189 3292 es‘t
1203 3248 1335 3311 compos
1346 3227 1395 3292 sui
1408 3240 1466 3291 nec

364 3355 441 3398 sene
461 3332 581 3396 mentis
600 3330 649 3395 ita
668 3330 754 3416 quod
774 3328 1073 3414 possit'secundum
1092 3328 1362 3396 eonsuetudinem
1378 3329 1467 3416 tegni

365 3444 484 3502 terram
500 3435 616 3502 lucrari
630 3457 690 3500 neo
705 3433 863 3518 perdere'.
985 3450 987 3453 ’

429 3539 540 3604 Dauid
565 3539 681 3604 Besset
709 3545 744 3602 et
773 3536 939 3602 Gulfiidus
966 3537 1008 3602 de
1030 3537 1243 3624 Langeleghs
1263 3537 1467 3604 Mmoesllm
1531 3563 1533 3675 p

366 3643 461 3708 Dom.
490 3641 592 3728 Regis
613 3649 871 3726 munuceperunt
899 3663 997 3726 super
1024 3641 1136 3706 omnis
1163 3662 1227 3727 que
1256 3641 1382 3708 habent
1416 3641 1468 3706 uel

365 3746 532 3812 habebunt
554 3769 661 3812 comm
684 3745 776 3810 Dom.
801 3747 892 3831 Rege
914 3746 975 3812 teli
996 3745 1051 3811 die
1073 3756 1134 3811 ete
1158 3746 1341 3812 Robertum
1365 3747 1469 3812 filium
1531 3680 1533 3833 l

363 3849 523 3915 «Iohannis
537 3850 578 3914 de
594 3848 720 3914 Beiocis
740 3847 781 3914 sd
801 3847 955 3913 standum
974 3856 1065 3912 recto
1084 3847 1126 3914 de
1149 3849 1209 3914 hoo
1231 3849 1320 3934 quod
1341 3872 1418 3914 cum
1437 3849 1472 3912 ui
1531 3838 1533 3958 l

364 3975 424 4017 sus
444 3952 531 4038 oepit
555 3950 717 4037 quandam
738 3949 881 4035 puellam
903 3949 996 4014 cuius
1018 3950 1166 4014 custodie
1184 3950 1356 4037 adipsum
1377 3953 1472 4018 Dom

364 4056 488 4142 Regem
503 4055 648 4141 pertinet
671 4063 705 4120 et
726 4055 829 4140 ipsum
850 4055 996 4120 abduxit.
1042 4055 1086 4119 Et
1107 4056 1181 4120 ideo
1206 4056 1403 4122 mandatum
1425 4073 1475 4122 est

363 4159 546 4225 uicecomiti
565 4159 650 4245 quod
673 4167 775 4246 ponet
795 4159 830 4223 in
853 4168 1036 4245 respectum
1058 4160 1253 4248 utlagariem
1279 4183 1343 4247 que
1363 4163 1472 4230 eidem

364 4264 505 4328 Roberto
521 4262 591 4326 fieri
604 4261 718 4327 debuit
733 4261 880 4348 predicta
893 4262 1081 4328 occasione⁸.

395 4387 846 4454 ¹Aplsintifinotnsmedsbove.·
882 4387 1012 4439 ’SeeBu
1026 4387 1140 4438 ΗΜ.
1197 4389 1352 4442 ’Seecsse
1365 4395 1443 4446 1267.
