3167 5075
361 409 425 474 692
491 422 647 472 surronx
672 422 763 470 nrnn
786 424 830 471 or
851 421 1054 472 rsrnsnnm
1076 424 1149 473 ann
1172 425 1331 485 sannaus,

358 597 442 662 obiit
464 597 558 663 uenit
583 597 618 662 in
643 597 801 662 comitatu
827 597 884 662 illo
909 607 1116 685 preterquam
1140 601 1270 687 quando
1292 602 1352 666 init
1371 600 1446 686 apud
1545 580 1546 589 ι

361 699 561 766 Londoniam
576 710 708 788 propter
726 700 902 786 quamdam
921 701 1055 766 assisam
1074 725 1173 788 quam
1195 712 1274 770 tunc
1295 704 1448 770 aramiauit

362 825 474 868 uersus
495 803 603 890 ipsum
629 802 837 878 willelmum,
853 811 888 867 et
909 803 1005 868 offert
1026 805 1121 870 Dom.
1137 805 1221 892 Regi
1243 805 1381 871 tantum¹
1399 827 1448 890 per

359 906 407 970 sio
421 907 508 992 quod
522 906 604 970 illud
618 905 802 991 inquiratur
815 928 875 991 per
888 907 1038 992 patriam.
1082 909 1126 972 Et
1140 910 1183 973 ad
1196 909 1286 974 istud
1304 909 1449 996 inquiren-

360 1009 449 1088 dum,
471 1010 707 1076 consideratum
734 1018 784 1074 est
811 1010 898 1095 quod
923 1012 1016 1096 prius
1037 1012 1096 1077 fiat
1122 1014 1198 1079 inde
1219 1015 1384 1101 inquisieio
1401 1036 1450 1099 per
1545 1022 1546 1079 l

361 1115 501 1201 patriam
524 1115 559 1179 in
581 1137 647 1200 qua
667 1115 738 1200 ipsa
764 1115 929 1180 Beatricia
949 1127 1061 1181 manet
1082 1118 1111 1182 si
1131 1119 1203 1203 ipsa
1222 1128 1390 1205 postquam
1407 1119 1450 1182 uir
1545 1096 1546 1163 i

360 1241 439 1284 auus
468 1219 549 1284 obiit
578 1218 683 1283 exiuit
712 1219 753 1284 da
783 1219 900 1303 patria,
927 1219 977 1284 ita
1005 1221 1091 1306 quod
1120 1221 1183 1285 iuit
1212 1223 1248 1286 in
1278 1223 1448 1288 comitatum
1545 1284 1546 1305 χ

362 1321 493 1388 Essexie
515 1322 557 1388 ad
579 1321 759 1387 faciendam
781 1323 961 1407 predictam
984 1332 1107 1388 cartam
1130 1326 1183 1388 uel
1205 1349 1282 1402 non,
1302 1335 1335 1390 et
1355 1335 1450 1412 postea
1545 1324 1546 1351 ι

360 1449 420 1513 per
435 1436 534 1492 testes
548 1427 731 1492 nominatos
745 1426 780 1490 in
795 1435 891 1491 carta

307 1551 310 1556 ·
425 1531 595 1595 iuratores
620 1529 735 1594 dicunt
761 1529 848 1615 qnod
874 1552 1042 1616 nunquam
1068 1531 1269 1596 audiuerunt
1292 1531 1375 1619 quod
1393 1533 1451 1618 ipsa

360 1634 465 1699 exiuit
480 1635 521 1699 de
535 1634 642 1720 patria
656 1655 715 1698 sua
729 1656 789 1698 nec
804 1633 897 1699 uenit
912 1635 947 1698 in
968 1635 1125 1700 comitatu
1146 1637 1281 1702 Essexie
1299 1645 1451 1723 postquam
1545 1686 1546 1707 l

361 1737 413 1802 uir
427 1760 505 1802 suus
520 1737 601 1802 obiit
615 1745 824 1823 preterquam
838 1739 939 1802 semel
954 1739 1083 1825 quando
1093 1739 1158 1803 init
1168 1740 1258 1825 apud
1271 1739 1452 1804 londoniam

361 1865 419 1928 pro
448 1842 547 1908 assisa
575 1865 673 1928 quam
702 1842 877 1906 aramiauit
906 1864 1020 1907 uersus
1048 1842 1232 1928 predictum
1259 1845 1452 1910 Willelmnm

359 1945 406 2008 Et
428 1944 496 2010 dies
518 1944 614 2008 datus
635 1953 685 2008 est
708 1943 754 2008 eis
776 1945 863 2029 apud
888 1945 1213 2011 westmonasterium
1239 1946 1284 2011 de
1309 1946 1452 2012 audiendo

356 2047 525 2116 ¹nemdieto
539 2046 674 2112 testium
689 2046 723 2110 in
738 2056 829 2110 carta
842 2046 917 2112 eto¹.

229 2170 322 2234 1930Ι
425 2151 548 2216 Ἦιιιιιο
563 2149 603 2214 de
618 2150 790 2214 Flemtona
804 2151 889 2234 petit
902 2171 1014 2215 uersus
1025 2151 1227 2216 Willelmum
1239 2153 1273 2218 le
1284 2153 1453 2238 Despenser
1545 2140 1546 2143 ι

360 2255 401 2320 de
416 2256 623 2340 Hemegraus
641 2253 727 2338 quod
746 2254 918 2338 permittat
938 2255 1044 2369 ipsum
1064 2255 1185 2322 habere
1205 2279 1408 2323 communam
1424 2256 1453 2320 in
1545 2310 1546 2351 ἦ

198 2369 231 2409 ¹¹⁰
232 2370 317 2410 ¹⁸¹0oe
318 2367 439 2442 m-quat
440 2379 499 2422 uor
526 2355 608 2421 aroris
637 2363 768 2441 pastura
798 2378 873 2420 oum
902 2364 983 2441 pert.
1010 2356 1046 2420 in
1071 2357 1314 2444 Flemingtons,
1339 2360 1379 2424 de
1401 2381 1456 2444 qua

222 2428 318 2502 “nlm
305 2463 485 2551 Alanus
499 2469 592 2548 pater
606 2460 766 2525 Hamonis
780 2460 862 2526 obiit
881 2462 1012 2527 saisitus
1032 2462 1085 2527 die
1107 2485 1172 2549 quo
1193 2463 1280 2528 obiit
1302 2473 1455 2553 tamqnam

196 2567 271 2643 Ἓξ.)
243 2558 318 2651 “filet
305 2564 544 2653 te‘pertinente
559 2565 601 2629 ad
616 2565 754 2629 liberum
770 2574 996 2631 tenementum
1011 2589 1108 2631 suum
1127 2566 1163 2631 in
1183 2568 1302 2634 eadem
1316 2569 1395 2633 uilla
1405 2580 1457 2633 eta

197 2650 297 2783 Atat*
283 2700 324 2783 l⁸‘
361 2671 403 2734 Et
419 2668 602 2734 Willelmus
616 2667 709 2732 uenit
724 2676 758 2732 et
773 2678 870 2733 uocat
888 2669 965 2735 inde
984 2670 1026 2734 ad
1045 2680 1228 2737 warantum
1249 2674 1407 2738 Thomnm
1423 2672 1457 2738 de

196 2744 254 2879 fai„
234 2745 324 2884 ”ff
360 2774 566 2859 Hemegrana
581 2780 775 2857 pareantum
790 2793 883 2835 suam
898 2793 996 2857 quam
1011 2772 1139 2857 profert
1185 2774 1231 2838 Et
1252 2776 1457 2841 Hamouenit

197 2888 260 2973 tuga
271 2886 284 2925 ¹
285 2852 393 2939 ban’et
416 2874 497 2939 dicit
520 2872 606 2959 quod
630 2894 696 2936 non
719 2872 870 2936 debet
842 2895 873 2937 ei
892 2873 969 2937 inde
987 2875 1205 2953 warantizare,
1219 2878 1304 2962 qnia
1323 2880 1457 2965 ipsenon
1545 2869 1546 2896 ¹

196 2944 329 3065 ΞΞΨΙΞΞΠ·
358 2978 443 3063 petit
465 2982 691 3041 tenementum
713 2983 764 3039 set
786 2975 891 3039 solum
913 2998 1127 3054 eommunam,
1149 2987 1184 3043 et
1205 2989 1360 3065 preterea
1382 2990 1459 3047 oarta

196 3030 267 3215 {iiii
257 3038 324 3205 ‘ull‘
359 3080 416 3145 illa
430 3080 516 3145 fasta
530 3077 594 3142 snit
609 3100 682 3142 xxx
698 3077 791 3141 annis
808 3078 979 3143 transactis
993 3086 1028 3143 et
1046 3090 1224 3166 antequam
1245 3084 1376 3149 Alanus
1389 3084 1458 3148 obiit
1545 3079 1546 3098 ι

196 3166 346 3299 affigas&
359 3186 416 3271 qui
440 3184 520 3249 obiit
544 3182 619 3248 inde
643 3182 774 3247 saisitus
797 3183 882 3247 sicut
904 3184 1089 3269 predictum
1112 3194 1170 3250 est.
1214 3187 1262 3251 Et
1287 3188 1459 3255 Willelmus

198 3308 285 3346 aarum
219 3318 339 3437 mitum
361 3288 452 3353 uenit
475 3296 510 3354 et
532 3287 678 3353 defendit
698 3288 783 3373 quod
804 3296 898 3374 pater
917 3310 997 3353 suus
1011 3312 1077 3353 non
1091 3291 1173 3355 obiit
1187 3291 1266 3357 inde
1281 3294 1459 3370 seisituset
1545 3345 1546 3390 1

197 3358 299 3487 affin}
360 3393 433 3458 ideo
448 3393 507 3458 fiat
521 3391 621 3457 inde
612 3400 720 3456 nirata
735 3401 793 3458 eto.
840 3392 1042 3458 Cosconium

230 3515 321 3578 1931
424 3495 552 3561 ‘Assisa
577 3495 671 3560 uenit
695 3495 902 3581 recognitum
927 3495 956 3560 si
978 3495 1162 3561 Willelmus
1183 3497 1225 3562 de
1248 3498 1360 3565 Crassi
1379 3509 1462 3585 pater
1545 3453 1546 3502 1

361 3600 518 3664 Willelmi
532 3600 572 3663 de
588 3598 710 3665 Οιιιιιὓ
725 3599 787 3663 fuit
803 3598 934 3663 saisitus
947 3599 983 3663 in
998 3599 1159 3664 dominico
1173 3622 1232 3664 suo
1253 3611 1296 3666 ut
1317 3603 1360 3669 de
1379 3604 1461 3669 feodo

360 3705 401 3769 de
427 3713 499 3769 octo
524 3703 605 3768 acris
631 3712 717 3768 terre
742 3726 818 3767 oum
843 3712 923 3788 pert
951 3702 986 3766 in
1013 3702 1167 3791 Cretinge
1192 3705 1248 3769 die
1274 3715 1349 3785 eto,
1373 3730 1461 3795 quam

361 3824 480 3875 terram
496 3807 653 3873 Ricardus
668 3807 709 3873 de
725 3808 863 3872 Pnlham
879 3815 979 3873 tenet.
1025 3808 1092 3888 Qui
1110 3809 1204 3873 uenit
1223 3819 1259 3874 et
1281 3823 1382 3877 uooat
1394 3812 1461 3877 inde
1545 3811 1546 3814 '

360 3915 403 3979 ad
427 3918 606 3977 warantum
630 3911 764 3976 heredes
784 3910 923 3975 Walteri
941 3910 983 3975 de
1003 3910 1149 3976 Bononia
1168 3921 1203 3977 et
1221 3916 1392 3982 neminem
1409 3916 1463 3982 scit
1545 3969 1546 3996 ι

363 4018 535 4082 nominare.
580 4016 657 4080 Post
672 4014 780 4080 nenit⁰
796 4014 953 4080 Osbertus
968 4016 1008 4079 de
1025 4015 1183 4081 Stanham
1199 4026 1234 4083 et
1244 4020 1415 4087 lohannes
1426 4021 1461 4085 de
1545 4039 1546 4110 J

365 4122 534 4209 Cretinges
555 4142 690 4207 persona
712 4129 847 4205 nepotes
869 4128 904 4184 et
928 4118 992 4184 duo
1014 4141 1056 4184 ex
1076 4120 1249 4186 heredibus
1268 4122 1411 4191 Walteri
1428 4124 1463 4189 de
1545 4125 1546 4140 ¹

396 4338 404 4369 ¹
421 4335 578 4392 Half-mark,
591 4335 621 4383 A.
973 4333 985 4365 ¹
1001 4333 1031 4382 A.
1043 4348 1079 4385 m.
1094 4335 1125 4383 31
1136 4334 1163 4384 d.

395 4404 406 4433 ¹
422 4403 442 4449 F
444 4402 522 4451 isteen
534 4414 623 4451 names
634 4400 663 4451 A
973 4397 985 4428 ⁶
1002 4401 1095 4460 Cereri,
1110 4402 1206 4464 (lyrani,
1217 4401 1245 4450 in
1256 4403 1290 4453 A.

396 4470 406 4499 ¹¹
422 4469 452 4515 A.
464 4481 498 4515 m.
511 4468 550 4517 31.
972 4464 983 4494 ⁶
999 4464 1055 4523 sis
1072 4465 1128 4514 (ιη’
1139 4466 1169 4514 A
