3167 5075
367 370 432 436 380
673 375 824 446 ramur,
847 376 912 437 nn.
938 373 1030 449 1220,
1052 372 1117 439 aa.
1140 376 1167 441 4.

231 569 325 633 1432,
430 556 598 624 ¹'Johanna
619 580 683 645 que
708 559 773 623 fuit
799 581 880 625 uxor
904 559 1062 627 Willelmi
1089 561 1260 627 venatoris
1282 560 1386 649 petit'
1406 560 1464 627 Ra·

205 652 209 660 ’
237 669 312 709 61οω
366 660 493 727 dulfum
508 660 549 726 de
570 661 722 727 Ohandos
737 662 763 748 j.
778 662 859 749 uirg.
876 671 962 730 terre
981 686 1056 729 cum
1077 666 1209 751 pertin
1229 666 1413 731 Bsnethsm
1431 676 1464 730 ut

249 789 306 840 [ns]
365 775 424 832 etc
441 776 476 833 et
490 766 578 832 unde
592 766 786 832 nominatim
805 768 920 833 dotata
940 768 1004 833 fuit
1023 777 1082 835 eto.
1103 768 1108 857 Ι
1129 771 1173 834 Et
1195 770 1356 835 Radulins
1379 770 1465 835 uenit

364 879 400 935 et
421 870 502 935 dicit
524 869 610 955 quod
631 892 697 934 non
718 868 793 935 nult
816 870 1061 957 ei·respondere
1082 873 1152 936 sine
1174 884 1314 939 waranto
1333 873 1377 938 de
1395 874 1465 938 dote

364 996 425 1039 sua
443 974 567 1039 scilicet
585 973 750 1039 Willelmo
769 974 837 1039 filio
861 984 896 1041 et
917 975 1035 1041 herede
1056 976 1196 1063 predicti
1218 976 1383 1043 Willelmi.
1427 978 1466 1041 Et

363 1081 435 1167 ipsa
448 1081 568 1146 habeat
582 1103 659 1145 eum
673 1080 733 1145 tali
747 1080 801 1145 die
816 1088 875 1147 etc.
892 1104 950 1168 per
963 1082 1121 1148 auxilium
1136 1082 1233 1161 ouria,
1248 1090 1306 1149 etc.

429 1182 641 1249 'Constancia
662 1183 703 1247 de
724 1182 840 1265 Vennz
858 1184 1040 1250 attachiata
1061 1185 1125 1250 fuit
1149 1185 1191 1250 ad
1210 1183 1467 1271 respondendum

263 1296 278 1325 ¹¹
364 1296 399 1353 et
420 1287 464 1352 ad
487 1285 723 1351 ostendendum
746 1309 846 1372 quare
868 1310 933 1353 non
957 1296 1049 1354 tenet
1072 1289 1240 1355 Gileberto
1260 1289 1301 1355 de
1323 1290 1357 1355 la
1376 1290 1468 1355 Dene

363 1392 463 1457 finem
491 1392 614 1457 factum
640 1390 676 1455 in
699 1392 790 1456 curia
813 1399 873 1457 etc
897 1413 1004 1458 coram
1027 1392 1213 1458 iusticiariis
1237 1393 1353 1459 ultimo
1374 1394 1469 1459 itine-

362 1600 555 1686 Nutelegha
582 1599 671 1665 unde
699 1598 926 1687 cirographum
956 1608 1025 1677 ete,
1055 1600 1142 1686 quod
1170 1602 1293 1687 profert
1321 1612 1356 1666 et
1383 1600 1469 1687 qu'od

363 1710 514 1781 testatur,
529 1702 616 1790 quod
630 1703 702 1789 ipsa
721 1702 875 1789 cognouit
897 1702 1057 1789 predictas
1072 1704 1173 1788 xxiiij.
1189 1726 1278 1769 acras
1292 1712 1375 1768 terre
1396 1726 1469 1768 cnm

364 1815 444 1894 pert.
461 1829 529 1872 esse
544 1807 596 1871 ius
609 1806 713 1892 ipsius
728 1806 888 1872 Gileberti
904 1814 939 1871 et
953 1807 1025 1871 illas
1040 1806 1071 1872 ei
1081 1807 1224 1872 reddidit
1234 1830 1293 1893 per
1304 1830 1468 1873 assensum

253 1938 254 1941 ¹
363 1910 523 1977 Johannis
543 1910 585 1975 de
606 1910 721 1975 Venuz
742 1909 804 1975 filii
823 1918 858 1973 et
878 1910 1006 1976 heredis
1025 1910 1078 1976 sui
1097 1910 1153 1996 qui
1171 1933 1303 1996 presens
1323 1912 1388 1977 fuit
1403 1922 1469 1988 etc,

364 2016 452 2081 unde
481 2015 569 2079 idem
601 2014 788 2079 Gilebertus
822 2014 967 2080 ostendit
995 2014 1083 2100 quod
1111 2023 1224 2080 contra
1252 2016 1349 2081 finem
1377 2016 1469 2081 illum

364 2117 522 2183 deforciat
536 2117 568 2183 ei
585 2125 755 2202 pasturam
774 2116 819 2182 ad
838 2117 901 2203 xvj.
916 2116 1017 2183 boues
1036 2125 1072 2183 et
1092 2117 1134 2183 ad
1152 2125 1285 2185 eentum
1308 2141 1387 2183 oues
1409 2141 1469 2205 qua

361 2325 445 2390 acris
460 2322 601 2389 tartede
616 2322 730 2388 eadem
745 2330 833 2389 terra
848 2331 882 2387 et
896 2322 973 2387 inde
988 2323 1089 2388 habet
1103 2332 1224 2389 sectam
1240 2334 1299 2391 etc

429 2427 474 2494 Et
488 2427 560 2512 ipsa
574 2426 668 2491 uenit
682 2434 717 2490 et
732 2425 896 2512 cognoscit
911 2425 1147 2512 cyrographum
1167 2435 1201 2491 et
1221 2427 1320 2492 finem
1339 2436 1374 2493 et
1394 2428 1470 2493 dicit

365 2530 452 2617 quod
471 2529 506 2594 in
525 2528 616 2594 nullo
636 2537 688 2594 est
706 2537 820 2594 contra
834 2528 943 2608 finem,
958 2528 1036 2616 quia
1049 2529 1132 2596 bene
1147 2530 1294 2596 oonoedit
1308 2531 1341 2596 ei
1354 2541 1470 2598 terram

364 2635 455 2700 illam
491 2634 670 2700 secundum
699 2633 945 2720 cyrographum,
974 2633 1031 2699 sed
1060 2643 1193 2722 pastura
1221 2636 1279 2702 illa
1306 2659 1470 2724 nunquam

365 2737 552 2824 pertinebat
576 2737 618 2803 ad
647 2736 829 2823 predictam
860 2744 990 2813 terram,
1017 2745 1052 2804 et
1078 2737 1139 2804 hoc
1168 2740 1251 2804 bene
1277 2747 1370 2826 patet
1396 2741 1472 2827 quis

364 2864 480 2908 reuera
493 2843 563 2929 ipsc
578 2841 657 2907 tulit
671 2841 805 2906 assisam
820 2840 861 2906 de
877 2848 980 2906 morte
995 2841 1204 2908 antecessoris
1219 2866 1332 2909 uersus
1346 2867 1418 2910 eam
1431 2843 1470 2909 de

366 3047 547 3112 iuratorum
560 3047 649 3112 illius
663 3047 761 3112 assisa
776 3047 902 3133 positus
924 3047 988 3113 fuit
1001 3047 1037 3112 in
1051 3048 1170 3117 saisina
1184 3058 1219 3113 et
1233 3058 1284 3114 est
1298 3051 1334 3114 in
1348 3050 1473 3126 saisina,

368 3158 403 3215 et
416 3151 499 3216 bene
521 3149 669 3215 defendit
688 3149 775 3236 quod
794 3173 963 3236 nunquam
983 3159 1057 3237 post
1069 3151 1170 3216 finem
1184 3150 1279 3217 illum
1293 3155 1473 3240 asportauit

368 3255 502 3319 bladum
522 3277 625 3319 suum
671 3254 716 3318 Et
735 3254 815 3339 quia
835 3254 1022 3320 Gilebertus
1041 3277 1107 3320 non
1121 3255 1265 3320 ostendit
1279 3257 1365 3342 quod
1377 3265 1475 3322 tanta

367 3366 501 3444 pastura
528 3356 692 3443 pertineat
720 3355 763 3422 ad
791 3364 919 3423 tantam
954 3366 1082 3437 terram,
1110 3369 1145 3425 et
1173 3369 1323 3446 preterca
1348 3362 1473 3426 nullam

366 3469 487 3526 sectam
510 3460 660 3546 producit
681 3459 723 3525 de
744 3459 841 3525 blado
863 3468 1037 3547 asportato,
1057 3462 1295 3530 consideratum
1315 3472 1363 3529 est
1386 3465 1476 3550 quod

365 3563 438 3650 ipsa
452 3572 507 3629 eat
526 3563 602 3628 inde
622 3563 736 3649 quieta
755 3571 790 3628 et
811 3563 998 3629 Gilebertus
1012 3564 1048 3628 iu
1063 3565 1290 3644 misericordia,
1304 3577 1337 3632 et
1350 3567 1475 3632 habeat

366 3675 494 3732 tantam
508 3675 675 3752 pasturam
690 3673 852 3752 quantum
866 3666 1011 3752 pertinet
1026 3667 1067 3732 ad
1082 3667 1173 3734 illam
1187 3675 1309 3734 terram
1323 3677 1385 3734 etc.

231 3793 325 3856 1434·
430 3771 545 3836 ‘Iusta
573 3792 637 3857 que
667 3770 731 3835 fuit
760 3791 842 3836 uxor
878 3771 1014 3837 Roberti
1044 3771 1219 3838 Ganeuao¹⁶
1244 3775 1328 3860 petit
1353 3796 1479 3840 uersus

254 3893 306 3935 sun
365 3872 546 3940 Hemioum
566 3872 725 3938 Oanauao'
745 3873 879 3938 terciam
899 3883 1027 3959 partem
1046 3875 1144 3942 unius
1165 3899 1268 3944 carue
1283 3886 1366 3942 terre
1392 3901 1475 3944 curn

365 3985 446 4063 pert.
461 3977 497 4041 in
511 3977 654 4042 Bertona
667 3984 706 4040 ut
720 3978 830 4042 dotem
850 4001 943 4043 suam
963 3988 1021 4044 etc
1069 3979 1113 4044 Et
1136 3980 1296 4046 Henricus
1318 3983 1421 4048 uenit
1446 3999 1482 4048 et

366 4080 547 4168 dicitquod
565 4080 687 4146 iniuste
706 4081 792 4167 petit
812 4080 922 4146 dotem
943 4103 1036 4148 suam
1057 4081 1098 4147 de
1121 4091 1208 4148 terra
1226 4083 1282 4149 illa
1299 4083 1382 4170 quia
1407 4087 1484 4174 ipss

463 4287 518 4337 ιι,
531 4286 774 4345 m.·1a;n.m.1o.
1050 4287 1060 4319 ⁴
1076 4288 1107 4339 s.
1120 4303 1154 4338 m.
1168 4287 1239 4346 lan
1255 4287 1284 4337 a.
1294 4251 1326 4336 n.
1345 4289 1398 4340 ro.

462 4352 474 4383 ²
491 4353 590 4415 Supply
600 4367 694 4411 ueram,
705 4352 736 4401 Δ.
747 4354 783 4404 Β.·
1050 4352 1061 4384 ⁶
1079 4355 1201 4412 Catenae,
1213 4353 1241 4404 B.

461 4417 838 4477 ⁸nm.19d;1³.1n10d.
