3167 5075
336 398 656 464 mesenensem.
681 384 860 463 lzlms
884 388 976 453 1-z
1143 386 1208 453 305

116 571 234 641 luerunt
247 574 282 640 in
297 596 431 641 manum
446 572 540 641 Dom.
556 573 665 661 Regis,
680 582 714 640 οι
735 573 828 661 quod.
843 573 995 641 absentes
1016 583 1210 660 caperentur

117 688 258 765 tauquam
272 678 396 765 periuri
410 686 444 743 et
458 676 602 743 conuicti
608 675 625 742 ¹.
646 675 652 765 Ι

114 992 244 1061 PRIMA
258 994 454 1061 PLAGITA
468 996 593 1062 APUD
609 988 1075 1064 WESTMONASTERIUM
1095 996 1206 1063 POST
1307 1042 1313 1053 ·

187 1098 340 1165 Pscnn
362 1098 546 1165 FACTAM
569 1099 710 1164 INTER
731 1100 957 1166 DOMINUM
978 1100 1135 1166 REGEM
1150 1100 1206 1164 ΕΤ

186 1202 400 1270 BARONES
415 1204 531 1270 SUOS
545 1204 611 1269 AN
613 1204 646 1268 N
649 1204 677 1270 O
693 1204 839 1269 REGNI
854 1203 989 1269 REGIS
1009 1204 1205 1271 HENRIOI

185 1305 298 1373 FILII
328 1308 463 1373 REGIS
492 1308 516 1373 J
518 1308 731 1374 OHANNIS
761 1308 985 1387 SECUNDO,
1012 1308 1074 1373 DE
1103 1308 1206 1373 nnn

186 1412 307 1477 MINO
331 1411 363 1477 S.
387 1412 650 1479 MICHAELIS.
1203 1404 1207 1409 ’

57 1638 82 1702 ι5,
166 1627 276 1693 Assisa
296 1628 392 1693 uenit
413 1626 619 1715 recognitum
640 1628 713 1715 quis
738 1627 916 1693 aduocatus
944 1636 1089 1714 tempore
1117 1624 1207 1711 pecie

111 1733 301 1813 presentauic
323 1732 475 1797 ultimam
497 1753 666 1818 personam
689 1754 752 1819 que
774 1738 905 1796 mortua
917 1739 968 1797 est
981 1731 1024 1796 ed
1039 1728 1206 1795 ecclesiam

111 1833 145 1898 de
163 1836 290 1923 Dsuby,
312 1858 376 1923 que
399 1845 496 1903 necet
517 1845 588 1915 etc„
609 1836 701 1902 cuius
722 1834 970 1902 eduocscionem
992 1833 1147 1900 Piiorisse
1165 1832 1207 1899 de

111 1938 239 2027 Inngele
262 1941 385 2007 elamet
407 1964 519 2008 uersus
542 1941 744 2008 Willelmum
767 1941 933 2007 Peuniulf.
977 1940 1044 2021 Qui
1065 1938 1158 2005 uenit
1172 1947 1207 2003 οι
1247 1984 1252 1992 ·

111 2040 289 2132 dicitquod
311 2046 496 2113 Willelmus
518 2047 680 2113 Peuntulf
704 2045 812 2111 senior
832 2044 1035 2131 presentauii
1055 2044 1206 2109 nltimam
1268 2062 1274 2071 ·
1316 2056 1319 2066 '

110 2166 268 2231 penonsm
290 2172 356 2237 qus
378 2158 507 2216 mortue
528 2159 578 2217 est
600 2150 641 2217 sd
663 2150 831 2216 ecclesiam
851 2149 942 2215 illam
956 2149 1079 2215 scilicet
1094 2171 1207 2236 qnem-

109 2248 175 2317 dsm
194 2254 382 2340 Hugonem
402 2261 438 2319 οι
457 2252 537 2319 dicii
556 2254 644 2340 quod
663 2253 751 2319 idem
772 2252 957 2319 Willelmus
971 2252 1077 2317 senior
1090 2251 1207 2317 hebuit

110 2356 273 2438 quemdem
303 2356 409 2423 filium
439 2358 569 2422 nomine
598 2357 801 2423 Willelmum
830 2356 983 2422 heredem
1015 2377 1121 2431 suum,
1149 2354 1208 2440 qui

110 2466 211 2543 possea
224 2459 320 2526 dedic
335 2460 366 2525 ei
380 2482 439 2547 pro
453 2460 604 2548 homagio
618 2468 654 2525 οι
667 2460 804 2526 seruicio
818 2482 877 2525 suo
891 2468 1011 2524 terrem
1026 2457 1067 2523 de
1087 2458 1208 2544 Deuby

109 2581 174 2626 cum
197 2573 280 2650 peri.
307 2572 342 2629 οι
367 2587 443 2629 cum
468 2549 682 2630 eduocccione
708 2563 841 2630 ecclesie
867 2562 908 2628 de
933 2562 1054 2648 Dauby
1073 2569 1108 2626 et
1130 2560 1206 2625 inde
1250 2613 1256 2626 .

108 2665 218 2747 profert
231 2675 358 2732 cenam
373 2689 466 2732 suem
481 2690 545 2754 que
560 2668 620 2732 hoc
634 2675 776 2733 testatur
795 2675 865 2743 etc,
885 2675 920 2732 οι
939 2665 1012 2730 ideo
1032 2663 1118 2751 petit
1137 2652 1207 2750 ipse
1264 2691 1268 2698 ·

109 2768 348 2837 aduocscionem
362 2771 461 2838 illem.

164 2875 206 2940 Ει
220 2876 379 2942 Priorisss
393 2877 486 2942 uenit
502 2887 537 2942 οι
551 2879 634 2944 bene
650 2876 805 2964 cognouit
820 2875 908 2962 qnod
922 2875 1010 2940 idem
1024 2873 1209 2946 Willelmus

109 2974 260 3044 Paunlulf
278 2981 386 3045 senior
407 2980 448 3046 de
470 3003 534 3066 quo
555 2979 620 3046 iste
640 2979 825 3045 Willelmus
847 2979 991 3065 loquitur
1004 2979 1207 3066 presentauit

108 3080 247 3149 ultimam
263 3107 435 3170 personam
450 3093 509 3150 etc.
525 3084 648 3150 scilicet
661 3083 845 3170 predictum
861 3085 1044 3171 Hugonem,
1055 3091 1106 3147 set
1120 3082 1206 3147 idem

110 3185 286 3256 willelmus
308 3191 416 3256 senior
436 3189 529 3256 dedis
550 3190 683 3256 ecclesie
713 3213 770 3256 sue
800 3212 900 3255 unam
929 3188 1093 3274 uirgstsm
1122 3195 1207 3281 teme

108 3311 173 3355 cnm
187 3301 271 3379 peri.
286 3293 321 3358 in
337 3294 457 3380 Dauby
471 3317 545 3360 cum
560 3293 774 3359 eduocacione
790 3292 932 3370 ecclesie,
947 3298 982 3356 οι
995 3289 1072 3355 inde
1087 3289 1208 3376 profert

135 3456 144 3489 ¹
159 3459 282 3524 Breoson,
293 3462 312 3512 l.
321 3463 387 3522 ὅθι,
396 3461 460 3514 siles
471 3461 526 3514 this
536 3477 594 3514 cese
603 3465 630 3514 ιο
681 3462 722 3513 On
735 3461 790 3512 this
805 3461 905 3511 follows
915 3459 985 3510 what
999 3472 1082 3510 seems
1097 3455 1207 3507 another

107 3521 227 3577 illustrate
241 3527 289 3578 ihs
303 3527 370 3578 need
385 3529 415 3578 ol
428 3543 445 3577 s
460 3527 515 3577 real
531 3527 630 3590 change
680 3527 794 3578 allusion
806 3531 833 3576 ιο
842 3521 1206 3589 ιιιίοοοεο,οιοοηοιΜοῐιίο

107 3588 133 3636 ol
144 3592 294 3652 possession
311 3591 334 3644 il
349 3607 365 3642 s
380 3593 514 3644 leollmsnt
524 3591 549 3642 is
559 3597 587 3644 ιο
598 3593 630 3644 be
680 3586 1207 3663 tlsl’steeholdechrydeiioyewedene,¹

107 3653 176 3704 velis
209 3657 262 3706 His
284 3657 382 3708 editors
404 3657 480 3708 melis
502 3657 559 3708 him
580 3657 630 3708 ciis
680 3657 724 3719 qui
733 3651 1206 3719 aliquandoluilinoustodsedomms

108 3717 167 3768 lmm
187 3723 218 3770 Δ.
236 3723 270 3772 Β.
289 3723 330 3772 16.
362 3723 416 3773 Βοι
437 3722 564 3787 certainly
583 3724 629 3774 ihs
679 3722 747 3784 regis
758 3727 873 3784 tempore
884 3719 996 3770 Habenti
1006 3717 1038 3768 de
1049 3717 1144 3778 surgo.
1172 3715 1206 3766 In

106 3796 157 3834 cess
172 3800 260 3838 comes
275 3788 344 3838 lrom
358 3787 516 3840 Peleshnll's
530 3803 588 3850 syre
600 3787 631 3852 in
679 3787 800 3850 Excerpe.
817 3803 831 3837 e
847 3786 908 3836 not.
925 3785 984 3835 Fin.
1000 3783 1051 3834 vol
1072 3785 1095 3844 1,
1113 3796 1140 3845 p.
1158 3781 1206 3848 ¹4⁸.

106 3849 170 3899 ss.
182 3853 214 3900 10
224 3853 279 3902 end
291 3855 332 3902 11.
358 3853 413 3903 'I'he
424 3853 480 3903 first
492 3854 541 3904 live
553 3853 627 3903 MSS.
679 3851 731 3902 will
755 3851 786 3902 bc
803 3850 884 3901 found
900 3866 936 3901 sn
952 3847 1026 3899 order
1042 3847 1117 3897 0125
1135 3847 1205 3909 Sept.

106 3917 130 3960 οι
139 3915 221 3965 which
232 3919 318 3969 Ilook
327 3918 393 3968 refer
401 3923 429 3968 ιο
436 3918 504 3968 Mi.
513 3920 552 3967 11.
573 3919 628 3969 The
680 3917 743 3967 1226
755 3917 795 3967 lor
805 3917 893 3979 giving
904 3915 983 3965 seisin
993 3914 1022 3965 ol
1036 3913 1084 3964 the
1092 3911 1169 3964 lsnds
1179 3912 1210 3961 ol

105 3982 263 4038 sunotstor's
282 3983 456 4034 exclamation
473 3983 626 4048 (Mirabilc!)
678 3982 762 4097 Roget
784 3983 814 4032 ol
834 3981 993 4042 Monlbsgon
1012 3983 1040 4028 ιο
1056 3977 1099 4028 his
1114 3976 1207 4027 cousin

106 4041 269 4097 isdoubtless
283 4047 334 4098 due
349 4053 377 4098 ιο
394 4048 439 4099 the
454 4049 556 4112 general
572 4049 629 4098 rule
679 4061 713 4096 sn
758 4046 816 4097 heir
837 4047 928 4109 Henry
950 4047 980 4093 of
1002 4041 1206 4106 Mnneghedene.

107 4107 159 4158 thel
173 4112 288 4172 sinente
298 4129 330 4164 ex
339 4127 469 4164 consensu
480 4112 594 4176 portium
605 4113 628 4163 is
679 4113 735 4163 The
746 4113 849 4162 serioue
859 4112 942 4161 forms
955 4110 984 4159 in
995 4108 1080 4159 which
1094 4107 1208 4171 Henry’s

106 4179 148 4223 not
173 4174 251 4228 lisble
273 4183 301 4229 ιο
323 4178 429 4228 alteim.
462 4177 585 4236 Bronton,
609 4179 627 4232 i.
679 4191 755 4227 neme
777 4191 886 4240 appears
908 4191 977 4225 seem
999 4174 1163 4236 corruptione
1180 4172 1210 4221 ol

106 4239 150 4287 290
170 4240 194 4298 b.
214 4243 283 4294 ester
304 4244 405 4306 steling
426 4243 480 4293 thie
497 4243 553 4293 suls
569 4257 629 4303 says
680 4240 985 4304 Mnntbegumdellonlc
992 4239 1111 4302 Bsgonis.
1129 4229 1206 4287 Broc-

107 4301 160 4352 thet
174 4320 190 4354 ο
206 4307 295 4370 jnreie
309 4307 332 4358 is
348 4308 465 4358 however
481 4308 630 4358 sometimes
680 4312 728 4356 ton
748 4321 838 4357 seems-
854 4310 881 4357 ιο
902 4305 994 4368 regerd
1019 4305 1064 4353 the
1091 4317 1150 4354 csse
1176 4317 1207 4352 ss

105 4369 227 4422 sttsinled
236 4373 361 4438 ilsroysl
368 4373 438 4436 right
445 4373 468 4422 is
475 4372 502 4422 in
510 4373 629 4436 question
679 4375 801 4436 contrary
811 4376 839 4422 ιο
852 4371 955 4436 κοπετοὶ
966 4369 1100 4433 principle.

106 4433 154 4482 and
162 4435 205 4485 the
213 4438 312 4488 verdicl
322 4454 381 4502 goes
389 4441 491 4500 ascisset
503 4439 547 4488 the
559 4439 628 4501 king.
803 4459 806 4464 ·
1124 4467 1127 4471 ·

186 4553 222 4600 n.
241 4553 289 4602 111.
1078 4536 1121 4597 20
