3167 5075
364 361 429 440 568·
662 369 800 451 menne,
821 391 886 440 nn
911 377 1003 452 1226,
1025 391 1090 439 nn.
1114 379 1163 441 10.

362 557 543 623 comitatus.
587 547 644 623 De
653 559 861 644 wapentulnio
872 558 912 625 de
932 555 1241 626 Anecustiodicunt
1255 557 1339 647 quod
1351 583 1446 625 teucro

363 664 495 728 luerunt
513 661 568 739 ibi,
589 672 624 728 et
645 663 723 750 quie
744 663 924 729 uicecomes
945 686 1114 750 nunquam
1136 673 1211 751 post
1233 664 1393 730 libertates
1409 665 1446 728 eis

363 787 526 830 concessas
548 765 658 831 tenu-it
679 767 924 852 wapentakium
945 762 1008 831 nisi
1038 767 1088 831 bis
1117 767 1153 831 in
1176 789 1262 831 anno
1291 767 1446 832 secundum

362 877 484 933 cartam
506 868 548 934 de
570 869 731 946 libertate,
753 878 788 935 et
811 878 897 934 tunc
913 871 1019 956 primo
1047 870 1172 958 incepit
1201 880 1314 936 tenere
1338 893 1445 957 wapen-

362 973 490 1038 tekium
505 981 618 1038 contre
632 974 823 1039 libertatem
835 997 936 1051 suem,
951 974 1128 1039 uidebatur
1142 975 1189 1040 eis
1203 976 1291 1061 quod
1306 976 1364 1039 hoc
1376 983 1446 1039 essct

363 1085 475 1141 contre
489 1075 674 1140 libertatem
690 1099 782 1140 suem
798 1076 827 1141 si
840 1076 928 1163 apud
943 1077 1159 1143 Anecestrum
1180 1077 1302 1164 placito
1319 1085 1448 1142 tenerent

363 1181 417 1246 uel
446 1180 567 1244 iudicia
590 1181 637 1245 ibi
663 1181 815 1259 facerent,
840 1190 876 1246 et
900 1181 974 1246 ideo
999 1192 1179 1268 posuerunt
1207 1166 1265 1246 illd
1288 1181 1399 1268 placito
1421 1182 1448 1246 in

362 1293 546 1371 respectum
561 1284 720 1370 usquead
735 1285 927 1349 comitatum
942 1293 981 1349 ut
996 1285 1043 1350 ibi
1058 1285 1208 1350 omnibus
1223 1284 1352 1350 iusticia
1364 1285 1448 1350 fieret

428 1389 528 1473 Hugo
554 1397 588 1453 et
612 1387 818 1453 Theobaldus
844 1389 1001 1454 recedunt
1027 1388 1097 1455 sine
1118 1391 1172 1454 die
1194 1413 1254 1476 per
1277 1398 1448 1477 preceptum

363 1492 455 1556 Dom.
472 1491 572 1578 Regis
587 1492 745 1578 usquead
760 1493 1051 1558 summonicionem
1061 1517 1155 1559 suum
1170 1503 1230 1559 ete
1249 1492 1255 1581 Ι

248 1822 304 1872 oo
363 1813 690 1880 mnuunnmu
706 1797 1168 1881 wnsunouAs-unumu
1183 1815 1450 1882 nuncnunc

449 1916 624 1984 Pisone
654 1918 787 1983 Auno
814 1919 950 1985 eneis
974 1919 1170 1985 fluuium
1196 1920 1310 1984 nnn
1334 1919 1452 1985 uncis

449 2020 904 2114 conmmenumno.

231 2215 323 2284 1731.
427 2216 554 2284 ’Assisa
575 2220 668 2284 uenit
690 2221 901 2309 recognitum
917 2223 948 2288 si
967 2225 1005 2289 R.
1031 2225 1269 2293 Sensbiriemis
1291 2228 1454 2314 Episcopus

362 2327 397 2383 et
434 2321 515 2386 tales
552 2331 611 2388 ctu
649 2323 771 2388 iniuste
809 2334 869 2390 etc
906 2326 1153 2394 disoeisiuerunt
1182 2331 1404 2396 Baldewinum
1427 2329 1452 2393 le

361 2423 538 2510 Dispenser
566 2426 607 2491 de
635 2427 735 2492 libero
765 2437 953 2496 tenemento
978 2455 1037 2497 suo
1059 2433 1095 2498 in
1125 2435 1284 2501 Withonn
1311 2444 1384 2524 poet
1402 2445 1453 2499 etc

242 2319 303 2360 Dore

198 2529 310 2619 fflffl
361 2527 406 2591 Et
430 2527 606 2615 Episcopus
632 2541 666 2595 et
688 2530 745 2595 alii
768 2532 908 2597 ueniunt
932 2543 967 2599 et
988 2534 1090 2601 nichil
1111 2535 1226 2602 dicunt
1247 2561 1348 2625 quare
1368 2537 1454 2602 aem

358 2640 525 2697 remaneat
539 2633 623 2699 sicut
638 2642 731 2720 patet
745 2636 779 2700 iu
793 2637 925 2702 reccido
938 2638 981 2704 de
994 2639 1111 2706 itinere
1127 2642 1285 2707 Dometie.

424 2736 593 2802 Juratores
607 2738 720 2803 dicunt
736 2739 823 2825 quod
841 2741 1003 2807 Walterus
1024 2766 1107 2808 auus
1128 2745 1267 2830 predicti
1287 2745 1455 2811 Boldeuini

358 2839 439 2904 obiit
462 2842 592 2907 scisitus
617 2843 658 2908 de
681 2852 768 2909 tenu
789 2844 846 2909 illa
867 2853 907 2909 ut
928 2846 969 2910 de
991 2847 1092 2925 feodo,
1115 2859 1150 2913 et
1171 2860 1246 2935 post
1267 2874 1345 2915 eum
1372 2851 1455 2915 uenit

358 2942 527 3029 Philippus
543 2944 628 3009 filius
644 2946 789 3010 eiusdem
806 2948 943 3012 Woltcri
960 2959 995 3013 et
1010 2952 1119 3015 tenuit
1133 2974 1168 3016 se
1182 2953 1217 3016 in
1232 2962 1354 3017 terram
1369 2954 1455 3027 ilum,

359 3055 393 3109 et
407 3047 571 3132 predictus
586 3048 793 3114 Baldewinus
808 3051 901 3114 uenit
921 3060 957 3115 et
975 3053 1012 3116 ui
1030 3054 1127 3119 eiccit
1146 3078 1223 3120 eum
1244 3066 1281 3121 et
1303 3058 1408 3122 tenuit
1426 3078 1456 3119 se

357 3147 392 3212 in
415 3158 502 3214 terra
520 3150 577 3214 illa
599 3172 657 3235 per
679 3160 745 3215 tres
769 3150 862 3230 diee',
885 3162 920 3217 ct
943 3162 1022 3219 tunc
1045 3166 1207 3222 uenerunt
1230 3158 1408 3245 Episcopus
1426 3168 1456 3220 et

358 3252 415 3317 alii
436 3260 470 3317 et
493 3251 657 3317 eiecerunt
679 3276 754 3319 eum
775 3276 834 3340 pro
855 3258 1066 3323 contencione
1085 3282 1150 3345 que
1169 3261 1233 3325 fuit
1247 3262 1337 3327 inter
1350 3262 1456 3327 Baldo

358 3358 478 3421 winum
494 3367 528 3422 et
544 3348 740 3444 Philippum,
756 3360 834 3445 quia
848 3378 987 3447 uterque
1009 3363 1087 3428 lecit
1108 3386 1142 3429 se
1162 3364 1325 3443 heredem,
1340 3376 1376 3431 et
1392 3365 1457 3429 ideo

358 3461 472 3525 dicunt
487 3462 572 3547 quod
587 3485 651 3526 uon
667 3472 718 3528 est
732 3463 912 3530 disseisitus
927 3474 966 3531 ut
980 3466 1021 3530 de
1036 3466 1137 3532 libero
1151 3478 1342 3534 tenemento
1356 3491 1457 3535 succo

358 3568 444 3651 quod
469 3590 636 3653 nunquam
662 3569 726 3632 luit
752 3569 786 3632 in
810 3569 935 3634 seisinu
982 3570 1026 3635 Et
1049 3570 1123 3635 ideo
1148 3572 1328 3660 Episcopus
1353 3572 1457 3639 etalii

358 3672 427 3737 sine
442 3672 494 3736 die
510 3682 544 3737 et
559 3672 814 3738 Beldewinus-in
830 3673 1055 3739 miscricoidio„
1268 3724 1273 3732 .

313 3857 319 3871 ι
422 3776 549 3841 ‘Assise
570 3777 664 3841 uenit
686 3777 892 3865 recognitum
913 3778 985 3863 quie
1007 3777 1185 3844 aduocatus
1206 3788 1356 3867 tempore
1377 3780 1458 3867 pods

355 3878 559 3963 presentauit
573 3870 725 3941 ultimam
741 3899 909 3963 pomonam
931 3900 993 3963 que
1014 3886 1145 3943 mortue
1163 3889 1214 3943 est
1233 3880 1277 3944 ad
1296 3882 1457 3946 ecclesiam

355 3982 396 4047 de
411 3980 637 4067 lintona,.que
658 3990 754 4045 uocat
774 3990 813 4046 ut
836 3981 964 4059 dicitur,
980 3981 1074 4048 cuius
1094 3983 1347 4051 aduococionem
1369 3986 1456 4052 Dom

388 4126 464 4175 ¹For
485 4126 540 4176 this
558 4132 624 4176 term
640 4126 792 4177 B=Comm
813 4126 882 4190 Rege
931 4128 976 4177 Br.
998 4128 1016 4179 l.
1043 4130 1100 4187 163,
1123 4129 1176 4179 end
1203 4130 1249 4180 the
1275 4134 1340 4180 note
1362 4131 1456 4179 from·

354 4192 413 4241 Roll
424 4192 472 4241 No.
485 4194 525 4241 25.
932 4194 1086 4256 Ccmbn'dge
1104 4196 1160 4245 ΜΒ.
1176 4194 1205 4245 in
1222 4196 1342 4245 llichole’
1359 4196 1456 4247 Britton

387 4258 398 4288 ¹
414 4258 445 4305 B.
456 4272 492 4305 m.
504 4259 529 4305 2.
931 4259 982 4308 vol.
995 4261 1018 4317 1,
1030 4273 1056 4323 p.
1068 4260 1126 4312 294.

386 4322 560 4385 ³seemingly
581 4322 607 4371 it
624 4322 708 4373 would
736 4322 796 4374 take
822 4325 881 4373 lour
963 4324 1135 4375 ⁴·B..m.ld.

354 4387 417 4450 days
430 4392 457 4437 to
468 4388 524 4449 give
534 4387 578 4436 the
587 4388 707 4438 disseisot
716 4388 803 4439 oeisin.
833 4391 883 4439 See
