3167 5075
230 317 231 320 ’
312 331 375 396 632
419 325 646 394 rnrmnmn's
668 340 759 391 man
780 340 820 390 nr
842 327 1384 405 sonrona‚an.1227,aa12.

310 516 509 582 auunculum
535 513 570 578 in
596 512 656 578 tali
681 534 766 578 casu.
812 511 856 576 Et
880 512 1119 579 consideratum
1141 515 1300 602 estquod
1321 514 1424 580 assisa

312 641 377 684 non
399 618 492 696 iacet,
517 624 552 682 et
576 615 650 681 ideo
674 614 826 682 Clemens
849 622 884 680 et
910 615 1075 682 Oristiana
1096 617 1173 682 inde
1201 617 1272 682 sine
1299 617 1367 694 die,
1388 625 1423 682 et

312 723 475 787 Robertus
496 721 663 808 perquirat
683 741 717 785 se
740 741 799 805 per
822 718 922 784 breue
942 719 984 784 de
1006 729 1094 786 recto
1114 721 1145 786 si
1166 721 1308 786 uoluerit
1330 720 1425 786 etin

313 825 531 891 misericordia
545 833 605 890 etc.

378 930 537 995 Radulfus
552 928 663 994 Abbas
683 927 724 994 de
745 928 881 994 Neubet
899 929 1118 995 summonitus
1138 930 1204 994 fuit
1225 929 1269 994 ad
1291 951 1425 1015 respon·

216 1049 240 1078 ⁰⁰
311 1033 456 1099 dandum
482 1034 585 1099 Priori
605 1033 647 1098 de
669 1032 919 1119 Thurgantona¹
941 1056 1041 1119 quare
1062 1055 1128 1099 non
1149 1034 1317 1120 permittit
1344 1055 1424 1097 eum

312 1143 497 1222 presentare
519 1134 668 1200 idoneam
690 1156 861 1220 personam
883 1133 925 1200 ad
945 1135 1114 1200 ecclesiam
1135 1136 1177 1200 de
1199 1135 1426 1222 Adelingtona

312 1262 376 1327 que
392 1248 487 1304 uacat
502 1247 536 1304 et
551 1238 592 1302 ad
607 1261 699 1302 suam
720 1246 848 1324 spectat
870 1239 1080 1305 donacionem
1101 1248 1141 1304 ut
1163 1239 1253 1315 dicit,
1275 1247 1311 1304 et
1334 1238 1424 1304 unde

311 1345 460 1430 queritur
474 1341 560 1429 quod
575 1341 663 1407 idem
677 1342 790 1408 Abbaa
812 1343 921 1428 ipsum
939 1343 1061 1408 iniuste
1080 1342 1220 1428 impedit
1239 1351 1310 1418 etc,
1334 1341 1423 1406 unde

311 1448 398 1512 idern
424 1446 515 1512 Prior
539 1446 620 1512 dicit
645 1445 732 1533 quod
758 1447 922 1512 Henricus
951 1448 1044 1512 Biset
1068 1447 1247 1512 aduocatos
1273 1447 1423 1511 eiusdem

311 1550 443 1616 ecclesie
467 1550 560 1616 dedit
589 1550 701 1616 domui
729 1573 787 1617 sue
813 1551 1062 1617 aduocacionem
1087 1552 1178 1617 illam
1208 1574 1268 1638 per
1294 1561 1421 1616 cartam

309 1677 402 1720 suam
418 1677 515 1740 quam
530 1654 652 1739 profert
667 1660 702 1718 et
717 1676 780 1740 que
796 1654 857 1718 hoc
872 1662 1015 1719 testatur
1028 1662 1089 1720 etc

304 1811 305 1818 ,
376 1757 420 1822 Et
443 1756 555 1822 Abbas
577 1754 618 1820 de
641 1755 782 1821 Neubod
806 1756 898 1821 uenit
918 1765 953 1821 ct
973 1756 1053 1822 dicit
1073 1757 1160 1843 quod
1179 1757 1267 1823 iuste
1280 1757 1425 1843 impedit

235 1893 240 1914 ι
310 1861 585 1948 presentacionem
601 1882 692 1925 suam
712 1859 789 1945 quia
808 1859 917 1924 dictrrs
932 1861 1095 1926 Henricus
1114 1860 1207 1926 dedit
1227 1860 1342 1926 domni
1361 1884 1424 1927 sne

310 1967 351 2031 dc
367 1965 507 2030 Neubod
521 1964 769 2030 aduocacionem
779 1963 872 2028 illam
887 1973 1065 2050 antequam
1079 1973 1169 2030 carta
1181 1965 1285 2051 ipsius
1299 1965 1424 2030 Prioris

310 2072 397 2136 facta
425 2076 510 2134 esset
538 2090 597 2154 per
625 2068 746 2132 multos
769 2089 871 2133 annos
894 2077 930 2133 et
958 2068 1037 2136 dica
1081 2069 1126 2134 Et
1146 2070 1270 2155 profert
1294 2079 1423 2134 cartam

309 2174 412 2260 ipsius
427 2173 562 2238 Henrici
577 2195 640 2258 que
656 2171 778 2236 donum
797 2171 881 2237 illud
899 2179 1050 2238 testatur.
1095 2173 1187 2238 Dicit
1206 2173 1310 2237 eciam
1329 2173 1422 2238 idem

309 2277 421 2341 Abbas
437 2274 523 2362 quod
538 2274 625 2339 idem
641 2274 804 2340 Henricus
818 2282 991 2361 postquam
1006 2274 1142 2340 eandem
1158 2284 1281 2340 cartam
1296 2275 1424 2342 fecerat

309 2380 421 2446 domui
436 2403 493 2445 sue
509 2379 653 2466 sigillum
674 2402 770 2444 suum
790 2378 910 2456 amisit,
930 2387 965 2443 et
987 2378 1120 2444 interim
1140 2379 1219 2444 fecit
1240 2380 1272 2444 ei
1292 2389 1423 2445 cartam

307 2507 401 2549 suam
416 2483 457 2549 de
471 2482 560 2549 dicta
574 2483 787 2549 aduocacione
803 2491 838 2548 ct
852 2505 911 2570 per
924 2481 1015 2548 alind
1029 2482 1159 2569 signum
1174 2481 1261 2569 quod
1274 2481 1318 2549 de
1331 2505 1423 2549 nouo

309 2590 431 2653 tactum
452 2588 516 2652 fuit
536 2588 626 2653 illam
647 2588 790 2675 signauit
809 2588 934 2653 scilicet
952 2587 1067 2653 eodem
1087 2587 1181 2674 signo
1203 2610 1267 2673 qno
1286 2587 1425 2675 signata

307 2700 360 2757 est
375 2699 465 2757 carta
478 2693 605 2759 Prioris.

374 2798 418 2863 Et
433 2820 531 2883 super
552 2797 628 2863 hoc'
648 2798 801 2863 Warinus
823 2796 865 2862 de
886 2795 1163 2884 Bassingeburnia
1184 2795 1243 2882 qui
1263 2795 1362 2861 duxit
1384 2796 1423 2862 in

308 2924 441 2967 uxorem
455 2909 589 2987 neptem
604 2910 638 2965 et
653 2900 806 2966 heredem
820 2900 960 2987 predicti
978 2900 1115 2965 Hernici
1128 2908 1164 2964 et
1178 2899 1265 2986 petit
1277 2900 1422 2965 eandem

308 3006 460 3071 seisinam
476 3028 574 3091 quarn
590 3006 753 3071 Henricus
768 3006 886 3071 habuit
901 3014 936 3070 et
951 3028 1050 3091 quarn
1071 3005 1135 3091 ipsi
1156 3015 1363 3093 cognoscunt,
1384 3018 1424 3071 et

309 3108 392 3174 bene
421 3108 584 3195 cognoscit
613 3108 699 3195 quod
729 3109 891 3173 Henricus
920 3108 998 3173 fecit
1027 3116 1182 3195 utrasque
1211 3118 1317 3174 cartas
1344 3119 1421 3175 tarn

308 3212 449 3278 Abbatis
464 3235 561 3299 quarn
577 3213 695 3277 Prioris
710 3221 769 3278 etc.

375 3318 419 3382 Et
445 3325 513 3381 tarn
537 3317 651 3382 Abbas
678 3340 775 3403 quam
799 3317 891 3382 Prior
913 3326 1111 3405 cognoscunt
1136 3317 1224 3404 quod
1252 3318 1422 3385 Hernicus

308 3421 512 3507 presentauit
526 3420 678 3486 ultimam
692 3444 863 3507 personam
887 3430 957 3498 ete„
978 3429 1029 3485 set
1048 3429 1121 3507 post
1139 3421 1423 3506 presentacionem

308 3526 399 3591 illam
428 3525 506 3590 fecit
535 3533 640 3589 cartas
668 3525 748 3591 illas.
808 3526 852 3589 Et
882 3525 959 3610 quia
987 3547 1069 3588 uxor
1097 3524 1223 3589 Warini
1255 3547 1322 3589 non
1350 3526 1424 3591 fuit

309 3652 440 3716 presens
454 3629 524 3694 sine
546 3651 611 3715 qua
630 3652 695 3694 non
709 3638 819 3716 potest
833 3628 991 3694 indicium
1006 3628 1086 3705 fieri,
1101 3627 1199 3693 datus
1212 3636 1263 3694 est
1276 3628 1349 3694 dica
1371 3631 1423 3696 eis

309 3744 380 3812 etc,
395 3743 430 3799 et
449 3733 602 3799 Warinus
622 3734 811 3821 manucepit
831 3734 872 3799 de
895 3733 1045 3799 habenda
1063 3755 1164 3798 uxore
1183 3755 1243 3797 sua
1261 3732 1305 3798 ad
1325 3732 1423 3799 diem

309 3839 411 3903 illum.
456 3836 550 3902 Idem
575 3836 644 3901 dies
670 3837 766 3903 datus
788 3846 839 3903 est
864 3837 967 3902 Priori
988 3844 1023 3902 et
1044 3836 1169 3902 Abbati
1190 3836 1231 3901 de
1252 3835 1424 3903 audiendo

309 3943 429 4009 iudicio
445 3950 504 4008 etc.

375 4047 429 4112 Ad
443 4046 530 4111 diem
550 4046 643 4112 illum
666 4056 829 4113 uenerunt
851 4048 1004 4114 Warinus
1021 4054 1057 4113 et
1076 4047 1222 4113 Albreda
1242 4070 1324 4113 uxor
1343 4049 1423 4115 eins

342 4253 487 4305 ¹Newboth
503 4252 532 4304 in
548 4252 740 4312 mncolnshire,
753 4252 834 4301 Thur·
885 4252 936 4302 rol.
950 4251 973 4307 6,
985 4265 1010 4314 p.
1026 4251 1083 4302 190.

310 4324 403 4381 garten
430 4318 458 4368 in
486 4317 736 4380 Nottinghamshire.
762 4318 834 4367 ,For
918 4316 1045 4380 'supply
1054 4318 1135 4367 uenit.

310 4386 355 4436 the
375 4386 423 4447 gift
445 4388 473 4434 to
495 4384 539 4434 the
561 4383 635 4434 Prior
658 4398 699 4435 see
718 4384 830 4435 Monesi
