3167 5075
475 399 617 462 mmsr,
639 400 703 450 un.
729 387 823 462 1225,
846 402 908 451 nn.
931 388 961 453 9.
1225 393 1265 454 81

153 574 281 641 dimisit
295 596 355 661 per
369 574 544 661 pleuinam,
554 580 589 639 et
604 574 683 662 quia
696 573 797 640 nichil
811 597 870 662 per
884 574 1122 642 districcionem
1133 576 1224 643 illam
1234 579 1267 644 ei

152 779 264 845 tenuit
278 802 318 846 eo
332 779 420 868 quod
434 780 545 846 nullus
559 803 613 847 eos
627 780 728 867 peciit
747 804 807 868 per
825 781 992 868 pleuinam
1011 804 1072 848 nec
1091 783 1267 851 seruicium

150 882 184 949 ei
204 883 311 948 facere
331 883 448 961 uoluit,
469 892 504 949 et
523 884 596 969 iiij.¹
616 883 705 971 cepit
727 892 801 951 octo
824 885 925 951 boues
948 893 984 950 et
1007 886 1117 951 tenuit
1139 909 1160 953 a
1183 887 1267 954 festo

151 986 185 1053 S.
202 987 341 1053 Martini
355 1011 458 1075 usque
473 988 517 1055 ed
529 989 654 1055 Pascha
667 988 717 1055 ita
730 988 819 1077 quod
833 1012 862 1056 v,
876 990 1033 1056 bouerex
1047 990 1112 1056 illis
1131 989 1264 1058 interim
1366 976 1371 993 ⁶

150 1092 276 1158 mortui
290 1093 425 1159 luerunt
439 1092 480 1159 de
495 1092 634 1159 mor-ina¹
648 1091 685 1159 in
698 1093 848 1159 custodia
861 1116 921 1160 sua
934 1116 992 1180 pro
1011 1093 1142 1160 defectu
1162 1094 1265 1182 ipsius

148 1193 315 1260 Johannis
329 1217 367 1260 eo
383 1195 469 1281 quod
484 1196 595 1262 nullus
609 1218 663 1262 oos
677 1204 790 1282 petere
806 1196 913 1262 uoluit
926 1220 986 1283 per
999 1197 1174 1284 pleuinam.
1220 1200 1265 1265 Et

148 1294 234 1361 dicit
249 1296 336 1383 quod
350 1294 458 1363 adhuc
472 1297 504 1363 ei
518 1306 625 1363 aretro
640 1306 691 1364 est
705 1298 880 1365 seruicium
895 1321 993 1365 suum
1007 1308 1042 1365 et
1056 1299 1144 1388 quod
1156 1300 1207 1366 ita
1219 1300 1265 1367 sit

148 1408 186 1467 et
209 1400 297 1489 quod
320 1402 400 1468 alibi
420 1425 486 1470 non
499 1403 589 1490 oepit
602 1404 714 1470 aueria
727 1404 785 1469 illa
798 1403 950 1492 producit
964 1412 1087 1471 sectam
1101 1404 1263 1472 sufficien-

150 1513 223 1571 tem
238 1528 303 1593 que
317 1506 379 1571 hoc
393 1514 545 1575 testatur.
563 1505 570 1596 Ι

218 1610 264 1675 Εὴ
279 1611 419 1677 Thomas
433 1611 580 1679 defendit
593 1611 680 1701 quod
694 1634 760 1679 non
774 1611 863 1698 cepit
877 1633 932 1678 eos
946 1611 981 1677 in
996 1620 1084 1679 tenu
1097 1612 1139 1679 do
1149 1613 1263 1701 Useby

149 1713 254 1779 immo
276 1713 313 1779 in
331 1722 419 1781 terra
440 1738 540 1804 quam
559 1722 652 1781 tenet
671 1714 712 1781 de
732 1715 828 1781 Dom.
848 1715 949 1802 Rege,
967 1721 1020 1780 set
1042 1738 1157 1781 reuera
1178 1715 1263 1784 bene

149 1816 302 1882 concedit
316 1824 351 1883 εὴ
365 1818 530 1906 cognoscit
546 1816 632 1905 quod
646 1816 798 1883 dominus
812 1839 891 1883 suus
905 1824 998 1883 tenet
1013 1816 1054 1883 de
1068 1817 1262 1896 Alexandro,

150 1928 204 1985 set
227 1943 286 2007 pro
309 1920 366 1987 illc
389 1922 527 1987 seruicio
546 1944 610 1987 non
631 1920 719 2007 cepit
737 1920 924 1988 Alexander
942 1921 1053 1986 auerie
1071 1944 1139 1989 sus
1182 1922 1263 1989 Dies

151 2023 251 2091 datus
265 2035 317 2091 est
331 2026 379 2091 eis
393 2033 453 2091 etc
469 2026 510 2092 de
525 2026 688 2092 audiendo
703 2024 824 2091 iudicio
838 2048 897 2092 suo
911 2033 974 2091 otc.

218 2128 397 2196 ⁸dordunus
411 2130 453 2196 de
466 2130 587 2217 Auney
600 2138 635 2195 et
649 2129 706 2195 alii
720 2137 787 2195 tres
797 2129 920 2194 milites
930 2128 1021 2195 missi
1031 2129 1074 2195 ud
1084 2129 1262 2197 Radulfum

150 2232 194 2298 de
209 2233 300 2299 Aure
315 2234 373 2321 qui
387 2258 422 2301 se
437 2234 615 2301 essoniauit
629 2233 670 2299 dc
684 2234 771 2300 malo
792 2233 871 2299 lecti
892 2256 1006 2299 uersus
1027 2234 1198 2299 Warinum
1220 2234 1262 2301 dc

151 2334 393 2401 Denchewrthe
422 2336 463 2403 de
492 2336 613 2425 placito
642 2344 727 2401 terre
757 2335 950 2414 nominato⁴,
975 2343 1011 2401 et
1035 2335 1150 2402 dicunt
1174 2335 1262 2423 quod

150 2436 327 2525 languidus
353 2446 404 2504 est
428 2446 464 2505 et
490 2438 576 2527 quod
601 2446 780 2527 posuerunt
805 2439 838 2505 ei
862 2440 951 2507 diem
977 2441 1078 2507 tercia
1105 2439 1158 2507 die
1187 2449 1262 2528 post

151 2541 275 2607 festum
289 2541 406 2608 Yllnrii
420 2543 509 2631 apud
523 2543 652 2610 Turrim
672 2543 847 2611 Londcnie.
891 2545 986 2611 Idem
1005 2545 1102 2612 datus
1121 2555 1173 2612 est
1191 2547 1262 2614 dies

150 2645 287 2712 Warino
301 2645 461 2726 inbanco.

218 2749 392 2817 ‘Ricardus
400 2751 487 2816 filius
496 2750 587 2817 Petri
597 2750 915 2817 aramiauitaasisam
926 2752 1041 2818 mortis
1050 2753 1262 2820 antecessoris

150 2877 261 2920 coram
282 2854 469 2921 iusticiariis
489 2855 607 2921 ultimo
628 2855 860 2922 itinerantibus
881 2877 995 2922 uersus
1016 2856 1197 2923 Robertum
1218 2857 1260 2924 de

152 2958 294 3025 Cernere
312 2958 354 3024 de
373 2981 440 3024 una
458 2957 540 3046 uirg.
561 2965 647 3023 terre
667 2980 740 3024 eum
762 2965 843 3044 pert.
865 2957 900 3023 in
920 2958 1104 3025 Hakedena
1126 2967 1188 3026 etc
1212 2961 1262 3028 ita

150 3060 239 3149 quod
260 3060 347 3126 idem
367 3060 529 3126 Robertus
549 3081 656 3125 eoram
676 3057 798 3126 eisdem
819 3059 1005 3125 iusticiamis
1028 3060 1161 3126 uocauit
1183 3060 1261 3127 inde

149 3166 195 3232 ad
206 3174 388 3232 warantum
398 3165 601 3232 Willelmum
616 3163 779 3252 quondam
791 3164 987 3252 Episcopum
1000 3164 1264 3231 Couintrensem⁶

149 3269 210 3357 qui
233 3269 450 3335 summonitus
474 3269 538 3335 fuit
560 3275 611 3334 set
633 3277 748 3355 postea
769 3277 902 3355 propter
921 3269 1141 3354 egritudinem
1158 3269 1262 3356 ipsius

151 3372 307 3461 Episcopi
320 3395 359 3438 eo
373 3372 460 3459 quod
470 3394 640 3460 percussus
651 3372 798 3459 paralesy
810 3371 899 3458 loqui
909 3393 974 3437 non
985 3371 1095 3458 potuit
1105 3372 1262 3438 remansit

149 3478 254 3546 assisa
267 3478 325 3544 illa
338 3478 409 3544 sine
423 3477 477 3543 die
491 3499 549 3564 per
563 3485 754 3565 preceptum
768 3477 863 3544 Dom
876 3475 984 3563 Regis
1030 3476 1075 3542 Et
1085 3477 1163 3564 quie
1173 3476 1261 3543 idem

151 3583 333 3669 Episcopus
356 3590 504 3648 mortuus
527 3590 579 3647 est
602 3589 637 3647 et
659 3581 745 3647 alius
767 3580 931 3660 successit,
953 3580 1189 3646 resummcnita
1211 3589 1263 3646 est

149 3685 283 3772 loquela
311 3685 369 3750 illa
396 3685 433 3751 in
460 3684 574 3750 eodem
604 3691 694 3750 statu
724 3706 789 3771 quo
819 3692 900 3749 tunc
928 3683 1086 3752 remansit
1116 3683 1264 3770 predicta

149 3788 326 3864 occasione

220 3892 265 3958 Et
274 3891 439 3958 Robertus
448 3893 542 3958 uenit
553 3901 588 3958 ct
599 3899 696 3958 uocat
706 3891 783 3957 inde
795 3891 1028 3957 adueruntum
1039 3891 1263 3958 Alexandrum

151 3995 352 4085 Episcopum
364 3993 637 4062 Gouintreusem'.
667 3994 888 4060 Habeeteum
900 3993 960 4059 tali
971 3993 1024 4060 die
1037 4017 1095 4080 per
1105 3995 1263 4061 auxilium

150 4100 244 4168 curie
260 4107 295 4164 ct
310 4120 422 4164 ornnes
436 4099 652 4186 recognitores
667 4096 740 4165 etc.⁸

185 4237 197 4335 ζ
213 4237 287 4287 Corr.
299 4243 398 4314 prurio.
409 4237 442 4288 Β.
766 4236 778 4335 ε
795 4236 876 4314 32⁸3·
889 4237 914 4287 ⁷.
1051 4301 1057 4313 .

184 4302 357 4420 ‚tuus
766 4300 1265 4429 'maturum

185 4433 197 4466 ⁴
215 4434 289 4484 corr.
300 4437 408 4486 ueniunt
419 4435 613 4496 notnomr'noto,
628 4432 659 4482 B.
766 4429 777 4461 ⁸
795 4431 898 4482 SesBr.
910 4432 928 4482 l.
943 4432 992 4481 392
1003 4431 1027 4482 b.

243 4545 351 4598 1111.
434 4530 458 4558 ¹*
1158 4533 1177 4594 6
