3167 5075
343 393 407 465 670
474 409 632 460 surronn
654 409 747 460 ιιιιι
770 411 814 460 or
836 411 1039 461 ιιιιιιιιιιι
1059 411 1134 461 aun
1154 413 1322 475 sacrave,

337 589 372 648 et
386 581 543 668 asportari
558 581 635 647 lecit
650 581 735 648 sicut
749 581 850 648 breue
870 581 960 662 dicit,
974 581 1062 649 unde
1081 583 1261 670 dampnum
1283 583 1385 650 habet
1402 583 1442 649 ud

337 685 518 751 ualenciam
533 709 584 752 xx.
600 686 655 751 sol

401 789 494 854 Idem
520 789 713 869 Alexander,
738 790 795 876 qui
821 791 901 856 tulit
926 791 1027 856 breue
1052 791 1147 856 Dom
1173 791 1276 878 Regis
1301 790 1343 856 de
1368 813 1442 876 pace

335 894 485 960 habenda
496 895 582 962 etde
594 895 745 961 libertate
755 919 815 961 sua
824 895 992 981 probanda
1002 919 1116 960 uersus
1126 896 1252 962 dictum
1263 897 1441 961 Walterum

335 998 392 1084 qui
407 1021 482 1064 eum
497 1000 617 1065 clamat
632 1009 671 1065 nt
688 1001 840 1064 natiuum
861 1023 966 1077 suum,
981 1000 1075 1064 uenit
1094 1007 1130 1064 et
1152 999 1233 1065 dicit
1253 999 1345 1086 quod
1365 1000 1443 1064 liber

334 1111 393 1168 est.
438 1103 482 1167 Et
497 1102 646 1190 producit
660 1110 813 1188 parentes
827 1102 917 1168 ιιιοιι
932 1111 992 1168 etc.
1008 1112 1044 1168 ct
1062 1103 1121 1190 qui
1141 1125 1254 1169 omnes
1274 1103 1442 1168 dicuntae

335 1227 404 1272 esse
419 1205 544 1271 liberos.
566 1204 571 1292 Ι

208 1319 287 1372 luth]
400 1311 445 1376 Et
466 1311 630 1376 Walterus
652 1309 732 1376 dicit
754 1310 841 1397 quod
863 1308 1002 1396 predicti
1023 1333 1089 1375 non
1114 1318 1193 1376 sunt
1216 1321 1374 1397 parentes
1394 1310 1442 1376 sui

334 1414 419 1480 sicut
433 1437 467 1480 se
483 1414 607 1479 faciunt
621 1421 656 1480 et
671 1414 793 1489 dicunt,
809 1413 866 1478 sed
885 1413 985 1478 nichil
1005 1413 1096 1479 aliud
1117 1414 1197 1480 dicit
1220 1438 1281 1480 nec
1302 1415 1442 1482 ostendit

333 1540 394 1583 nec
408 1518 524 1605 probat
538 1517 735 1583 contrarium
750 1539 810 1602 per
822 1516 902 1580 alios
917 1525 1076 1602 parentes
1121 1518 1167 1582 Et
1188 1517 1263 1583 ideo
1285 1517 1442 1582 consider·

334 1630 425 1686 atum
448 1631 498 1686 est
520 1621 607 1707 quod
628 1621 687 1685 fiat
708 1619 880 1706 inquisitio
901 1641 960 1704 per
982 1617 1080 1684 tales'
1100 1620 1205 1684 etesi
1224 1619 1284 1685 isti
1305 1619 1441 1705 predicti

333 1724 400 1790 sint
414 1724 463 1789 ita
476 1733 627 1810 parentes
642 1725 728 1790 siout
742 1745 776 1788 se
792 1722 925 1799 faciunt,
940 1730 976 1787 et
995 1723 1024 1787 ιι
1043 1722 1177 1788 habitus
1195 1723 1240 1788 sit
1261 1746 1326 1810 pm
1348 1723 1443 1788 libero

354 1827 421 1892 tsi
445 1827 545 1893 libere
569 1827 678 1893 tenuit
705 1834 931 1892 tenementum
956 1847 1062 1890 suum.
1106 1826 1174 1906 Qui
1201 1826 1323 1892 dicunt
1352 1849 1444 1912 super

170 1931 271 2030 'llfffl
279 1990 306 2031 d
334 1941 571 1998 sacramentum
593 1953 688 1997 snum
709 1929 796 2017 quod
813 1951 940 2015 semper
955 1928 1091 1994 habitus
1103 1936 1154 1994 est
1168 1952 1227 2015 pro
1241 1930 1373 1996 libem
1363 1939 1444 1996 mter

170 2037 287 2086 ΝΜ*
334 2035 480 2100 homines
501 2035 542 2100 de
564 2034 672 2120 patria
693 2042 727 2097 et
747 2031 836 2118 quod
854 2031 956 2096 libere
970 2030 1080 2095 tenuit
1095 2037 1328 2097 tenementum
1342 2055 1442 2097 suurn

248 2159 254 2171 ·
332 2142 378 2206 Et
392 2141 469 2226 quia
483 2141 544 2205 hoc
558 2147 717 2204 testatum
731 2144 782 2202 est
796 2157 855 2221 per
863 2134 1031 2211 1uratores,
1040 2142 1076 2198 et
1085 2135 1164 2220 quia
1174 2135 1245 2220 ipse
1259 2137 1445 2202 Alexander

332 2242 482 2328 producit
504 2242 604 2306 talem
625 2249 747 2306 sectam
769 2238 855 2303 sicut
874 2237 1026 2321 supcrius
1042 2245 1080 2302 et
1092 2236 1180 2304 idem
1196 2238 1369 2304 Walterns
1380 2261 1442 2304 uon

332 2353 441 2431 potest
477 2344 611 2431 probare
648 2341 854 2418 contrarium,
882 2339 1121 2406 consideratum
1157 2351 1209 2406 est
1238 2343 1332 2428 quod
1360 2343 1443 2408 idem

332 2449 518 2515 Alexander
538 2448 621 2514 liber
642 2447 685 2512 sit
706 2447 747 2512 de
770 2454 886 2522 cetero,
903 2453 939 2510 et
960 2453 1073 2510 teneat
1095 2455 1328 2512 tenementum
1351 2470 1445 2514 suum

332 2556 432 2621 libere
446 2556 516 2642 ipse
531 2564 566 2621 et
580 2553 715 2619 heredes
728 2553 780 2619 sui
794 2552 832 2617 in
844 2559 1040 2638 perpetuum
1054 2560 1115 2619 eto.

202 2662 296 2726 1895.
397 2659 524 2725 ⁴Assisa
538 2657 631 2723 uenit
645 2656 851 2743 recognitum
864 2656 892 2721 si
907 2656 1066 2721 Osbertns
1079 2657 1122 2721 de
1137 2657 1395 2745 Herlingefenld
1411 2668 1445 2724 et

333 2762 431 2828 tales³
444 2771 503 2827 cto.
520 2761 640 2825 iniuste
656 2769 718 2825 etc.
734 2759 981 2825 disseisiucrunt
996 2759 1216 2846 Margaretam
1234 2770 1271 2826 et
1291 2762 1443 2828 Emmam

332 2867 416 2933 filias
437 2866 593 2931 loscelini
616 2865 657 2930 de
682 2864 882 2929 Gemesmne
905 2862 947 2928 de
972 2864 1073 2929 libem
1100 2873 1291 2932 tenemento
1322 2890 1385 2933 suo
1412 2868 1445 2933 ιιι

334 2972 440 3036 Pania
455 2971 639 3036 Gememue
655 2978 728 3057 post
744 2978 805 3035 etc

399 3076 444 3140 Et
458 3074 556 3140 tales⁶
570 3083 742 3150 uenerunt,
756 3082 791 3138 et
806 3071 907 3139 nichil
922 3082 983 3139 etc

398 3178 421 3244 J
422 3187 567 3244 uratores
581 3178 696 3243 dicunt
710 3176 798 3263 quod
816 3177 982 3263 predittus
998 3176 1157 3242 Osbertus
1179 3177 1288 3242 etalii
1303 3178 1444 3245 disseisi-

169 3284 322 3372 mm*
334 3290 453 3349 uerunt
468 3306 523 3348 eas
536 3282 665 3347 iniuste
712 3282 777 3347 Sed
787 3290 902 3367 postea
915 3280 1060 3367 predicte
1075 3281 1263 3367 Margarets
1275 3292 1313 3347 et
1328 3284 1447 3349 Emmn
1550 3303 1551 3366 3

169 3380 288 3428 ulctquula

169 3426 216 3471 ιι,
217 3430 267 3465 nm
333 3410 439 3452 coram
454 3386 639 3451 iusticiariis
653 3386 796 3451 confesse
810 3394 888 3451 sunt
902 3384 989 3471 quod
999 3384 1182 3450 Josoelinus
1192 3386 1308 3471 pater
1298 3409 1444 3471 1pmmm
1550 3385 1551 3426 3

169 3473 284 3559 ugnodaffi

168 3524 321 3607 domicillo

333 3512 398 3555 non
418 3488 626 3575 desponsauit
648 3495 785 3552 matrem
809 3510 911 3564 suam,
931 3486 989 3551 sed
1011 3494 1142 3551 tantum
1168 3486 1269 3551 fidem
1289 3488 1421 3555 dedit'
1411 3514 1444 3555 m

169 3612 321 3661 amentaque
333 3594 417 3659 lecto
441 3615 500 3657 suo
526 3590 655 3656 mortali
679 3590 745 3655 scil.
772 3588 913 3676 quodam
941 3589 997 3655 die
1025 3588 1170 3667 sabbati,
1200 3599 1236 3655 et
1264 3591 1320 3657 die
1351 3593 1444 3659 Lune
1550 3607 1551 3634 ¹

169 3670 286 3816 iffi}
333 3698 478 3785 proximo
492 3705 647 3783 sequente
662 3695 752 3760 ebrit
799 3694 843 3759 Et
861 3694 1006 3759 confesse
1024 3700 1103 3758 sunt
1124 3692 1226 3758 eciam
1248 3695 1338 3813 quod
1361 3720 1445 3762 nun·

170 3800 257 3841 ‘lm‘-
333 3824 432 3890 quam
461 3800 632 3867 fuerunt
623 3823 657 3865 ιιι
687 3798 807 3864 seisina
834 3800 876 3863 de
904 3798 1019 3864 eodem
1048 3806 1245 3875 tenemento,
1271 3800 1355 3886 quia
1379 3824 1446 3867 uns

333 3908 477 3994 ipsarum
492 3904 605 3970 statim
619 3912 694 3990 post
708 3911 847 3967 mortem
860 3901 963 3987 patris
977 3923 1029 3965 ιιιι
1019 3900 1214 3966 transtulit
1228 3924 1265 3967 se
1274 3904 1317 3968 ad
1331 3906 1443 3969 auiam

334 4033 435 4087 suam,
450 4018 485 4075 et
499 4008 564 4073 elia
585 4006 755 4073 transtulit
776 4028 812 4071 se
832 4006 875 4071 ad
897 4005 1052 4091 Magnam
1075 4004 1270 4085 Gememue
1283 4006 1333 4072 ita
1355 4008 1444 4093 quod

334 4136 502 4199 nunquam
516 4110 672 4177 filerunt'
663 4134 697 4175 m
713 4108 839 4175 seisina.
883 4108 927 4172 Et
942 4108 1015 4173 ideo
1034 4106 1275 4173 consideratum
1290 4118 1341 4175 est
1357 4110 1443 4197 qnod
1549 4176 1551 4198 Ι

367 4260 377 4293 ¹
393 4256 475 4320 night
488 4255 583 4306 named
599 4268 707 4319 parrona
723 4253 752 4304 ol
765 4251 836 4303 kin'
827 4268 857 4302 ιιι
908 4266 961 4301 was
971 4258 1042 4300 statu
1053 4252 1126 4303 liber.

334 4323 561 4384 variousdegreea
573 4321 604 4371 A.
939 4317 998 4365 ’,Δ
1009 4331 1045 4365 m.
1057 4316 1108 4365 sd.

366 4390 377 4422 ¹
393 4388 492 4439 Twelve
502 4400 600 4447 names
614 4384 645 4435 A.
938 4380 950 4414 ⁸
965 4380 1049 4443 Eunt
1058 4381 1156 4442 others
1167 4382 1199 4434 A.

366 4454 425 4504 ’ln
447 4454 583 4502 Bractcn's
600 4450 694 4513 phrase
711 4448 856 4501 Alexander
936 4446 1105 4509 ⁸0nlyteo,
1114 4449 1146 4500 A.
