<?xml version="1.0" encoding="UTF-8"?>
<!DOCTYPE html PUBLIC "-//W3C//DTD XHTML 1.0 Transitional//EN"
    "http://www.w3.org/TR/xhtml1/DTD/xhtml1-transitional.dtd">
<html xmlns="http://www.w3.org/1999/xhtml" xml:lang="en" lang="en">
 <head>
  <title>
</title>
<meta http-equiv="Content-Type" content="text/html;charset=utf-8" />
  <meta name='ocr-system' content='tesseract 3.04.00' />
  <meta name='ocr-capabilities' content='ocr_page ocr_carea ocr_par ocr_line ocrx_word'/>
</head>
<body>
  <div class='ocr_page' id='page_1' title='image "bractonsnoteboo03maitgoog_0360.png"; bbox 0 0 3167 5075; ppageno 0'>
   <div class='ocr_carea' id='block_1_1' title="bbox 374 404 1174 480">
    <p class='ocr_par' dir='ltr' id='par_1_1' title="bbox 374 404 1174 480">
     <span class='ocr_line' id='line_1_1' title="bbox 374 404 1174 480; baseline -0.008 -9"><span class='ocrx_word' id='word_1_1' title='bbox 374 408 438 471; x_wconf 81' lang='lat'>346</span> <span class='ocrx_word' id='word_1_2' title='bbox 681 419 831 480; x_wconf 75' lang='lat' dir='ltr'>rmum,</span> <span class='ocrx_word' id='word_1_3' title='bbox 853 418 919 467; x_wconf 71' lang='lat' dir='ltr'>aa.</span> <span class='ocrx_word' id='word_1_4' title='bbox 943 404 1036 479; x_wconf 78' lang='lat'>1220,</span> <span class='ocrx_word' id='word_1_5' title='bbox 1059 416 1123 467; x_wconf 72' lang='lat' dir='ltr'>aa.</span> <span class='ocrx_word' id='word_1_6' title='bbox 1145 404 1174 466; x_wconf 78' lang='lat'>4.</span> 
     </span>
    </p>
   </div>
   <div class='ocr_carea' id='block_1_2' title="bbox 253 587 1521 3896">
    <p class='ocr_par' dir='ltr' id='par_1_2' title="bbox 253 587 1521 3896">
     <span class='ocr_line' id='line_1_2' title="bbox 374 587 1448 675; baseline -0.001 -21"><span class='ocrx_word' id='word_1_7' title='bbox 374 608 501 654; x_wconf 76' lang='lat' dir='ltr'>nauare</span> <span class='ocrx_word' id='word_1_8' title='bbox 515 597 550 655; x_wconf 91' lang='lat' dir='ltr'>et</span> <span class='ocrx_word' id='word_1_9' title='bbox 563 611 750 675; x_wconf 86' lang='lat' dir='ltr'>responsum</span> <span class='ocrx_word' id='word_1_10' title='bbox 768 589 860 653; x_wconf 84' lang='lat' dir='ltr'>dare¹</span> <span class='ocrx_word' id='word_1_11' title='bbox 874 588 1080 675; x_wconf 84' lang='lat' dir='ltr'>recuperauit</span> <span class='ocrx_word' id='word_1_12' title='bbox 1101 588 1189 654; x_wconf 89' lang='lat' dir='ltr'>idem</span> <span class='ocrx_word' id='word_1_13' title='bbox 1203 587 1363 653; x_wconf 88' lang='lat' dir='ltr'>Walterus</span> <span class='ocrx_word' id='word_1_14' title='bbox 1380 588 1448 653; x_wconf 82' lang='lat' dir='ltr'>scici-</span> 
     </span>
     <span class='ocr_line' id='line_1_3' title="bbox 372 692 1449 778; baseline -0.001 -20"><span class='ocrx_word' id='word_1_15' title='bbox 372 716 448 758; x_wconf 87' lang='lat' dir='ltr'>nam</span> <span class='ocrx_word' id='word_1_16' title='bbox 470 712 563 758; x_wconf 77' lang='lat' dir='ltr'>suam</span> <span class='ocrx_word' id='word_1_17' title='bbox 585 702 619 758; x_wconf 91' lang='lat' dir='ltr'>et</span> <span class='ocrx_word' id='word_1_18' title='bbox 640 692 717 758; x_wconf 90' lang='lat' dir='ltr'>inde</span> <span class='ocrx_word' id='word_1_19' title='bbox 736 700 833 757; x_wconf 81' lang='lat' dir='ltr'>uocet</span> <span class='ocrx_word' id='word_1_20' title='bbox 850 692 1042 757; x_wconf 88' lang='lat' dir='ltr'>comitatum</span> <span class='ocrx_word' id='word_1_21' title='bbox 1057 692 1099 758; x_wconf 75' lang='lat' dir='ltr'>&#39;cd</span> <span class='ocrx_word' id='word_1_22' title='bbox 1113 701 1292 758; x_wconf 69' lang='lat' dir='ltr'>warantum</span> <span class='ocrx_word' id='word_1_23' title='bbox 1312 715 1368 778; x_wconf 87' lang='lat' dir='ltr'>per</span> <span class='ocrx_word' id='word_1_24' title='bbox 1379 692 1449 757; x_wconf 83' lang='lat' dir='ltr'>auri·</span> 
     </span>
     <span class='ocr_line' id='line_1_4' title="bbox 374 796 1449 883; baseline 0 -22"><span class='ocrx_word' id='word_1_25' title='bbox 374 798 455 863; x_wconf 92' lang='lat' dir='ltr'>lium</span> <span class='ocrx_word' id='word_1_26' title='bbox 485 798 580 863; x_wconf 84' lang='lat' dir='ltr'>curie</span> <span class='ocrx_word' id='word_1_27' title='bbox 625 798 669 863; x_wconf 87' lang='lat' dir='ltr'>Et</span> <span class='ocrx_word' id='word_1_28' title='bbox 695 796 768 862; x_wconf 91' lang='lat' dir='ltr'>ideo</span> <span class='ocrx_word' id='word_1_29' title='bbox 792 806 981 883; x_wconf 76' lang='lat' dir='ltr'>preceptum</span> <span class='ocrx_word' id='word_1_30' title='bbox 1012 805 1062 862; x_wconf 81' lang='lat' dir='ltr'>est</span> <span class='ocrx_word' id='word_1_31' title='bbox 1087 796 1271 861; x_wconf 90' lang='lat' dir='ltr'>uicecomiti</span> <span class='ocrx_word' id='word_1_32' title='bbox 1295 796 1377 883; x_wconf 91' lang='lat' dir='ltr'>quod</span> <span class='ocrx_word' id='word_1_33' title='bbox 1397 796 1449 861; x_wconf 78' lang='lat' dir='ltr'>lieri</span> 
     </span>
     <span class='ocr_line' id='line_1_5' title="bbox 373 900 1449 987; baseline -0.002 -20"><span class='ocrx_word' id='word_1_34' title='bbox 373 901 470 967; x_wconf 71' lang='lat' dir='ltr'>faciat</span> <span class='ocrx_word' id='word_1_35' title='bbox 491 901 659 967; x_wconf 87' lang='lat' dir='ltr'>recordum</span> <span class='ocrx_word' id='word_1_36' title='bbox 680 901 716 966; x_wconf 91' lang='lat' dir='ltr'>in</span> <span class='ocrx_word' id='word_1_37' title='bbox 735 901 893 967; x_wconf 91' lang='lat' dir='ltr'>comitatu</span> <span class='ocrx_word' id='word_1_38' title='bbox 912 902 955 965; x_wconf 92' lang='lat' dir='ltr'>de</span> <span class='ocrx_word' id='word_1_39' title='bbox 975 900 1102 987; x_wconf 74' lang='lat' dir='ltr'>loquele</span> <span class='ocrx_word' id='word_1_40' title='bbox 1116 900 1173 966; x_wconf 87' lang='lat' dir='ltr'>illa</span> <span class='ocrx_word' id='word_1_41' title='bbox 1186 910 1246 966; x_wconf 91' lang='lat' dir='ltr'>etc.</span> <span class='ocrx_word' id='word_1_42' title='bbox 1261 910 1296 966; x_wconf 92' lang='lat' dir='ltr'>et</span> <span class='ocrx_word' id='word_1_43' title='bbox 1308 901 1449 966; x_wconf 88' lang='lat' dir='ltr'>recorduu</span> 
     </span>
     <span class='ocr_line' id='line_1_6' title="bbox 372 1006 597 1072; baseline 0 -1"><span class='ocrx_word' id='word_1_44' title='bbox 372 1006 454 1072; x_wconf 91' lang='lat' dir='ltr'>illud</span> <span class='ocrx_word' id='word_1_45' title='bbox 469 1006 597 1071; x_wconf 81' lang='lat' dir='ltr'>habeat.</span> 
     </span>
     <span class='ocr_line' id='line_1_7' title="bbox 382 1106 1452 1198; baseline -0.004 -22"><span class='ocrx_word' id='word_1_46' title='bbox 382 1108 384 1112; x_wconf 68' lang='grc'>’</span> <span class='ocrx_word' id='word_1_47' title='bbox 436 1110 554 1198; x_wconf 79' lang='lat' dir='ltr'>¹Hugo</span> <span class='ocrx_word' id='word_1_48' title='bbox 574 1110 616 1175; x_wconf 91' lang='lat' dir='ltr'>de</span> <span class='ocrx_word' id='word_1_49' title='bbox 639 1110 838 1175; x_wconf 81' lang='lat' dir='ltr'>Hanewrthe</span> <span class='ocrx_word' id='word_1_50' title='bbox 859 1108 981 1195; x_wconf 76' lang='lat' dir='ltr'><strong>optulit</strong></span> <span class='ocrx_word' id='word_1_51' title='bbox 1001 1130 1037 1173; x_wconf 91' lang='lat' dir='ltr'>se</span> <span class='ocrx_word' id='word_1_52' title='bbox 1055 1108 1136 1195; x_wconf 61' lang='lat' dir='ltr'>iiijtc.</span> <span class='ocrx_word' id='word_1_53' title='bbox 1155 1108 1211 1174; x_wconf 85' lang='lat' dir='ltr'>die</span> <span class='ocrx_word' id='word_1_54' title='bbox 1226 1130 1339 1173; x_wconf 72' lang='lat' dir='ltr'>uersus</span> <span class='ocrx_word' id='word_1_55' title='bbox 1351 1106 1452 1173; x_wconf 84' lang='lat' dir='ltr'>Willel</span> 
     </span>
     <span class='ocr_line' id='line_1_8' title="bbox 314 1211 1450 1300; baseline -0.004 -21"><span class='ocrx_word' id='word_1_56' title='bbox 314 1268 319 1279; x_wconf 95' lang='lat'><em>.</em></span> <span class='ocrx_word' id='word_1_57' title='bbox 372 1238 462 1281; x_wconf 90' lang='lat' dir='ltr'>mum</span> <span class='ocrx_word' id='word_1_58' title='bbox 484 1215 588 1279; x_wconf 91' lang='lat' dir='ltr'>filium</span> <span class='ocrx_word' id='word_1_59' title='bbox 609 1214 698 1280; x_wconf 87' lang='lat' dir='ltr'>Petri</span> <span class='ocrx_word' id='word_1_60' title='bbox 720 1213 761 1279; x_wconf 92' lang='lat' dir='ltr'>de</span> <span class='ocrx_word' id='word_1_61' title='bbox 785 1236 864 1299; x_wconf 78' lang='lat' dir='ltr'>poce</span> <span class='ocrx_word' id='word_1_62' title='bbox 887 1213 984 1280; x_wconf 85' lang='lat' dir='ltr'>Dom.</span> <span class='ocrx_word' id='word_1_63' title='bbox 1006 1212 1107 1300; x_wconf 85' lang='lat' dir='ltr'>Regis</span> <span class='ocrx_word' id='word_1_64' title='bbox 1128 1211 1273 1290; x_wconf 78' lang='lat' dir='ltr'>iuti-acta,</span> <span class='ocrx_word' id='word_1_65' title='bbox 1292 1213 1375 1277; x_wconf 90' lang='lat' dir='ltr'>unde</span> <span class='ocrx_word' id='word_1_66' title='bbox 1392 1234 1450 1276; x_wconf 87' lang='lat' dir='ltr'>eum</span> 
     </span>
     <span class='ocr_line' id='line_1_9' title="bbox 372 1317 1450 1405; baseline -0.003 -21"><span class='ocrx_word' id='word_1_67' title='bbox 372 1319 516 1405; x_wconf 79' lang='lat' dir='ltr'>appellet</span> <span class='ocrx_word' id='word_1_68' title='bbox 539 1326 598 1384; x_wconf 83' lang='lat' dir='ltr'>etc</span> <span class='ocrx_word' id='word_1_69' title='bbox 644 1318 687 1383; x_wconf 86' lang='lat' dir='ltr'>Et</span> <span class='ocrx_word' id='word_1_70' title='bbox 705 1317 890 1383; x_wconf 89' lang='lat' dir='ltr'>Willelmus</span> <span class='ocrx_word' id='word_1_71' title='bbox 913 1340 978 1382; x_wconf 89' lang='lat' dir='ltr'>non</span> <span class='ocrx_word' id='word_1_72' title='bbox 998 1317 1093 1383; x_wconf 88' lang='lat' dir='ltr'>uenit</span> <span class='ocrx_word' id='word_1_73' title='bbox 1115 1326 1175 1382; x_wconf 77' lang='lat' dir='ltr'>etc</span> <span class='ocrx_word' id='word_1_74' title='bbox 1220 1318 1265 1382; x_wconf 89' lang='lat' dir='ltr'>Et</span> <span class='ocrx_word' id='word_1_75' title='bbox 1286 1323 1450 1403; x_wconf 71' lang='lat' dir='ltr'><strong>preceptum</strong></span> 
     </span>
     <span class='ocr_line' id='line_1_10' title="bbox 372 1418 1450 1508; baseline -0.006 -20"><span class='ocrx_word' id='word_1_76' title='bbox 372 1424 435 1489; x_wconf 85' lang='lat' dir='ltr'>fuit</span> <span class='ocrx_word' id='word_1_77' title='bbox 450 1423 633 1489; x_wconf 89' lang='lat' dir='ltr'>uicccomiti</span> <span class='ocrx_word' id='word_1_78' title='bbox 646 1424 733 1508; x_wconf 89' lang='lat' dir='ltr'>quod</span> <span class='ocrx_word' id='word_1_79' title='bbox 747 1422 942 1488; x_wconf 83' lang='lat' dir='ltr'>attachiaret</span> <span class='ocrx_word' id='word_1_80' title='bbox 956 1444 1033 1486; x_wconf 89' lang='lat' dir='ltr'>eum</span> <span class='ocrx_word' id='word_1_81' title='bbox 1052 1429 1087 1487; x_wconf 93' lang='lat' dir='ltr'>et</span> <span class='ocrx_word' id='word_1_82' title='bbox 1106 1421 1285 1486; x_wconf 88' lang='lat' dir='ltr'>uicecomes</span> <span class='ocrx_word' id='word_1_83' title='bbox 1303 1443 1364 1485; x_wconf 89' lang='lat' dir='ltr'>non</span> <span class='ocrx_word' id='word_1_84' title='bbox 1381 1418 1450 1483; x_wconf 78' lang='lat' dir='ltr'>misit</span> 
     </span>
     <span class='ocr_line' id='line_1_11' title="bbox 372 1523 1402 1613; baseline -0.005 -21"><span class='ocrx_word' id='word_1_85' title='bbox 372 1527 503 1593; x_wconf 79' lang='lat' dir='ltr'>nomine</span> <span class='ocrx_word' id='word_1_86' title='bbox 516 1527 696 1613; x_wconf 83' lang='lat' dir='ltr'>plegiorum</span> <span class='ocrx_word' id='word_1_87' title='bbox 711 1535 746 1591; x_wconf 89' lang='lat' dir='ltr'>et</span> <span class='ocrx_word' id='word_1_88' title='bbox 760 1526 834 1591; x_wconf 90' lang='lat' dir='ltr'>ideo</span> <span class='ocrx_word' id='word_1_89' title='bbox 847 1533 948 1612; x_wconf 87' lang='lat' dir='ltr'>ponat</span> <span class='ocrx_word' id='word_1_90' title='bbox 963 1525 1032 1591; x_wconf 81' lang='lat' dir='ltr'>eos⁸</span> <span class='ocrx_word' id='word_1_91' title='bbox 1045 1547 1105 1611; x_wconf 91' lang='lat' dir='ltr'>per</span> <span class='ocrx_word' id='word_1_92' title='bbox 1117 1524 1266 1589; x_wconf 88' lang='lat' dir='ltr'>meliores</span> <span class='ocrx_word' id='word_1_93' title='bbox 1279 1523 1402 1610; x_wconf 80' lang='lat' dir='ltr'>plegios</span> 
     </span>
     <span class='ocr_line' id='line_1_12' title="bbox 436 1624 1451 1717; baseline -0.005 -21"><span class='ocrx_word' id='word_1_94' title='bbox 436 1631 630 1697; x_wconf 80' lang='lat' dir='ltr'>⁶Gilibe1tus</span> <span class='ocrx_word' id='word_1_95' title='bbox 651 1632 692 1695; x_wconf 91' lang='lat' dir='ltr'>de</span> <span class='ocrx_word' id='word_1_96' title='bbox 714 1628 887 1717; x_wconf 82' lang='lat' dir='ltr'>Toggeed’⁸</span> <span class='ocrx_word' id='word_1_97' title='bbox 906 1629 1027 1717; x_wconf 78' lang='lat' dir='ltr'><strong>optulit</strong></span> <span class='ocrx_word' id='word_1_98' title='bbox 1045 1652 1081 1693; x_wconf 90' lang='lat' dir='ltr'>se</span> <span class='ocrx_word' id='word_1_99' title='bbox 1100 1628 1180 1713; x_wconf 59' lang='lat' dir='ltr'>iiijc.</span> <span class='ocrx_word' id='word_1_100' title='bbox 1196 1627 1250 1693; x_wconf 90' lang='lat' dir='ltr'>die</span> <span class='ocrx_word' id='word_1_101' title='bbox 1263 1650 1373 1693; x_wconf 87' lang='lat' dir='ltr'>uersus</span> <span class='ocrx_word' id='word_1_102' title='bbox 1384 1624 1451 1691; x_wconf 80' lang='lat' dir='ltr'>l&#39;ho</span> 
     </span>
     <span class='ocr_line' id='line_1_13' title="bbox 253 1730 1451 1820; baseline -0.005 -20"><span class='ocrx_word' id='word_1_103' title='bbox 253 1762 267 1791; x_wconf 77' lang='grc' dir='ltr'>ο</span> <span class='ocrx_word' id='word_1_104' title='bbox 372 1757 458 1799; x_wconf 87' lang='lat' dir='ltr'>mam</span> <span class='ocrx_word' id='word_1_105' title='bbox 473 1735 514 1800; x_wconf 89' lang='lat' dir='ltr'>de</span> <span class='ocrx_word' id='word_1_106' title='bbox 529 1734 744 1799; x_wconf 81' lang='lat' dir='ltr'>Wcrnecham</span> <span class='ocrx_word' id='word_1_107' title='bbox 758 1734 800 1799; x_wconf 92' lang='lat' dir='ltr'>de</span> <span class='ocrx_word' id='word_1_108' title='bbox 814 1734 935 1820; x_wconf 86' lang='lat' dir='ltr'>placito</span> <span class='ocrx_word' id='word_1_109' title='bbox 947 1733 1023 1798; x_wconf 86' lang='lat' dir='ltr'>dim</span> <span class='ocrx_word' id='word_1_110' title='bbox 1039 1754 1141 1797; x_wconf 84' lang='lat' dir='ltr'>ccruc.</span> <span class='ocrx_word' id='word_1_111' title='bbox 1156 1740 1242 1797; x_wconf 85' lang='lat' dir='ltr'>terre</span> <span class='ocrx_word' id='word_1_112' title='bbox 1256 1754 1331 1797; x_wconf 88' lang='lat' dir='ltr'>cum</span> <span class='ocrx_word' id='word_1_113' title='bbox 1344 1730 1451 1819; x_wconf 81' lang='lat' dir='ltr'>pertin</span> 
     </span>
     <span class='ocr_line' id='line_1_14' title="bbox 372 1834 1453 1924; baseline -0.005 -21"><span class='ocrx_word' id='word_1_114' title='bbox 372 1838 600 1915; x_wconf 87' lang='lat' dir='ltr'>Edredestoua‚</span> <span class='ocrx_word' id='word_1_115' title='bbox 614 1860 713 1924; x_wconf 87' lang='lat' dir='ltr'>quam</span> <span class='ocrx_word' id='word_1_116' title='bbox 735 1838 855 1903; x_wconf 80' lang='lat' dir='ltr'>clamat</span> <span class='ocrx_word' id='word_1_117' title='bbox 875 1860 987 1903; x_wconf 89' lang='lat' dir='ltr'>uersus</span> <span class='ocrx_word' id='word_1_118' title='bbox 1007 1860 1082 1903; x_wconf 91' lang='lat' dir='ltr'>eum</span> <span class='ocrx_word' id='word_1_119' title='bbox 1096 1845 1137 1901; x_wconf 91' lang='lat' dir='ltr'>ut</span> <span class='ocrx_word' id='word_1_120' title='bbox 1150 1837 1202 1901; x_wconf 89' lang='lat' dir='ltr'>ius</span> <span class='ocrx_word' id='word_1_121' title='bbox 1215 1858 1312 1902; x_wconf 88' lang='lat' dir='ltr'>suum</span> <span class='ocrx_word' id='word_1_122' title='bbox 1327 1844 1382 1902; x_wconf 81' lang='lat' dir='ltr'>etc</span> <span class='ocrx_word' id='word_1_123' title='bbox 1418 1834 1453 1898; x_wconf 75' lang='lat' dir='ltr'>Et</span> 
     </span>
     <span class='ocr_line' id='line_1_15' title="bbox 371 1940 1451 2028; baseline -0.003 -22"><span class='ocrx_word' id='word_1_124' title='bbox 371 1942 510 2008; x_wconf 79' lang='lat' dir='ltr'>Thomas</span> <span class='ocrx_word' id='word_1_125' title='bbox 533 1966 598 2007; x_wconf 90' lang='lat' dir='ltr'>nou</span> <span class='ocrx_word' id='word_1_126' title='bbox 621 1942 714 2007; x_wconf 89' lang='lat' dir='ltr'>uenit</span> <span class='ocrx_word' id='word_1_127' title='bbox 736 1950 796 2008; x_wconf 87' lang='lat' dir='ltr'>etc.</span> <span class='ocrx_word' id='word_1_128' title='bbox 817 1950 852 2007; x_wconf 89' lang='lat' dir='ltr'>et</span> <span class='ocrx_word' id='word_1_129' title='bbox 873 1950 961 2007; x_wconf 75' lang='lat' dir='ltr'>term</span> <span class='ocrx_word' id='word_1_130' title='bbox 981 1950 1078 2028; x_wconf 82' lang='lat' dir='ltr'>capta</span> <span class='ocrx_word' id='word_1_131' title='bbox 1096 1941 1161 2006; x_wconf 85' lang='lat' dir='ltr'>fuit</span> <span class='ocrx_word' id='word_1_132' title='bbox 1180 1940 1215 2005; x_wconf 91' lang='lat' dir='ltr'>in</span> <span class='ocrx_word' id='word_1_133' title='bbox 1231 1964 1364 2006; x_wconf 86' lang='lat' dir='ltr'>manum</span> <span class='ocrx_word' id='word_1_134' title='bbox 1377 1940 1451 2004; x_wconf 89' lang='lat' dir='ltr'>Dcm</span> 
     </span>
     <span class='ocr_line' id='line_1_16' title="bbox 371 2046 1454 2133; baseline -0.003 -22"><span class='ocrx_word' id='word_1_135' title='bbox 371 2046 471 2133; x_wconf 85' lang='lat' dir='ltr'>Regis</span> <span class='ocrx_word' id='word_1_136' title='bbox 492 2069 550 2132; x_wconf 93' lang='lat' dir='ltr'>pro</span> <span class='ocrx_word' id='word_1_137' title='bbox 571 2047 700 2111; x_wconf 85' lang='lat' dir='ltr'>defectu</span> <span class='ocrx_word' id='word_1_138' title='bbox 722 2068 780 2111; x_wconf 90' lang='lat' dir='ltr'>suo</span> <span class='ocrx_word' id='word_1_139' title='bbox 802 2068 899 2131; x_wconf 89' lang='lat' dir='ltr'>quem</span> <span class='ocrx_word' id='word_1_140' title='bbox 921 2046 998 2111; x_wconf 86' lang='lat' dir='ltr'>fecit</span> <span class='ocrx_word' id='word_1_141' title='bbox 1018 2046 1078 2112; x_wconf 88' lang='lat' dir='ltr'>tali</span> <span class='ocrx_word' id='word_1_142' title='bbox 1096 2046 1151 2111; x_wconf 90' lang='lat' dir='ltr'>die</span> <span class='ocrx_word' id='word_1_143' title='bbox 1164 2056 1234 2123; x_wconf 72' lang='lat' dir='ltr'>etc„</span> <span class='ocrx_word' id='word_1_144' title='bbox 1248 2054 1284 2111; x_wconf 91' lang='lat' dir='ltr'>et</span> <span class='ocrx_word' id='word_1_145' title='bbox 1298 2046 1454 2111; x_wconf 76' lang='lat' dir='ltr'>uioecomes</span> 
     </span>
     <span class='ocr_line' id='line_1_17' title="bbox 372 2146 1439 2236; baseline -0.001 -22"><span class='ocrx_word' id='word_1_146' title='bbox 372 2150 540 2215; x_wconf 81' lang='lat' dir='ltr'>mandauit</span> <span class='ocrx_word' id='word_1_147' title='bbox 555 2150 641 2215; x_wconf 89' lang='lat' dir='ltr'>diem</span> <span class='ocrx_word' id='word_1_148' title='bbox 657 2149 817 2235; x_wconf 85' lang='lat' dir='ltr'>capcionis</span> <span class='ocrx_word' id='word_1_149' title='bbox 827 2158 862 2214; x_wconf 90' lang='lat' dir='ltr'>et</span> <span class='ocrx_word' id='word_1_150' title='bbox 876 2150 962 2236; x_wconf 91' lang='lat' dir='ltr'>quod</span> <span class='ocrx_word' id='word_1_151' title='bbox 977 2149 1116 2215; x_wconf 85' lang='lat' dir='ltr'>Thomas</span> <span class='ocrx_word' id='word_1_152' title='bbox 1130 2150 1346 2216; x_wconf 79' lang='lat' dir='ltr'><strong>summonitus</strong></span> <span class='ocrx_word' id='word_1_153' title='bbox 1358 2146 1439 2232; x_wconf 69' lang='lat' dir='ltr'>uic}</span> 
     </span>
     <span class='ocr_line' id='line_1_18' title="bbox 372 2254 1453 2322; baseline -0.004 -3"><span class='ocrx_word' id='word_1_154' title='bbox 372 2255 416 2322; x_wconf 87' lang='lat' dir='ltr'>Et</span> <span class='ocrx_word' id='word_1_155' title='bbox 430 2278 495 2319; x_wconf 89' lang='lat' dir='ltr'>non</span> <span class='ocrx_word' id='word_1_156' title='bbox 510 2254 602 2320; x_wconf 90' lang='lat' dir='ltr'>uenit</span> <span class='ocrx_word' id='word_1_157' title='bbox 618 2264 676 2320; x_wconf 87' lang='lat' dir='ltr'>etc</span> <span class='ocrx_word' id='word_1_158' title='bbox 692 2261 742 2319; x_wconf 85' lang='lat' dir='ltr'>set</span> <span class='ocrx_word' id='word_1_159' title='bbox 757 2276 791 2319; x_wconf 89' lang='lat' dir='ltr'>se</span> <span class='ocrx_word' id='word_1_160' title='bbox 806 2254 981 2319; x_wconf 71' lang='lat' dir='ltr'>emoniauit</span> <span class='ocrx_word' id='word_1_161' title='bbox 996 2262 1030 2320; x_wconf 86' lang='lat' dir='ltr'>et</span> <span class='ocrx_word' id='word_1_162' title='bbox 1045 2254 1207 2320; x_wconf 79' lang='lat' dir='ltr'>esconium</span> <span class='ocrx_word' id='word_1_163' title='bbox 1220 2277 1287 2319; x_wconf 88' lang='lat' dir='ltr'>non</span> <span class='ocrx_word' id='word_1_164' title='bbox 1300 2254 1395 2320; x_wconf 88' lang='lat' dir='ltr'>iacuit</span> <span class='ocrx_word' id='word_1_165' title='bbox 1407 2273 1453 2316; x_wconf 89' lang='lat' dir='ltr'>uec</span> 
     </span>
     <span class='ocr_line' id='line_1_19' title="bbox 371 2356 1455 2445; baseline -0.003 -22"><span class='ocrx_word' id='word_1_166' title='bbox 371 2366 458 2425; x_wconf 80' lang='lat' dir='ltr'>tenu</span> <span class='ocrx_word' id='word_1_167' title='bbox 478 2359 584 2445; x_wconf 82' lang='lat' dir='ltr'>petite</span> <span class='ocrx_word' id='word_1_168' title='bbox 606 2359 670 2423; x_wconf 84' lang='lat' dir='ltr'>luit</span> <span class='ocrx_word' id='word_1_169' title='bbox 689 2381 747 2445; x_wconf 85' lang='lat' dir='ltr'>per</span> <span class='ocrx_word' id='word_1_170' title='bbox 768 2356 944 2444; x_wconf 86' lang='lat' dir='ltr'>pleuinam.</span> <span class='ocrx_word' id='word_1_171' title='bbox 1002 2358 1047 2423; x_wconf 86' lang='lat' dir='ltr'>Et</span> <span class='ocrx_word' id='word_1_172' title='bbox 1070 2359 1143 2424; x_wconf 89' lang='lat' dir='ltr'>ideo</span> <span class='ocrx_word' id='word_1_173' title='bbox 1165 2359 1396 2424; x_wconf 74' lang='lat' dir='ltr'>consideratum</span> <span class='ocrx_word' id='word_1_174' title='bbox 1414 2362 1455 2420; x_wconf 85' lang='lat' dir='ltr'>est</span> 
     </span>
     <span class='ocr_line' id='line_1_20' title="bbox 371 2462 1453 2551; baseline -0.002 -23"><span class='ocrx_word' id='word_1_175' title='bbox 371 2465 457 2551; x_wconf 92' lang='lat' dir='ltr'>quod</span> <span class='ocrx_word' id='word_1_176' title='bbox 479 2464 664 2529; x_wconf 85' lang='lat' dir='ltr'>Gilcbertus</span> <span class='ocrx_word' id='word_1_177' title='bbox 684 2462 889 2550; x_wconf 85' lang='lat' dir='ltr'>recuperauit</span> <span class='ocrx_word' id='word_1_178' title='bbox 905 2462 1055 2527; x_wconf 87' lang='lat' dir='ltr'>seisinam</span> <span class='ocrx_word' id='word_1_179' title='bbox 1070 2485 1128 2550; x_wconf 90' lang='lat' dir='ltr'>pro</span> <span class='ocrx_word' id='word_1_180' title='bbox 1140 2463 1272 2528; x_wconf 83' lang='lat' dir='ltr'>defectu</span> <span class='ocrx_word' id='word_1_181' title='bbox 1287 2473 1322 2529; x_wconf 89' lang='lat' dir='ltr'>et</span> <span class='ocrx_word' id='word_1_182' title='bbox 1335 2462 1453 2527; x_wconf 80' lang='lat' dir='ltr'>Thomas</span> 
     </span>
     <span class='ocr_line' id='line_1_21' title="bbox 372 2567 728 2634; baseline 0.002 0"><span class='ocrx_word' id='word_1_183' title='bbox 372 2570 407 2634; x_wconf 90' lang='lat' dir='ltr'>in</span> <span class='ocrx_word' id='word_1_184' title='bbox 421 2568 638 2634; x_wconf 82' lang='lat' dir='ltr'>misericordia</span> <span class='ocrx_word' id='word_1_185' title='bbox 653 2567 728 2634; x_wconf 73' lang='lat' dir='ltr'>etc&#39;</span> 
     </span>
     <span class='ocr_line' id='line_1_22' title="bbox 436 2668 1521 2769; baseline -0.004 -31"><span class='ocrx_word' id='word_1_186' title='bbox 436 2672 608 2738; x_wconf 73' lang='lat' dir='ltr'>‘Ricardus</span> <span class='ocrx_word' id='word_1_187' title='bbox 623 2671 709 2737; x_wconf 88' lang='lat' dir='ltr'>filius</span> <span class='ocrx_word' id='word_1_188' title='bbox 725 2680 759 2737; x_wconf 89' lang='lat' dir='ltr'>et</span> <span class='ocrx_word' id='word_1_189' title='bbox 773 2671 867 2736; x_wconf 89' lang='lat' dir='ltr'>heres</span> <span class='ocrx_word' id='word_1_190' title='bbox 881 2671 1027 2757; x_wconf 78' lang='lat' dir='ltr'>Sywmdi</span> <span class='ocrx_word' id='word_1_191' title='bbox 1040 2671 1083 2736; x_wconf 91' lang='lat' dir='ltr'>de</span> <span class='ocrx_word' id='word_1_192' title='bbox 1097 2671 1259 2759; x_wconf 78' lang='lat' dir='ltr'>langetre</span> <span class='ocrx_word' id='word_1_193' title='bbox 1276 2668 1455 2737; x_wconf 80' lang='lat' dir='ltr'>attachiatus</span> <span class='ocrx_word' id='word_1_194' title='bbox 1520 2682 1521 2769; x_wconf 53' lang='lat' dir='ltr'>p</span> 
     </span>
     <span class='ocr_line' id='line_1_23' title="bbox 322 2769 1521 2862; baseline -0.007 -22"><span class='ocrx_word' id='word_1_195' title='bbox 322 2803 338 2832; x_wconf 83' lang='lat' dir='ltr'>r·</span> <span class='ocrx_word' id='word_1_196' title='bbox 372 2775 498 2841; x_wconf 80' lang='lat' dir='ltr'>suited</span> <span class='ocrx_word' id='word_1_197' title='bbox 520 2774 777 2862; x_wconf 86' lang='lat' dir='ltr'>respondendum</span> <span class='ocrx_word' id='word_1_198' title='bbox 800 2774 984 2840; x_wconf 80' lang='lat' dir='ltr'>Alexandro</span> <span class='ocrx_word' id='word_1_199' title='bbox 1006 2773 1073 2838; x_wconf 87' lang='lat' dir='ltr'>filio</span> <span class='ocrx_word' id='word_1_200' title='bbox 1091 2774 1251 2840; x_wconf 88' lang='lat' dir='ltr'>etheredi</span> <span class='ocrx_word' id='word_1_201' title='bbox 1265 2769 1454 2839; x_wconf 86' lang='lat' dir='ltr'>Raddulfide</span> <span class='ocrx_word' id='word_1_202' title='bbox 1520 2772 1521 2851; x_wconf 74' lang='lat' dir='ltr'>l</span> 
     </span>
     <span class='ocr_line' id='line_1_24' title="bbox 372 2873 1456 2962; baseline -0.009 -17"><span class='ocrx_word' id='word_1_203' title='bbox 372 2877 557 2945; x_wconf 81' lang='lat' dir='ltr'>Stouedisse</span> <span class='ocrx_word' id='word_1_204' title='bbox 581 2878 621 2943; x_wconf 93' lang='lat' dir='ltr'>de</span> <span class='ocrx_word' id='word_1_205' title='bbox 647 2877 711 2942; x_wconf 90' lang='lat' dir='ltr'>fine</span> <span class='ocrx_word' id='word_1_206' title='bbox 735 2878 820 2942; x_wconf 85' lang='lat' dir='ltr'>facto</span> <span class='ocrx_word' id='word_1_207' title='bbox 842 2877 878 2941; x_wconf 87' lang='lat' dir='ltr'>iu</span> <span class='ocrx_word' id='word_1_208' title='bbox 900 2876 990 2940; x_wconf 82' lang='lat' dir='ltr'>curia</span> <span class='ocrx_word' id='word_1_209' title='bbox 1013 2875 1108 2942; x_wconf 89' lang='lat' dir='ltr'>Dom.</span> <span class='ocrx_word' id='word_1_210' title='bbox 1130 2876 1230 2962; x_wconf 85' lang='lat' dir='ltr'>Regis</span> <span class='ocrx_word' id='word_1_211' title='bbox 1249 2877 1285 2942; x_wconf 85' lang='lat' dir='ltr'>J.</span> <span class='ocrx_word' id='word_1_212' title='bbox 1307 2885 1366 2940; x_wconf 80' lang='lat' dir='ltr'>eto</span> <span class='ocrx_word' id='word_1_213' title='bbox 1384 2873 1456 2937; x_wconf 75' lang='lat' dir='ltr'>inter</span> 
     </span>
     <span class='ocr_line' id='line_1_25' title="bbox 370 2979 1521 3069; baseline -0.006 -22"><span class='ocrx_word' id='word_1_214' title='bbox 370 2983 530 3069; x_wconf 86' lang='lat' dir='ltr'>predictos</span> <span class='ocrx_word' id='word_1_215' title='bbox 572 2981 752 3048; x_wconf 85' lang='lat' dir='ltr'>Siwardum</span> <span class='ocrx_word' id='word_1_216' title='bbox 789 2988 824 3045; x_wconf 90' lang='lat' dir='ltr'>et</span> <span class='ocrx_word' id='word_1_217' title='bbox 859 2979 1036 3044; x_wconf 81' lang='lat' dir='ltr'>Redulfum</span> <span class='ocrx_word' id='word_1_218' title='bbox 1072 2980 1114 3044; x_wconf 85' lang='lat' dir='ltr'>de</span> <span class='ocrx_word' id='word_1_219' title='bbox 1148 3001 1215 3044; x_wconf 89' lang='lat' dir='ltr'>una</span> <span class='ocrx_word' id='word_1_220' title='bbox 1250 3001 1351 3044; x_wconf 81' lang='lat' dir='ltr'>carue</span> <span class='ocrx_word' id='word_1_221' title='bbox 1385 2985 1456 3040; x_wconf 78' lang='lat' dir='ltr'>terre</span> <span class='ocrx_word' id='word_1_222' title='bbox 1520 2984 1521 3057; x_wconf 66' lang='grc' dir='ltr'>ἶ</span> 
     </span>
     <span class='ocr_line' id='line_1_26' title="bbox 371 3079 1521 3172; baseline -0.005 -21"><span class='ocrx_word' id='word_1_223' title='bbox 371 3109 446 3151; x_wconf 86' lang='lat' dir='ltr'>cum</span> <span class='ocrx_word' id='word_1_224' title='bbox 475 3094 555 3171; x_wconf 82' lang='lat' dir='ltr'>pert.</span> <span class='ocrx_word' id='word_1_225' title='bbox 586 3085 621 3149; x_wconf 92' lang='lat' dir='ltr'>in</span> <span class='ocrx_word' id='word_1_226' title='bbox 651 3086 814 3172; x_wconf 85' lang='lat' dir='ltr'>Langetre</span> <span class='ocrx_word' id='word_1_227' title='bbox 843 3092 878 3149; x_wconf 90' lang='lat' dir='ltr'>et</span> <span class='ocrx_word' id='word_1_228' title='bbox 907 3106 974 3148; x_wconf 86' lang='lat' dir='ltr'>uua</span> <span class='ocrx_word' id='word_1_229' title='bbox 1001 3105 1103 3148; x_wconf 74' lang='lat' dir='ltr'>carue.</span> <span class='ocrx_word' id='word_1_230' title='bbox 1133 3091 1219 3147; x_wconf 86' lang='lat' dir='ltr'>terre</span> <span class='ocrx_word' id='word_1_231' title='bbox 1248 3092 1285 3148; x_wconf 90' lang='lat' dir='ltr'>et</span> <span class='ocrx_word' id='word_1_232' title='bbox 1312 3079 1455 3147; x_wconf 77' lang='lat' dir='ltr'>sexdecim</span> <span class='ocrx_word' id='word_1_233' title='bbox 1520 3088 1521 3121; x_wconf 51' lang='lat' dir='ltr'>r</span> 
     </span>
     <span class='ocr_line' id='line_1_27' title="bbox 371 3178 1521 3274; baseline -0.006 -19"><span class='ocrx_word' id='word_1_234' title='bbox 371 3197 529 3255; x_wconf 78' lang='lat' dir='ltr'>conterre</span> <span class='ocrx_word' id='word_1_235' title='bbox 549 3212 623 3254; x_wconf 92' lang='lat' dir='ltr'>cum</span> <span class='ocrx_word' id='word_1_236' title='bbox 637 3197 718 3274; x_wconf 88' lang='lat' dir='ltr'>pert.</span> <span class='ocrx_word' id='word_1_237' title='bbox 734 3189 769 3252; x_wconf 90' lang='lat' dir='ltr'>in</span> <span class='ocrx_word' id='word_1_238' title='bbox 789 3187 967 3253; x_wconf 79' lang='lat' dir='ltr'>Steudiche</span> <span class='ocrx_word' id='word_1_239' title='bbox 986 3187 1074 3251; x_wconf 87' lang='lat' dir='ltr'>unde</span> <span class='ocrx_word' id='word_1_240' title='bbox 1095 3187 1328 3274; x_wconf 71' lang='lat' dir='ltr'>cyrographum</span> <span class='ocrx_word' id='word_1_241' title='bbox 1350 3186 1456 3249; x_wconf 83' lang='lat' dir='ltr'>factum</span> <span class='ocrx_word' id='word_1_242' title='bbox 1520 3178 1521 3199; x_wconf 61' lang='lat'>¹</span> 
     </span>
     <span class='ocr_line' id='line_1_28' title="bbox 372 3287 1456 3378; baseline -0.006 -22"><span class='ocrx_word' id='word_1_243' title='bbox 372 3292 435 3357; x_wconf 83' lang='lat' dir='ltr'>fuit</span> <span class='ocrx_word' id='word_1_244' title='bbox 469 3300 530 3370; x_wconf 92' lang='lat' dir='ltr'>etc,</span> <span class='ocrx_word' id='word_1_245' title='bbox 559 3292 644 3377; x_wconf 92' lang='lat' dir='ltr'>quod</span> <span class='ocrx_word' id='word_1_246' title='bbox 679 3292 799 3378; x_wconf 88' lang='lat' dir='ltr'>profert</span> <span class='ocrx_word' id='word_1_247' title='bbox 834 3300 868 3357; x_wconf 92' lang='lat' dir='ltr'>et</span> <span class='ocrx_word' id='word_1_248' title='bbox 902 3290 988 3377; x_wconf 94' lang='lat' dir='ltr'>quod</span> <span class='ocrx_word' id='word_1_249' title='bbox 1022 3298 1171 3367; x_wconf 82' lang='lat' dir='ltr'>testetur,</span> <span class='ocrx_word' id='word_1_250' title='bbox 1205 3290 1293 3376; x_wconf 91' lang='lat' dir='ltr'>quod</span> <span class='ocrx_word' id='word_1_251' title='bbox 1328 3287 1456 3376; x_wconf 76' lang='lat' dir='ltr'>predicte</span> 
     </span>
     <span class='ocr_line' id='line_1_29' title="bbox 371 3392 1521 3481; baseline -0.003 -21"><span class='ocrx_word' id='word_1_252' title='bbox 371 3403 521 3461; x_wconf 83' lang='lat' dir='ltr'>carucata</span> <span class='ocrx_word' id='word_1_253' title='bbox 546 3403 630 3460; x_wconf 88' lang='lat' dir='ltr'>terre</span> <span class='ocrx_word' id='word_1_254' title='bbox 653 3417 727 3460; x_wconf 92' lang='lat' dir='ltr'>cum</span> <span class='ocrx_word' id='word_1_255' title='bbox 750 3394 888 3481; x_wconf 84' lang='lat' dir='ltr'>pertin</span> <span class='ocrx_word' id='word_1_256' title='bbox 908 3394 1069 3481; x_wconf 79' lang='lat' dir='ltr'>Laugetre</span> <span class='ocrx_word' id='word_1_257' title='bbox 1095 3403 1129 3458; x_wconf 92' lang='lat' dir='ltr'>et</span> <span class='ocrx_word' id='word_1_258' title='bbox 1154 3392 1313 3458; x_wconf 73' lang='lat' dir='ltr'>medietas</span> <span class='ocrx_word' id='word_1_259' title='bbox 1336 3392 1456 3458; x_wconf 76' lang='lat' dir='ltr'>aduoca-</span> <span class='ocrx_word' id='word_1_260' title='bbox 1520 3428 1521 3443; x_wconf 44' lang='grc' dir='ltr'>ι</span> 
     </span>
     <span class='ocr_line' id='line_1_30' title="bbox 371 3490 1521 3603; baseline -0.003 -39"><span class='ocrx_word' id='word_1_261' title='bbox 371 3500 471 3564; x_wconf 87' lang='lat' dir='ltr'>cionis</span> <span class='ocrx_word' id='word_1_262' title='bbox 494 3499 625 3564; x_wconf 83' lang='lat' dir='ltr'>ecclesie</span> <span class='ocrx_word' id='word_1_263' title='bbox 654 3498 694 3564; x_wconf 91' lang='lat' dir='ltr'>de</span> <span class='ocrx_word' id='word_1_264' title='bbox 721 3497 908 3564; x_wconf 83' lang='lat' dir='ltr'>Stanedisse</span> <span class='ocrx_word' id='word_1_265' title='bbox 933 3507 967 3563; x_wconf 89' lang='lat' dir='ltr'>et</span> <span class='ocrx_word' id='word_1_266' title='bbox 993 3498 1151 3563; x_wconf 86' lang='lat' dir='ltr'>medietas</span> <span class='ocrx_word' id='word_1_267' title='bbox 1176 3519 1345 3562; x_wconf 89' lang='lat' dir='ltr'>commune</span> <span class='ocrx_word' id='word_1_268' title='bbox 1369 3490 1457 3560; x_wconf 79' lang='lat' dir='ltr'>boeci&#39;</span> <span class='ocrx_word' id='word_1_269' title='bbox 1520 3542 1521 3603; x_wconf 36' lang='grc' dir='ltr'>ἰ</span> 
     </span>
     <span class='ocr_line' id='line_1_31' title="bbox 371 3599 1521 3689; baseline -0.004 -21"><span class='ocrx_word' id='word_1_270' title='bbox 371 3603 412 3668; x_wconf 91' lang='lat' dir='ltr'>de</span> <span class='ocrx_word' id='word_1_271' title='bbox 427 3604 594 3668; x_wconf 83' lang='lat' dir='ltr'>Steudisse</span> <span class='ocrx_word' id='word_1_272' title='bbox 608 3625 682 3668; x_wconf 91' lang='lat' dir='ltr'>cum</span> <span class='ocrx_word' id='word_1_273' title='bbox 697 3603 761 3689; x_wconf 88' lang='lat' dir='ltr'>xvj.</span> <span class='ocrx_word' id='word_1_274' title='bbox 775 3601 858 3668; x_wconf 83' lang='lat' dir='ltr'>acris</span> <span class='ocrx_word' id='word_1_275' title='bbox 877 3601 917 3666; x_wconf 91' lang='lat' dir='ltr'>de</span> <span class='ocrx_word' id='word_1_276' title='bbox 936 3601 1067 3667; x_wconf 80' lang='lat' dir='ltr'>assertis</span> <span class='ocrx_word' id='word_1_277' title='bbox 1088 3601 1124 3667; x_wconf 91' lang='lat' dir='ltr'>iu</span> <span class='ocrx_word' id='word_1_278' title='bbox 1144 3602 1258 3666; x_wconf 81' lang='lat' dir='ltr'>ecdem</span> <span class='ocrx_word' id='word_1_279' title='bbox 1279 3601 1359 3666; x_wconf 88' lang='lat' dir='ltr'>uilla</span> <span class='ocrx_word' id='word_1_280' title='bbox 1378 3599 1459 3664; x_wconf 76' lang='lat' dir='ltr'>iuxta</span> <span class='ocrx_word' id='word_1_281' title='bbox 1520 3606 1521 3683; x_wconf 63' lang='lat' dir='ltr'>l</span> 
     </span>
     <span class='ocr_line' id='line_1_32' title="bbox 370 3694 1521 3792; baseline -0.007 -21"><span class='ocrx_word' id='word_1_282' title='bbox 370 3706 551 3792; x_wconf 88' lang='lat' dir='ltr'>predictum</span> <span class='ocrx_word' id='word_1_283' title='bbox 566 3705 696 3771; x_wconf 85' lang='lat' dir='ltr'>boscum</span> <span class='ocrx_word' id='word_1_284' title='bbox 712 3729 824 3770; x_wconf 90' lang='lat' dir='ltr'>uersus</span> <span class='ocrx_word' id='word_1_285' title='bbox 837 3705 1022 3792; x_wconf 77' lang='lat' dir='ltr'>aquilonem</span> <span class='ocrx_word' id='word_1_286' title='bbox 1039 3714 1185 3772; x_wconf 81' lang='lat' dir='ltr'>remanet</span> <span class='ocrx_word' id='word_1_287' title='bbox 1199 3705 1305 3770; x_wconf 89' lang='lat' dir='ltr'>eidem</span> <span class='ocrx_word' id='word_1_288' title='bbox 1320 3701 1458 3791; x_wconf 84' lang='lat' dir='ltr'>Sywardo</span> <span class='ocrx_word' id='word_1_289' title='bbox 1520 3694 1521 3723; x_wconf 63' lang='lat'>¹</span> 
     </span>
     <span class='ocr_line' id='line_1_33' title="bbox 370 3805 1458 3896; baseline -0.006 -21"><span class='ocrx_word' id='word_1_290' title='bbox 370 3819 405 3875; x_wconf 89' lang='lat' dir='ltr'>ct</span> <span class='ocrx_word' id='word_1_291' title='bbox 419 3811 591 3876; x_wconf 83' lang='lat' dir='ltr'>heredibus</span> <span class='ocrx_word' id='word_1_292' title='bbox 605 3810 672 3875; x_wconf 87' lang='lat' dir='ltr'>suis</span> <span class='ocrx_word' id='word_1_293' title='bbox 686 3810 798 3896; x_wconf 89' lang='lat' dir='ltr'>quieta</span> <span class='ocrx_word' id='word_1_294' title='bbox 815 3810 858 3876; x_wconf 95' lang='lat' dir='ltr'>de</span> <span class='ocrx_word' id='word_1_295' title='bbox 877 3810 947 3896; x_wconf 92' lang='lat' dir='ltr'>ipso</span> <span class='ocrx_word' id='word_1_296' title='bbox 967 3810 1107 3876; x_wconf 86' lang='lat' dir='ltr'>Radulfo</span> <span class='ocrx_word' id='word_1_297' title='bbox 1121 3817 1155 3875; x_wconf 90' lang='lat' dir='ltr'>et</span> <span class='ocrx_word' id='word_1_298' title='bbox 1170 3807 1341 3874; x_wconf 86' lang='lat' dir='ltr'>heredibus</span> <span class='ocrx_word' id='word_1_299' title='bbox 1355 3805 1458 3872; x_wconf 89' lang='lat' dir='ltr'>suisin</span> 
     </span>
    </p>
   </div>
   <div class='ocr_carea' id='block_1_3' title="bbox 370 3986 1521 4529">
    <p class='ocr_par' dir='ltr' id='par_1_3' title="bbox 370 3986 1521 4382">
     <span class='ocr_line' id='line_1_34' title="bbox 402 3986 1337 4054; baseline -0.005 -13"><span class='ocrx_word' id='word_1_300' title='bbox 402 3992 412 4024; x_wconf 90' lang='lat'><strong>¹</strong></span> <span class='ocrx_word' id='word_1_301' title='bbox 430 3991 472 4043; x_wconf 79' lang='lat' dir='ltr'>Sic</span> <span class='ocrx_word' id='word_1_302' title='bbox 487 3992 518 4050; x_wconf 80' lang='lat' dir='ltr'>A,</span> <span class='ocrx_word' id='word_1_303' title='bbox 534 3991 565 4040; x_wconf 90' lang='lat' dir='ltr'>B.</span> <span class='ocrx_word' id='word_1_304' title='bbox 605 3991 645 4054; x_wconf 81' lang='lat' dir='ltr'>By</span> <span class='ocrx_word' id='word_1_305' title='bbox 665 3993 746 4041; x_wconf 88' lang='lat' dir='ltr'>count</span> <span class='ocrx_word' id='word_1_306' title='bbox 767 3993 897 4040; x_wconf 76' lang='lat' dir='ltr'>coustant</span> <span class='ocrx_word' id='word_1_307' title='bbox 979 3986 1250 4044; x_wconf 71' lang='lat' dir='ltr'>‘llorthurnberlantl¹</span> <span class='ocrx_word' id='word_1_308' title='bbox 1261 3986 1292 4045; x_wconf 79' lang='lat' dir='ltr'>A,</span> <span class='ocrx_word' id='word_1_309' title='bbox 1304 3986 1337 4037; x_wconf 83' lang='lat'>13.</span> 
     </span>
     <span class='ocr_line' id='line_1_35' title="bbox 370 4048 1521 4120; baseline -0.007 -13"><span class='ocrx_word' id='word_1_310' title='bbox 370 4057 424 4108; x_wconf 83' lang='lat' dir='ltr'>and</span> <span class='ocrx_word' id='word_1_311' title='bbox 445 4058 504 4120; x_wconf 78' lang='lat' dir='ltr'>ples</span> <span class='ocrx_word' id='word_1_312' title='bbox 525 4055 657 4119; x_wconf 82' lang='lat' dir='ltr'>plaudant,</span> <span class='ocrx_word' id='word_1_313' title='bbox 677 4055 721 4107; x_wconf 87' lang='lat' dir='ltr'>i.e.</span> <span class='ocrx_word' id='word_1_314' title='bbox 741 4053 786 4106; x_wconf 88' lang='lat' dir='ltr'>the</span> <span class='ocrx_word' id='word_1_315' title='bbox 808 4057 896 4106; x_wconf 83' lang='lat' dir='ltr'>action</span> <span class='ocrx_word' id='word_1_316' title='bbox 978 4053 1035 4104; x_wconf 64' lang='lat' dir='ltr'>lh.</span> <span class='ocrx_word' id='word_1_317' title='bbox 1048 4051 1154 4110; x_wconf 62' lang='lat' dir='ltr'>mom</span> <span class='ocrx_word' id='word_1_318' title='bbox 1171 4051 1202 4102; x_wconf 87' lang='lat' dir='ltr'>B.</span> <span class='ocrx_word' id='word_1_319' title='bbox 1214 4067 1249 4102; x_wconf 89' lang='lat' dir='ltr'>m.</span> <span class='ocrx_word' id='word_1_320' title='bbox 1260 4053 1285 4101; x_wconf 78' lang='grc'>4.</span> <span class='ocrx_word' id='word_1_321' title='bbox 1520 4048 1521 4113; x_wconf 76' lang='lat' dir='ltr'>l</span> 
     </span>
     <span class='ocr_line' id='line_1_36' title="bbox 371 4116 1521 4184; baseline -0.003 -12"><span class='ocrx_word' id='word_1_322' title='bbox 371 4137 424 4173; x_wconf 84' lang='lat' dir='ltr'>was</span> <span class='ocrx_word' id='word_1_323' title='bbox 445 4121 550 4172; x_wconf 88' lang='lat' dir='ltr'>decided</span> <span class='ocrx_word' id='word_1_324' title='bbox 571 4135 606 4170; x_wconf 91' lang='lat' dir='ltr'>on</span> <span class='ocrx_word' id='word_1_325' title='bbox 628 4121 673 4171; x_wconf 88' lang='lat' dir='ltr'>the</span> <span class='ocrx_word' id='word_1_326' title='bbox 700 4120 842 4184; x_wconf 70' lang='lat' dir='ltr'>plaudiugs¹</span> <span class='ocrx_word' id='word_1_327' title='bbox 859 4135 895 4170; x_wconf 86' lang='lat' dir='ltr'>on</span> <span class='ocrx_word' id='word_1_328' title='bbox 977 4119 1164 4183; x_wconf 61' lang='lat' dir='ltr'>‘thlssdffl’t</span> <span class='ocrx_word' id='word_1_329' title='bbox 1178 4117 1209 4170; x_wconf 87' lang='grc' dir='ltr'>Β.</span> <span class='ocrx_word' id='word_1_330' title='bbox 1520 4116 1521 4141; x_wconf 66' lang='lat'>³</span> 
     </span>
     <span class='ocr_line' id='line_1_37' title="bbox 370 4183 1143 4250; baseline -0.005 -12"><span class='ocrx_word' id='word_1_331' title='bbox 370 4191 451 4238; x_wconf 88' lang='lat' dir='ltr'>count</span> <span class='ocrx_word' id='word_1_332' title='bbox 466 4187 520 4236; x_wconf 85' lang='lat' dir='ltr'>and</span> <span class='ocrx_word' id='word_1_333' title='bbox 540 4185 606 4250; x_wconf 77' lang='lat' dir='ltr'>ples,</span> <span class='ocrx_word' id='word_1_334' title='bbox 624 4185 733 4236; x_wconf 82' lang='lat' dir='ltr'>without</span> <span class='ocrx_word' id='word_1_335' title='bbox 750 4185 817 4246; x_wconf 88' lang='lat' dir='ltr'>duel,</span> <span class='ocrx_word' id='word_1_336' title='bbox 835 4185 895 4249; x_wconf 83' lang='lat' dir='ltr'>jury</span> <span class='ocrx_word' id='word_1_337' title='bbox 977 4184 988 4218; x_wconf 83' lang='lat'>⁷</span> <span class='ocrx_word' id='word_1_338' title='bbox 1004 4183 1048 4234; x_wconf 87' lang='lat' dir='ltr'>Br.</span> <span class='ocrx_word' id='word_1_339' title='bbox 1061 4183 1109 4233; x_wconf 84' lang='grc'>366</span> <span class='ocrx_word' id='word_1_340' title='bbox 1120 4183 1143 4234; x_wconf 92' lang='lat' dir='ltr'>b.</span> 
     </span>
     <span class='ocr_line' id='line_1_38' title="bbox 371 4246 1521 4308; baseline -0.008 -5"><span class='ocrx_word' id='word_1_341' title='bbox 371 4269 402 4303; x_wconf 91' lang='lat' dir='ltr'>or</span> <span class='ocrx_word' id='word_1_342' title='bbox 417 4253 461 4303; x_wconf 88' lang='lat' dir='ltr'>the</span> <span class='ocrx_word' id='word_1_343' title='bbox 477 4251 536 4301; x_wconf 83' lang='lat' dir='ltr'>like.</span> <span class='ocrx_word' id='word_1_344' title='bbox 570 4251 616 4302; x_wconf 78' lang='lat' dir='ltr'>See</span> <span class='ocrx_word' id='word_1_345' title='bbox 631 4251 676 4300; x_wconf 89' lang='lat' dir='ltr'>Br.</span> <span class='ocrx_word' id='word_1_346' title='bbox 688 4251 707 4300; x_wconf 79' lang='lat' dir='ltr'>f.</span> <span class='ocrx_word' id='word_1_347' title='bbox 720 4252 767 4302; x_wconf 75' lang='lat'>279</span> <span class='ocrx_word' id='word_1_348' title='bbox 784 4251 825 4301; x_wconf 82' lang='lat' dir='ltr'>for</span> <span class='ocrx_word' id='word_1_349' title='bbox 841 4251 895 4301; x_wconf 87' lang='lat' dir='ltr'>this</span> <span class='ocrx_word' id='word_1_350' title='bbox 977 4247 1034 4300; x_wconf 69' lang='grc' dir='ltr'>Ἀ.</span> <span class='ocrx_word' id='word_1_351' title='bbox 1048 4263 1085 4298; x_wconf 89' lang='lat' dir='ltr'>m.</span> <span class='ocrx_word' id='word_1_352' title='bbox 1097 4251 1125 4308; x_wconf 73' lang='grc' dir='ltr'>’ῖς</span> <span class='ocrx_word' id='word_1_353' title='bbox 1141 4247 1171 4298; x_wconf 92' lang='grc' dir='ltr'>Β.</span> <span class='ocrx_word' id='word_1_354' title='bbox 1186 4246 1285 4297; x_wconf 77' lang='grc' dir='ltr'>ιιι.4ἆ.</span> <span class='ocrx_word' id='word_1_355' title='bbox 1520 4272 1521 4305; x_wconf 42' lang='grc' dir='ltr'>ι</span> 
     </span>
     <span class='ocr_line' id='line_1_39' title="bbox 371 4307 1521 4382; baseline -0.009 -15"><span class='ocrx_word' id='word_1_356' title='bbox 371 4318 473 4382; x_wconf 79' lang='lat' dir='ltr'>phmse.</span> <span class='ocrx_word' id='word_1_357' title='bbox 976 4314 1063 4373; x_wconf 73' lang='lat' dir='ltr'>⁰Sic;</span> <span class='ocrx_word' id='word_1_358' title='bbox 1079 4312 1242 4375; x_wconf 83' lang='lat' dir='ltr'>amoiatyol</span> <span class='ocrx_word' id='word_1_359' title='bbox 1255 4307 1462 4362; x_wconf 59' lang='lat' dir='ltr'>aasumensi</span> <span class='ocrx_word' id='word_1_360' title='bbox 1520 4322 1521 4373; x_wconf 66' lang='grc' dir='ltr'>ι</span> 
     </span>
    </p>

    <p class='ocr_par' dir='ltr' id='par_1_4' title="bbox 403 4377 1521 4441">
     <span class='ocr_line' id='line_1_40' title="bbox 403 4377 1521 4441; baseline -0.004 -10"><span class='ocrx_word' id='word_1_361' title='bbox 403 4379 578 4441; x_wconf 57' lang='lat' dir='ltr'>ramoth</span> <span class='ocrx_word' id='word_1_362' title='bbox 596 4381 709 4433; x_wconf 82' lang='lat' dir='ltr'>B.m.l.</span> <span class='ocrx_word' id='word_1_363' title='bbox 944 4379 1111 4431; x_wconf 79' lang='lat' dir='ltr'>thewoodol</span> <span class='ocrx_word' id='word_1_364' title='bbox 1126 4377 1259 4439; x_wconf 75' lang='lat' dir='ltr'>Staudish.</span> <span class='ocrx_word' id='word_1_365' title='bbox 1520 4378 1521 4407; x_wconf 64' lang='lat'>³</span> 
     </span>
    </p>

    <p class='ocr_par' dir='ltr' id='par_1_5' title="bbox 403 4446 1521 4529">
     <span class='ocr_line' id='line_1_41' title="bbox 403 4446 1521 4529; baseline -0.007 -31"><span class='ocrx_word' id='word_1_366' title='bbox 403 4451 414 4482; x_wconf 78' lang='lat'><strong>³</strong></span> <span class='ocrx_word' id='word_1_367' title='bbox 430 4449 501 4498; x_wconf 86' lang='lat' dir='ltr'>Corr.</span> <span class='ocrx_word' id='word_1_368' title='bbox 513 4463 576 4505; x_wconf 83' lang='lat' dir='ltr'>cum,</span> <span class='ocrx_word' id='word_1_369' title='bbox 588 4447 617 4505; x_wconf 81' lang='grc' dir='ltr'>Δ,</span> <span class='ocrx_word' id='word_1_370' title='bbox 630 4446 660 4496; x_wconf 87' lang='grc' dir='ltr'>Β.</span> <span class='ocrx_word' id='word_1_371' title='bbox 1520 4464 1521 4529; x_wconf 55' lang='lat' dir='ltr'>p</span> 
     </span>
    </p>
   </div>
   <div class='ocr_carea' id='block_1_4' title="bbox 0 0 1588 5075">
    <p class='ocr_par' dir='ltr' id='par_1_6' title="bbox 0 0 1588 5075">
     <span class='ocr_line' id='line_1_42' title="bbox 0 0 1588 5075; baseline 0 0"><span class='ocrx_word' id='word_1_372' title='bbox 0 0 1588 5075; x_wconf 95' lang='lat' dir='ltr'> </span> 
     </span>
    </p>
   </div>
  </div>
 </body>
</html>
