3167 5075
373 347 440 409 ‘408
559 358 693 409 almar
715 358 789 406 aun
812 356 949 419 suarna,
971 356 1036 405 an.
1060 342 1153 416 1221,
1177 356 1239 405 aa.
1264 346 1293 405 5.

371 530 482 595 saisita
496 530 580 595 siout
594 530 694 596 breue
715 529 803 605 dioit,
819 536 853 593 at
872 528 944 614 ipsa
965 526 1029 591 fnit
1051 535 1155 594 mater
1175 528 1246 593 airis
1267 536 1304 593 et
1324 528 1393 613 ipse
1414 526 1467 591 suit

371 633 457 698 filius
477 656 554 699 suus
573 633 615 697 de
634 632 705 698 uiro
725 631 788 697 sibi
807 630 1006 717 desponsam,
1026 637 1061 694 et
1080 629 1154 694 ideo
1175 653 1240 695 non
1261 630 1361 695 debet
1381 631 1470 695 assisa

372 739 551 825 procedere.

438 844 482 907 Et
505 844 670 907 Walterus
695 841 775 907 dicit
800 840 886 928 qnod
910 841 980 927 ipse
1006 848 1057 905 est
1082 840 1252 907 bastardus
1276 841 1353 927 quia
1376 848 1473 905 mater

372 948 442 1011 eius
467 968 634 1031 nunquam
658 945 723 1010 fuit
747 945 943 1031 desponsata
967 945 1091 1010 Thome
1121 944 1193 1009 uiro
1221 966 1287 1009 suo
1333 945 1378 1009 Et
1405 943 1471 1008 ideo

371 1050 472 1115 assisa
486 1058 651 1115 remaneat
665 1050 735 1114 sine
750 1049 803 1114 die
819 1057 854 1113 et
865 1049 1028 1113 Walterus
1042 1048 1163 1113 habeat
1177 1049 1277 1114 breue
1292 1048 1333 1113 ad
1349 1048 1470 1134 Episco-

372 1177 452 1240 pum
467 1154 725 1219 Lineolniensem
739 1162 800 1219 eto.

241 1258 333 1327 1476.
438 1258 565 1323 ¹Assisa
578 1258 671 1322 uenit
685 1258 891 1345 recognitura
905 1258 933 1323 si
954 1258 1111 1344 Magister
1131 1256 1315 1323 Willelnrus
1334 1256 1374 1321 de
1393 1258 1470 1321 Hat*

230 1362 336 1403 HM
371 1360 469 1425 feldia
505 1361 686 1427 auunculus
721 1361 881 1427 Johannis
917 1361 978 1426 filii
1015 1362 1163 1448 Gregorii
1193 1363 1257 1426 fnit
1286 1360 1414 1427 saisitus
1442 1362 1469 1425 in

370 1464 531 1530 dominico
545 1489 603 1530 suo
619 1473 657 1531 nt
672 1467 712 1531 de
728 1466 821 1531 feodo
841 1465 881 1531 de
902 1466 943 1531 xl.
959 1466 1041 1531 aeris
1063 1474 1148 1531 terre
1171 1474 1206 1531 et
1227 1489 1293 1531 uno
1314 1466 1470 1553 mesuagio

371 1592 446 1633 cum
465 1577 547 1655 pert.
562 1570 598 1634 in
617 1571 810 1636 Hathfeldia
830 1571 882 1635 die
904 1594 967 1657 qno
989 1579 1059 1649 ete,
1074 1594 1172 1658 quam
1195 1580 1314 1636 terram
1336 1580 1370 1635 et
1391 1569 1469 1655 qnod

371 1672 574 1759 mesuagium
603 1674 742 1738 Thomas
766 1674 853 1739 filius
877 1674 1012 1739 Henrioi
1034 1674 1096 1739 filii
1116 1674 1284 1740 Aurtoderi
1304 1680 1395 1738 tenet
1416 1682 1468 1736 eto

371 1774 437 1854 Qui
461 1776 553 1839 uenit
576 1783 610 1841 et
637 1784 687 1842 est
712 1777 797 1841 infra
819 1785 940 1842 etatem
964 1785 999 1842 et
1021 1783 1116 1842 uocat
1138 1775 1213 1841 inde
1236 1775 1278 1841 ad
1299 1785 1468 1841 warantum

372 1878 552 1943 Henrieum
566 1878 671 1943 filium
685 1879 828 1946 Aucto-t
842 1888 968 1966 patrem
983 1903 1087 1945 snum.
1132 1880 1264 1944 Habeat
1278 1902 1354 1945 eum
1369 1888 1429 1943 etr.
1525 1894 1526 1933 ἐ

240 1979 333 2048 1477.
436 1981 563 2047 'Assisa
576 1984 670 2048 uenit
684 1985 890 2071 recognitum
904 1984 932 2050 si
947 1984 1083 2049 Matillis
1097 1983 1165 2049 filia
1175 1983 1359 2049 Eadmundi
1372 1990 1468 2047 mater

246 2083 319 2122 nm.
371 2086 502 2151 Rioardi
517 2087 694 2153 Camerarii
709 2088 772 2153 fuit
787 2088 899 2153 saisita
913 2089 947 2153 in
962 2088 1122 2153 dominico
1136 2110 1195 2153 suo
1209 2096 1250 2153 nt
1265 2088 1305 2153 de
1325 2086 1417 2152 feodo
1434 2086 1467 2151 de

371 2188 476 2255 tribus
496 2190 579 2255 acris
601 2202 686 2255 terre
708 2199 743 2255 et
764 2191 841 2257 dim.
857 2214 932 2255 cum
953 2198 1032 2277 pert.
1048 2190 1083 2255 in
1103 2190 1327 2255 Westhamme
1347 2189 1398 2254 die
1413 2210 1467 2275 qno

370 2300 440 2369 ete,
470 2315 567 2378 quam
598 2301 718 2358 terram
747 2292 931 2359 Willelmns
959 2294 1001 2359 de
1031 2293 1226 2359 stratfordia
1255 2301 1353 2358 tenet.
1411 2292 1467 2371 Qui

371 2396 464 2462 uenit
487 2405 523 2463 et
544 2406 640 2463 uocat
662 2398 737 2464 inde
759 2398 802 2463 ad
823 2407 1003 2463 warantum
1025 2398 1189 2463 Abbatem
1212 2397 1253 2463 de
1277 2396 1466 2463 Stmtfordia

370 2500 437 2581 Qui
452 2502 544 2567 uenit
558 2510 593 2568 et
608 2502 640 2568 ei
654 2504 842 2570 warantizat
857 2512 891 2570 et
907 2504 986 2569 dicit
1001 2502 1087 2591 quod
1101 2502 1201 2570 assisa
1216 2525 1282 2568 non
1293 2502 1388 2568 debet
1398 2500 1465 2566 inde

370 2605 449 2683 fieri,
464 2605 541 2690 quia
554 2606 717 2672 Robertus
731 2616 825 2692 pater
838 2606 940 2692 ipsius
954 2606 1084 2672 Ricardi
1105 2606 1197 2672 ouius
1218 2606 1312 2672 heres
1331 2605 1397 2691 ipse
1416 2613 1466 2678 ost,

370 2707 462 2772 dedit
490 2708 601 2774 domui
623 2731 681 2774 sue
707 2711 941 2776 terramillam
967 2711 1003 2775 in
1028 2710 1164 2776 liberam
1189 2710 1395 2776 elemosinam
1418 2729 1467 2793 per
1527 2707 1528 2750 7

370 2819 492 2877 cartam
507 2836 599 2878 suam
614 2836 711 2899 quam
727 2815 848 2899 profert
863 2825 897 2881 et
912 2838 976 2902 que
986 2795 1056 2881 *hoo
1077 2823 1226 2895 testatur,
1241 2824 1276 2881 et
1296 2815 1371 2881 dicit
1390 2811 1467 2900 qnod

370 2914 469 2979 debet
483 2916 572 2981 illam
588 2917 619 2982 ei
633 2919 847 2984 warentizare.

437 3019 481 3083 Et
502 3019 660 3085 Ricardus
681 3020 761 3085 dicit
783 3022 870 3109 quod
893 3032 943 3088 est
968 3023 1052 3088 infra
1077 3031 1200 3089 etatem
1226 3033 1261 3090 et
1288 3022 1369 3111 quod
1391 3019 1467 3108 petit

371 3123 522 3189 seisinam
550 3125 591 3190 de
617 3134 721 3190 morte
746 3127 860 3192 matris
886 3150 943 3192 sue
973 3135 1008 3192 et
1037 3150 1101 3192 non
1130 3127 1171 3192 de
1201 3136 1304 3214 patre,
1332 3135 1364 3194 et
1390 3124 1465 3212 petit

370 3227 528 3293 iudicium
550 3229 578 3293 si
600 3237 731 3315 propter
752 3231 813 3296 hoc
834 3232 952 3296 debeat
972 3232 1071 3296 assisa
1091 3254 1265 3298 remanere.
1311 3233 1353 3297 Et
1367 3230 1466 3296 abhas

371 3332 451 3396 dicit
471 3332 557 3417 quod
576 3331 612 3396 in
634 3333 706 3398 uita
726 3335 839 3399 matris
861 3357 918 3400 sus
940 3335 1032 3400 dedit
1054 3335 1217 3402 Robertus
1239 3345 1332 3422 pater
1352 3331 1463 3401 sunsei

371 3445 491 3502 terram
505 3437 596 3502 illam
610 3446 645 3502 et
660 3439 746 3523 quod
761 3439 898 3504 Matillis
913 3463 977 3504 non
992 3441 1074 3505 obiit
1088 3441 1164 3506 inde
1179 3441 1300 3506 saisita
1343 3439 1382 3504 Et
1395 3435 1464 3500 ideo

371 3543 608 3608 consideratum
622 3551 673 3608 est
688 3545 774 3628 quod
787 3545 888 3610 assisa
901 3545 1063 3631 procedat.

435 3647 459 3712 J
460 3654 604 3710 uratores
624 3644 739 3710 dicunt
757 3648 846 3733 quod
868 3647 1005 3712 Matillis
1026 3647 1108 3713 obiit
1130 3647 1242 3712 saisita
1264 3655 1303 3712 ut
1323 3647 1361 3712 de
1379 3641 1466 3708 feodo

372 3749 431 3814 tali
445 3748 540 3814 modo
555 3748 641 3836 quod
656 3749 708 3814 uir
721 3771 800 3814 suus
816 3760 894 3816 tuno
909 3752 1002 3830 uixit,
1015 3759 1049 3816 et
1065 3761 1152 3816 terra
1165 3751 1223 3816 illa
1238 3751 1302 3816 fuit
1316 3745 1466 3814 hereditas

372 3853 473 3938 ipsius
496 3852 674 3929 Matillidis,
690 3862 725 3919 et
747 3855 833 3940 quod
856 3854 1013 3921 Ricardus
1035 3863 1086 3921 est
1108 3855 1274 3942 proximus
1295 3854 1377 3920 heia
1397 3849 1468 3914 eius

371 3967 430 4024 ete

240 4076 331 4140 1478,
435 4061 561 4127 'Assisa
575 4063 669 4128 uenit
683 4065 888 4152 recognitnra
902 4065 930 4130 si
945 4063 1106 4131 Radulfus
1120 4063 1161 4130 de
1175 4057 1359 4152 Gogeshale‘
1370 4065 1467 4143 pater

249 4177 318 4216 Eue*
371 4164 506 4231 Roberti
530 4167 593 4232 suit
616 4167 747 4234 seisitus
770 4170 806 4234 in
829 4169 989 4236 dominico
1014 4192 1074 4234 suo
1096 4178 1135 4234 ut
1160 4167 1202 4234 de
1229 4167 1317 4233 feodo
1340 4162 1374 4228 de
1405 4157 1468 4224 ns

469 4304 611 4356 ¹A.m.3.
981 4307 1151 4359 ’amad

469 4369 480 4400 ¹
495 4370 526 4419 Δ.
538 4385 573 4421 m.
585 4374 601 4420 3
611 4370 637 4422 d.
982 4374 993 4406 ⁴
1011 4373 1146 4436 degradat,
1158 4372 1189 4423 Δ.
