3167 5075
343 366 406 431 252
562 376 679 430 cosin
701 367 887 441 anenno.
907 361 1069 439 ,1237-8,
1091 376 1153 427 aa
1177 364 1226 425 22

342 550 543 639 presentauit
558 551 708 618 ultimam'
722 549 969 637 personamque
992 558 1121 615 mortua
1139 549 1192 614 cst
1213 547 1255 613 ad
1276 545 1445 613 ecclesiam

341 654 382 720 de
405 655 526 743 Magna
546 655 790 743 Welsingeham
812 676 877 741 que
897 653 995 719 uacat
1016 662 1051 718 et
1076 653 1170 718 cuins
1197 650 1446 718 aduocacionem

341 758 434 823 Dom.
462 760 531 824 Rex
557 759 639 823 dicit
664 759 705 825 ad
731 780 765 823 se
792 758 955 843 pertinere
979 758 1106 823 racione
1132 756 1278 822 custodie
1301 764 1389 821 terre
1412 764 1448 819 et

342 862 469 927 heredis
488 862 537 927 (1.ι
553 861 691 929 Comitis
706 860 907 927 Glcucestrie
921 860 956 925 in
970 882 1069 925 manu
1084 882 1144 926 sua
1157 858 1329 925 existentis
1342 866 1405 923 etc

179 979 243 1064 „m”
277 980 329 1057 ⁰„
407 966 451 1030 Et
480 966 570 1032 Prior
598 964 638 1031 de
668 964 912 1052 Walsingeham
941 964 1035 1030 uenit
1063 973 1099 1029 et
1132 964 1212 1030 dicit
1246 963 1334 1049 quod
1371 984 1446 1028 cum

216 1027 276 1103 ἔμ’·
341 1069 513 1155 aliquando
528 1069 693 1135 contencio
705 1076 790 1134 esset
801 1068 887 1134 inter
899 1069 1073 1136 Ricardum
1085 1068 1247 1135 Comitem
1258 1068 1446 1133 Hertsordie

342 1179 376 1237 et
387 1172 530 1238 Priorem
540 1173 582 1238 de
593 1172 733 1239 Binham
744 1194 842 1259 super
852 1172 1002 1238 ultimam
1013 1172 1289 1258 presentacionem
1300 1171 1446 1237 ciusdem

342 1275 474 1342 ecclesie
496 1275 629 1342 tandem
651 1276 856 1363 recuperauit
876 1276 964 1341 idem
985 1276 1143 1343 Ricardus
1171 1277 1324 1341 seisinam
1352 1298 1446 1341 suam

341 1402 400 1467 per
424 1380 556 1446 assisam
581 1380 698 1445 ultime
719 1378 970 1466 presentacionis
993 1378 1155 1445 intereos
1173 1388 1312 1465 captam,
1331 1387 1369 1445 et
1386 1379 1449 1445 du·

342 1492 435 1549 rente
454 1484 574 1570 placito
593 1484 649 1548 illo
663 1483 750 1548 inter
763 1506 819 1549 cos
832 1484 856 1548 J
856 1482 998 1547 ohannes
1012 1482 1053 1547 de
1069 1482 1157 1568 Gray
1169 1490 1249 1548 tunc
1269 1480 1448 1568 Episcopus

342 1585 571 1652 Norwiccnsis⁸
598 1587 738 1653 contulit
766 1585 933 1652 ecclesiam
962 1586 1053 1651 illam
1079 1586 1217 1652 Ricardo
1241 1586 1283 1651 de
1308 1587 1448 1652 Maricoo

342 1690 468 1755 racione
483 1690 616 1757 concilii.
661 1691 706 1756 Et
720 1698 892 1778 postquam
906 1689 993 1755 idern
1014 1690 1131 1757 comes
1149 1690 1301 1757 seisinam
1320 1692 1372 1757 ita
1388 1712 1449 1757 sne

342 1793 564 1861 eduoeacionis
578 1790 826 1880 recupereuerat
840 1794 932 1859 dedit
946 1794 1113 1860 ecclesiam
1127 1794 1218 1860 illam
1231 1794 1395 1861 canonicis
1404 1794 1448 1860 de

233 1946 235 1951 .
344 1896 585 1985 Wclsingeham
615 1905 649 1963 et
678 1897 811 1963 ecclesie
840 1898 876 1962 B.
908 1896 1010 1963 Marie
1039 1896 1080 1962 de
1102 1897 1346 1984 Walsingeham
1364 1896 1371 1986 Ι
1389 1920 1449 1984 per

342 2009 464 2068 cartem
479 2020 572 2065 suam
587 2020 684 2086 quam
699 1998 785 2065 idem
802 1999 894 2065 Prior
909 2000 1039 2085 profert,
1060 2008 1096 2064 et
1115 2022 1179 2086 que
1199 2008 1341 2066 testetur
1361 2000 1449 2087 qnod

342 2107 400 2171 dat
422 2114 457 2171 et
477 2113 567 2170 carta
595 2126 655 2169 suc
682 2104 851 2169 confirmat
880 2104 940 2170 deo
970 2112 1030 2170 etc
1060 2104 1226 2170 ecclesiam
1256 2105 1297 2170 de
1326 2107 1449 2194 Magna

343 2207 588 2294 Walsingehem
600 2229 674 2272 cum
688 2206 838 2271 omnibus
852 2214 934 2292 pert.
949 2207 1017 2272 suis
1035 2206 1070 2272 in
1090 2214 1282 2293 perpetuam
1302 2210 1449 2275 elemosi-

342 2336 418 2379 nam
447 2334 505 2398 pro
540 2312 645 2377 salute
681 2309 789 2376 anime
826 2333 884 2376 sue
920 2318 981 2376 etc
1024 2311 1151 2377 Profert
1185 2313 1289 2379 eciam
1324 2326 1446 2381 cartam

342 2415 492 2481 Pandulfi
515 2414 679 2501 quondam
702 2412 917 2479 Norwicensis
942 2413 1063 2479 Electi‘
1087 2413 1122 2480 in
1147 2414 1207 2480 hec
1229 2416 1340 2496 uerba,
1362 2418 1446 2485 Oum

344 2520 381 2586 R.
405 2519 521 2587 Comes
545 2518 587 2585 de
617 2518 805 2584 Hertfordia
832 2517 885 2583 ius
913 2527 1104 2604 patronatus
1132 2520 1218 2607 qnod
1247 2520 1283 2587 in
1312 2522 1446 2590 ecclesia

344 2626 377 2692 S.
397 2625 487 2692 Petri
504 2624 544 2690 de
564 2623 687 2711 Magne
702 2623 944 2710 Walsingehcm
964 2623 1107 2689 habebat
1127 2624 1258 2691 duxerit
1271 2627 1447 2693 conceden-

343 2729 421 2794 dum
445 2727 547 2793 Priori
570 2733 605 2792 et
628 2723 787 2790 cononicis
812 2726 844 2790 S.
869 2725 971 2790 Marie
995 2725 1035 2791 de
1059 2726 1300 2814 Walsingeham
1320 2752 1444 2795 conces·

343 2832 466 2898 sionem
486 2831 576 2897 illam
594 2839 698 2895 ratem
719 2836 754 2896 et
774 2838 902 2918 gratam
921 2830 1044 2896 habens
1062 2833 1230 2898 confirmat
1251 2835 1443 2900 auctoritate

244 3001 247 3016 ,
343 2960 403 3002 sua
427 2945 485 3002 etc
531 2935 621 3000 Dicit
644 2933 747 3000 eciem
772 2932 860 3020 quod
888 2956 963 2998 cum
992 2942 1138 3020 tempore
1161 2935 1261 3022 Regis
1289 2937 1444 3002 Johannis

344 3053 379 3106 et
404 3049 548 3126 tempore
574 3061 689 3126 guerre
715 3038 918 3124 contingeret
947 3037 1114 3103 ecclesiam
1143 3037 1233 3103 illam
1262 3061 1376 3105 uacare
1402 3039 1442 3104 ad
1540 3034 1541 3065 ¹

344 3144 594 3232 resignacionem
610 3142 747 3230 predicti
762 3141 893 3206 Ricardi
907 3141 948 3206 de
964 3141 1101 3208 Matisco
1123 3151 1202 3208 tunc
1224 3143 1441 3210 Dunholmen-

296 3324 300 3340 ι
344 3250 388 3314 sis
402 3247 552 3335 Episcopi
567 3247 705 3312 contulit
720 3270 792 3312 cam
809 3246 920 3311 Gwala
933 3254 1013 3311 tunc
1028 3247 1157 3334 legatus
1175 3249 1306 3316 cuidssn
1325 3252 1441 3317 Thome

300 3345 302 3353 ⁸
345 3353 538 3418 auctoritate
558 3350 732 3438 legacionis
751 3373 809 3416 sne
825 3349 881 3437 qui
896 3348 1013 3415 ultimo
1027 3349 1110 3416 obiit
1125 3373 1263 3438 persona
1276 3355 1311 3420 in
1325 3355 1439 3421 eadem.

346 3458 389 3522 Et
419 3456 505 3521 unde
532 3453 613 3519 dicit
650 3454 736 3542 quod
772 3475 940 3540 nunquam
975 3454 1180 3539 postmodum
1217 3466 1327 3542 preter
1359 3479 1439 3523 nunc
1540 3446 1541 3499 3

345 3571 489 3644 tempore
504 3559 592 3643 pacis
606 3557 737 3622 uacauit
752 3556 800 3621 ita
814 3556 916 3642 quod⁶
930 3577 1002 3620 eam
1017 3566 1202 3642 presentare
1217 3569 1331 3645 posset
1540 3554 1541 3559 ’

359 3695 369 3754 9
410 3663 454 3726 Et
479 3683 576 3747 super
601 3660 660 3726 hoc
690 3659 782 3725 uenit
812 3658 903 3723 Prior
930 3658 971 3723 de
1000 3659 1161 3724 Dinham‘
1189 3670 1225 3726 et
1252 3660 1438 3748 dicitquod

346 3763 503 3828 medietas
516 3761 737 3828 aduocacionis
750 3759 839 3825 illius
853 3759 986 3826 ecclesie
1000 3783 1076 3826 cum
1090 3763 1235 3828 cantaria
1249 3765 1383 3851 pertinet
1394 3763 1438 3827 ad
1540 3780 1541 3783 ’

347 3867 461 3952 ipsum,
491 3866 568 3952 quic
593 3887 706 3930 reuera
731 3873 876 3950 tempore
902 3864 1037 3930 Henrici
1062 3865 1163 3953 Regis
1188 3867 1289 3933 senis'
1313 3867 1436 3954 quidam

347 3971 493 4056 Rogems
507 3969 548 4034 de
563 3968 708 4033 Valoniis
721 3969 810 4033 inter
823 3969 931 4054 plures
945 3968 1136 4034 donaciones
1151 3992 1232 4056 quas
1246 3971 1321 4037 fecit
1333 3970 1387 4035 deo
1399 3976 1438 4033 et
1540 4002 1541 4007 κ

381 4159 390 4191 ¹
408 4157 507 4208 Gilbcrt
516 4156 544 4205 of
550 4157 631 4218 Clare,
643 4155 705 4206 llarl
714 4154 743 4205 ol
750 4155 870 4205 Gloucec·
953 4158 965 4190 ⁴
980 4157 1064 4207 Elect.
1077 4157 1152 4216 1218;
1170 4171 1270 4208 consec.
1283 4158 1350 4206 1222.

349 4227 387 4275 ter
397 4222 450 4274 and
460 4221 593 4271 Hertford.
953 4221 1082 4286 lSupply
1092 4224 1135 4271 ad.

380 4289 392 4322 ²
407 4289 446 4351 By
468 4287 512 4337 the
534 4285 643 4350 copyist.
677 4284 805 4348 Probably
826 4284 872 4336 the
953 4286 964 4319 ⁸
980 4287 1049 4338 (tort.
1061 4288 1180 4348 Birthon,
1193 4286 1221 4338 in
1233 4287 1347 4346 Norlolk3
1361 4283 1435 4334 scell

348 4369 407 4406 cccc
417 4367 503 4403 comcs
514 4353 580 4401 from
592 4351 636 4400 the
644 4351 693 4400 roll
701 4351 779 4400 lorA.
787 4351 817 4402 Β.
829 4353 869 4400 21.
921 4353 951 4402 of
960 4352 987 4402 8.
998 4351 1105 4402 Albane.

381 4421 391 4452 ³
406 4419 437 4466 Δ.
449 4417 481 4467 D.
495 4416 663 4466 1200-1214.
953 4417 968 4450 ⁷·
980 4417 1069 4479 chry
1081 4416 1100 4468 L
