3167 5075
314 408 357 479 70
626 424 768 487 mmm,
790 424 854 474 nn.
879 412 972 488 1225,
995 425 1057 475 sn
1081 414 1109 477 9.

313 608 453 685 quatuor
470 598 615 665 maneria
635 596 781 685 predicta
802 621 878 663 eum
899 597 1049 663 omnibus
1070 598 1278 684 pertinenciis
1299 599 1367 665 suis
1386 599 1422 666 ci

312 704 454 770 reddidit
470 712 504 769 et
519 703 610 768 dedit
625 712 660 769 et
674 702 831 769 concessit
845 700 908 768 sibi
924 711 959 767 et
973 702 1147 768 heredibus
1161 703 1228 768 suis
1242 703 1283 768 de
1302 703 1420 768 eodem

312 804 405 869 Dom.
432 804 522 891 Rege
546 813 581 868 et
610 803 783 869 heredibus
811 802 879 869 suis
908 804 1051 868 tenenda
1079 826 1154 868 cum
1183 804 1258 869 soch
1289 812 1358 883 etc,
1380 812 1420 869 et

311 905 458 972 concedit
473 906 504 972 ei
519 906 628 970 omnia
648 914 837 971 tenemento
856 928 915 971 sua
934 906 975 971 de
996 906 1217 992 cuiuscunque
1239 906 1331 971 feodo
1350 907 1420 971 sint

312 1032 374 1097 que
396 1009 637 1075 racionabiliter
663 1008 852 1096 adquisiuit‚
874 1032 973 1095 quare
1003 1010 1077 1074 uult
1102 1018 1162 1074 etc.
1208 1008 1307 1075 Unde
1329 1010 1421 1074 idem

312 1113 428 1180 Comes
442 1113 522 1179 dicit
537 1114 621 1200 quod
637 1112 732 1179 Dom.
747 1113 819 1177 Rex
835 1113 934 1178 debet
954 1113 1036 1178 illud
1056 1114 1236 1178 manerium
1251 1114 1282 1179 ei
1297 1136 1420 1179 waren-

312 1216 411 1282 tizare
446 1225 481 1282 et
514 1217 543 1281 si
571 1216 661 1282 curia
689 1217 941 1283 considerauen't
970 1218 1057 1304 quod
1086 1240 1183 1304 super
1211 1217 1271 1283 hoc
1298 1218 1421 1284 debeat

312 1320 503 1405 respondere
529 1320 616 1385 dicet
642 1320 731 1385 aliud
757 1328 791 1385 et
817 1320 1016 1385 sufficienter
1040 1320 1190 1385 ostendet
1215 1320 1301 1407 quod
1329 1321 1419 1386 idern

313 1424 497 1489 Willelmus
518 1425 646 1489 nullum
667 1424 718 1489 ius
740 1425 848 1490 habet.

379 1528 423 1591 Et
442 1526 626 1593 Willelmus
648 1528 728 1593 dicit
750 1529 836 1614 quod
858 1537 948 1593 carta
968 1528 1026 1593 illa
1047 1550 1112 1593 non
1133 1528 1232 1593 debet
1254 1528 1286 1593 ei
1304 1550 1420 1593 nocere

314 1629 391 1714 quia
409 1628 480 1713 ipsa
501 1628 588 1694 facta
606 1629 669 1694 fuit
689 1637 835 1716 tempore
854 1652 970 1717 guerre
985 1630 1086 1717 Regis
1100 1629 1260 1716 Stephani
1275 1638 1309 1695 et
1323 1631 1419 1694 Dom.

314 1733 385 1797 Rex
414 1733 577 1799 Henricus
602 1733 692 1798 illam
718 1735 796 1800 lecit
818 1756 876 1821 per
897 1735 1104 1800 uoluntatem
1129 1756 1223 1799 suam
1246 1743 1282 1800 et
1305 1741 1421 1799 contra

314 1837 476 1902 iusticiam
506 1838 583 1924 quia
611 1860 694 1903 auus
722 1861 801 1904 suus
831 1840 915 1904 obiit
942 1839 1020 1904 inde
1048 1839 1179 1905 seisitus
1208 1848 1243 1903 et
1271 1848 1423 1924 preterea

315 1940 500 2005 continetur
520 1941 556 2005 in
577 1950 667 2007 carta
688 1942 774 2028 quod
796 1943 944 2008 concedit
963 1943 995 2007 ei
1018 1944 1127 2008 omnia
1146 1951 1335 2009 tenemento
1354 1964 1421 2028 que

314 2044 553 2114 racionabiliter
574 2045 754 2132 adquisiuit
783 2055 819 2110 et
840 2068 906 2109 non
928 2045 1109 2133 adquisiuit
1133 2046 1216 2111 illud
1237 2045 1421 2111 manerium

314 2147 551 2213 racionabiliter
565 2156 601 2213 et
615 2148 688 2214 ideo
702 2172 767 2213 non
781 2148 881 2215 debet
895 2158 985 2214 carta
999 2149 1031 2214 ei
1045 2172 1166 2215 nocere.

183 2262 275 2329 1037,
379 2248 416 2313 Ἦ
418 2257 512 2315 urata
533 2251 627 2315 uenit
648 2250 855 2339 recognitum
875 2259 986 2316 utrum
1009 2260 1188 2317 mercatum
1207 2250 1340 2316 Ricardi
1358 2250 1423 2315 filii

191 2362 262 2405 ΡΜ
316 2354 456 2419 Simonis
471 2356 512 2420 de
526 2354 703 2420 Dunrawe'
718 2355 762 2420 sit
781 2355 824 2420 ad
844 2355 1093 2420 nocumentum⁸
1107 2354 1145 2422 G.
1161 2355 1250 2421 Oom’
1267 2354 1422 2421 Glauces-

258 2534 261 2538 .
315 2458 378 2523 trie
404 2466 439 2524 et
465 2459 667 2524 Hertfordie⁴
689 2458 729 2525 de
752 2459 980 2525 Bcrdefeldia⁶.
1025 2460 1070 2523 Et
1091 2459 1249 2525 Ricardus
1270 2458 1362 2523 uenit
1384 2467 1424 2523 et

315 2562 395 2627 dicit
421 2562 507 2648 quod
534 2562 702 2649 inquisicio
725 2585 789 2628 non
812 2563 910 2628 debet
934 2563 1011 2627 inde
1034 2562 1105 2627 fieri
1130 2562 1208 2647 quia
1230 2563 1323 2627 Dom„
1347 2562 1423 2627 Rex

314 2665 469 2730 concessit
485 2666 515 2730 e'i
531 2675 709 2732 mercatum
724 2663 822 2733 suum
841 2667 929 2754 apud
949 2668 1112 2732 Dunrawe
1126 2689 1186 2752 per
1199 2667 1286 2732 diem
1303 2665 1424 2731 Martis

314 2769 342 2833 si
364 2792 429 2834 non
451 2777 535 2835 esset
557 2770 599 2835 ad
620 2780 853 2836 nocumentum
875 2771 1055 2836 uicinorum
1074 2779 1289 2835 mercatorum
1308 2778 1343 2834 et
1361 2792 1425 2855 per

314 2872 538 2938 uicecomitem
560 2874 646 2940 facta
667 2875 732 2940 suit
758 2874 930 2961 inquisicio
951 2897 1010 2961 per
1032 2882 1098 2939 tres
1123 2872 1308 2939 hundredos
1333 2875 1425 2959 quod

314 2995 378 3038 non
400 2975 463 3040 fuit
484 2975 526 3040 ad
552 2985 785 3042 nocumentum
807 2976 944 3042 alicuius
962 2977 1109 3055 mercati,
1131 2975 1218 3041 unda
1239 2984 1423 3041 mercatum

314 3100 408 3142 suum
429 3079 459 3143 ei
481 3080 635 3145 remansit
657 3081 726 3146 sine
748 3080 885 3146 alicuius
907 3080 1162 3146 contradiccione
1182 3087 1218 3145 et
1238 3089 1423 3145 mercatum

315 3179 452 3246 Comitis
475 3191 525 3248 est
546 3206 605 3270 per
627 3184 729 3250 alium
749 3183 846 3264 diem,
861 3185 927 3250 scil.
942 3207 1001 3271 per
1019 3185 1107 3250 diem
1129 3185 1274 3263 sabbati,
1289 3193 1325 3250 et
1346 3185 1423 3251 ideo

313 3285 399 3370 petit
423 3285 580 3351 iudicium
603 3287 631 3352 si
655 3311 753 3374 super
776 3288 1023 3374 inquisicionem
1044 3289 1134 3374 prius
1160 3288 1278 3354 factam
1300 3287 1424 3353 debeat

314 3389 378 3452 alia
402 3389 573 3480 inquisicio
598 3391 670 3456 fieri
697 3391 825 3457 desicut
850 3400 929 3457 sunt
957 3415 1016 3478 per
1044 3393 1188 3458 diuersos
1217 3391 1293 3457 dies
1337 3391 1424 3457 Dies

314 3491 410 3556 datus
425 3501 476 3558 est
490 3495 564 3560 etc.⁸

379 3595 458 3660 Dies
477 3597 573 3664 datus
594 3607 644 3664 est
658 3599 823 3665 Willelmo
843 3600 884 3666 de
899 3601 1105 3665 Windesores
1124 3608 1159 3665 et
1181 3599 1343 3686 campioni
1360 3623 1424 3666 suo

266 3739 271 3750 ·
314 3697 371 3782 qui
396 3699 489 3763 uenit
514 3709 657 3766 armatus
686 3725 799 3768 uersus
828 3703 1094 3768 Bartholomeum
1123 3702 1164 3767 de
1195 3701 1350 3768 Chiltona
1377 3703 1423 3769 de

314 3801 433 3886 placito
448 3809 532 3868 terre
547 3812 586 3869 ut
600 3805 641 3870 de
656 3806 709 3870 die
730 3807 764 3870 in
778 3807 866 3872 diem
882 3806 917 3871 in
932 3806 1071 3871 crastino
1088 3805 1188 3872 Puris.
1204 3807 1241 3871 B.
1257 3806 1360 3871 Mar-ie
1381 3830 1424 3872 eo

315 3905 401 3990 quod
427 3904 673 3974 Bartholomeus
701 3911 829 3975 nullum
858 3911 1060 3997 campionem
1089 3911 1243 3996 produxit
1272 3910 1352 3997 quia
1380 3921 1426 3977 ut

314 4007 399 4072 dixit
413 4011 558 4076 recessit⁷
572 4015 614 4078 ab
635 4036 673 4080 eo
692 4038 751 4101 per
772 4017 933 4103 premium
955 4014 1042 4101 quod
1063 4014 1267 4080 aduersarius
1288 4036 1367 4078 suus
1389 4015 1424 4080 ei

314 4111 426 4177 dedite
471 4114 525 4178 Ad
554 4115 641 4182 diem
670 4118 763 4184 illum
794 4120 872 4206 quia
895 4118 1144 4184 Bartholomeus
1169 4140 1234 4183 non
1263 4117 1424 4203 produxit

345 4259 402 4310 ¹B.
415 4273 451 4309 nr.
463 4261 487 4312 2.
921 4262 1080 4314 'Bardflcld
1090 4264 1139 4312 not
1150 4261 1190 4312 lar
1200 4261 1269 4312 from
1280 4261 1425 4316 Dnnrnow.

346 4323 517 4385 'Dunnrawe
529 4325 561 4376 B.
922 4328 1083 4380 ‘SeeBnt
1099 4330 1156 4377 235.

345 4390 593 4453 'Supplymercatt
605 4393 635 4442 B.
922 4391 1376 4456 ⁷Thechsmpionchengedsides.

345 4457 356 4488 ⁴
372 4455 473 4506 Gilbert
483 4456 513 4506 of
521 4457 602 4508 Clare.
921 4461 932 4494 ⁸
950 4461 990 4510 No
1001 4464 1061 4524 stop
1072 4459 1100 4509 in
1112 4459 1168 4509 ΜΒ.
