3167 5075
321 404 381 465 152
535 414 652 465 conam
674 416 773 477 anon,
797 415 860 466 un.
885 403 1045 477 1235-6,
1070 417 1133 465 aa
1159 403 1209 467 20.

319 612 417 677 quam
446 590 534 655 idem
560 589 752 676 Radulphus
778 588 887 655 tenuit
912 589 947 653 in
974 588 1162 668 Newetona,
1186 598 1237 655 set
1261 614 1430 678 nunquam

321 694 470 761 uendidit
494 694 640 781 predicto
664 695 808 761 Johanni
832 694 873 759 de
897 695 1038 760 Breante
1064 694 1274 783 maritagium
1303 696 1432 761 heredis

320 799 457 885 predicti
480 798 652 886 Radulphi.
698 800 742 865 Et
762 800 840 887 quia
859 799 1045 865 conuictum
1065 807 1116 866 est
1130 822 1189 886 per
1202 800 1431 887 probacionem

320 904 407 990 quod
435 905 530 991 plene
560 904 657 969 etatis
687 913 737 969 est
767 911 802 969 et
830 902 917 990 quod
946 903 1111 991 predictus
1140 903 1246 969 Adam
1282 904 1432 992 capitalis

321 1007 470 1073 dominus
490 1008 592 1095 ipsius
616 1007 781 1095 Radulphi
801 1029 866 1071 non
885 1006 1037 1073 uendidit
1057 1007 1202 1073 Johanni
1223 1006 1264 1073 de
1287 1008 1431 1074 Breaute

321 1112 384 1177 nisi
419 1120 549 1177 tantum
584 1111 764 1177 custodiam
800 1119 885 1176 terre
919 1112 990 1177 sine
1018 1112 1191 1200 maritagio
1220 1121 1255 1178 et
1284 1114 1434 1179 custodia

322 1216 459 1303 predicti
474 1216 610 1293 heredia,
625 1224 659 1281 ct
676 1217 752 1302 quia
766 1216 860 1281 Dom.
876 1218 947 1282 Rex
967 1240 1027 1283 nec
1047 1218 1164 1304 aliquis
1184 1240 1243 1305 per
1261 1241 1337 1283 eum
1357 1219 1434 1305 plus

322 1320 440 1385 habere
455 1327 564 1405 potest
578 1319 612 1383 in
627 1317 716 1384 dicta
730 1319 877 1385 custodia
891 1342 988 1406 quam
1004 1321 1027 1385 J
1028 1320 1171 1386 ohannes
1185 1321 1292 1386 dictus
1306 1321 1434 1399 habuit,

324 1446 382 1489 nec
405 1424 506 1489 eciam
528 1423 614 1489 idem
637 1423 832 1511 Radulphus
854 1425 889 1489 in
911 1425 1020 1512 aliquo
1043 1424 1203 1512 deliquid¹
1232 1448 1309 1513 erga
1336 1426 1435 1493 Dom.

323 1529 447 1615 Regem
477 1528 563 1613 quod
598 1550 632 1593 se
662 1528 824 1594 subtraxit
854 1529 895 1595 de
924 1528 1072 1595 custodia
1100 1529 1245 1595 eiusdem
1275 1529 1435 1595 Willelmi

324 1640 483 1720 quantum
517 1632 559 1696 ad
593 1633 802 1720 maritagium
831 1633 983 1720 pertinet,
1013 1633 1085 1699 ideo
1115 1634 1352 1700 consideratum
1383 1646 1435 1702 est

324 1734 409 1823 quod
425 1736 588 1822 predictus
603 1736 796 1823 Radulphus
810 1747 979 1825 recuperet
999 1738 1151 1803 saisinam
1172 1761 1264 1803 suam
1284 1740 1325 1805 de
1347 1750 1436 1807 terra

324 1863 383 1907 sua
409 1840 493 1906 sicut
516 1841 571 1907 ille
598 1844 655 1928 qui
681 1844 775 1928 plene
799 1844 897 1909 etatis
919 1852 969 1909 est
991 1852 1025 1909 et
1047 1843 1231 1909 Willelmus
1252 1846 1287 1909 in
1309 1846 1434 1911 miseri-

324 1944 440 2023 cordia,
455 1952 489 2010 et
505 1945 564 2011 fiat
583 1946 754 2033 inquisicio
769 1946 856 2033 quod
871 1955 1002 2013 uastum
1018 1947 1105 2013 idem
1120 1946 1304 2015 Willelmus
1320 1951 1435 2017 fecerit

324 2050 360 2116 in
374 2049 487 2115 eadem
502 2058 589 2116 terra
603 2060 638 2116 et
653 2052 765 2117 ueniat
780 2052 950 2139 inquisicio
965 2052 1025 2117 tali
1039 2051 1092 2118 die
1107 2061 1168 2117 etc.

390 2154 598 2241 'Preceptum
614 2162 664 2221 est
679 2155 862 2221 uicecomiti
882 2154 1095 2221 Middlesexie
1116 2155 1202 2243 qnod
1220 2155 1318 2221 faciat
1331 2156 1436 2222 inter-

324 2280 435 2344 rogare
459 2257 660 2324 Willelmum
686 2258 727 2324 de
751 2259 896 2339 Marisco,
920 2259 1105 2325 Johannem
1129 2259 1260 2325 Gabbae
1289 2269 1323 2325 et
1353 2262 1435 2326 alios

326 2368 385 2425 etc.
409 2367 444 2423 et
466 2357 564 2424 infra⁸
586 2368 620 2425 et
643 2360 788 2447 utlagare
814 2383 873 2447 pro
895 2370 999 2427 morte
1024 2362 1159 2427 Henrici
1182 2362 1333 2428 Clement
1356 2364 1436 2450 quia

325 2464 437 2530 statim
472 2464 626 2552 fugeruut
660 2474 734 2552 post
768 2466 891 2531 factum
926 2467 1009 2532 illud
1038 2476 1098 2532 etc
1143 2467 1187 2532 Et
1216 2468 1363 2555 Rogatus
1392 2470 1435 2535 de

328 2570 464 2636 Matisco
497 2579 531 2636 et
566 2571 602 2637 G.
634 2571 749 2639 Comes
778 2573 986 2638 Mareacallus
1015 2580 1236 2660 cognouerunt
1265 2574 1353 2660 quod
1382 2575 1433 2641 illi

327 2673 459 2738 bierunt
484 2675 526 2739 ad
550 2675 671 2741 factum
694 2676 776 2741 illud
800 2675 978 2742 secundum
1003 2677 1090 2764 qnod
1115 2677 1203 2742 idem
1232 2677 1325 2743 Dona
1354 2680 1435 2748 Rex.

327 2779 532 2845 recordatur‘.

330 3125 540 3191 ROTULUS
590 3125 651 3190 DE
699 3125 906 3192 PLAOITIS
950 3127 1057 3218 Qun·
1096 3127 1435 3210 SEQUEBANTUR

417 3229 523 3296 DOM.
554 3230 710 3295 REGEM
740 3229 989 3297 HENRIOUM
1019 3231 1151 3297 ANNO
1181 3233 1326 3299 REGNI
1358 3235 1435 3302 SUI

418 3334 645 3402 VIOESIMO.

200 3557 293 3620 1133.
395 3551 418 3617 J
420 3552 561 3618 ohannes
575 3551 615 3618 de
632 3553 752 3640 Traylli
766 3553 853 3639 petit
867 3576 980 3619 uersus
994 3554 1176 3619 Walterum
1191 3552 1231 3619 de
1247 3553 1436 3620 Godaruilla

222 3655 273 3695 Μ·
333 3663 398 3722 tres
420 3665 584 3722 carucatas
606 3666 690 3723 terre
713 3681 787 3722 cum
808 3657 1016 3745 pertinenciis
1033 3659 1068 3723 in
1089 3658 1285 3746 Suchgmere
1299 3669 1437 3746 excepta

334 3761 434 3826 tercia
455 3769 547 3848 parte
570 3761 792 3828 aduocacionis
814 3762 947 3828 ecclesie
967 3762 1112 3828 eiusdem
1128 3763 1206 3828 uiile
1221 3772 1260 3827 ut
1273 3763 1326 3828 ius
1340 3787 1436 3829 suum

333 3872 367 3928 et
382 3863 510 3950 inques
525 3887 589 3929 uon
610 3865 725 3930 habuit
747 3866 928 3954 ingressum
950 3867 1013 3932 nisi
1035 3889 1093 3953 per
1113 3867 1314 3932 disseisinam
1336 3891 1435 3956 quam

334 3965 425 4030 Dom.
450 3965 520 4030 Rex
544 3966 621 4031 fecit
643 3966 749 4033 eidem
770 3967 915 4034 Johanni
937 3991 996 4056 per
1016 3970 1220 4035 uoluntatem
1242 3993 1335 4036 suam
1358 3971 1436 4037 dum

366 4145 375 4178 ¹
393 4145 464 4196 Gerr.
477 4147 585 4210 deliquit
598 4146 629 4196 Δ.
908 4147 1044 4198 Marahall.
1055 4147 1437 4210 williamrrasoutlawed,took

367 4209 533 4261 'amaa
910 4213 1232 4276 topiracyandwaaatl
1324 4214 1436 4278 haugen„

367 4275 539 4328 ⁸Sixothers
549 4277 580 4326 Α.
909 4277 1010 4328 Gilbert
1032 4277 1157 4328 Marahall
1184 4285 1230 4340 pro
1307 4279 1351 4329 hia
1378 4296 1435 4331 own

367 4341 508 4394 ‘william
541 4341 630 4392 Marah
661 4341 741 4392 killed
768 4341 860 4406 Henry
909 4343 1059 4394 innocence.
1093 4343 1158 4393 Mat.
1170 4343 1227 4393 Par.
1239 4343 1290 4394 vol.
1302 4347 1326 4404 3,
1339 4360 1366 4408 p.
1378 4348 1434 4405 32⁷,

336 4409 461 4466 (ilement,
489 4407 547 4457 who
575 4407 680 4458 boasted
709 4408 735 4457 ot
762 4407 860 4470 haring
910 4409 960 4460 vol.
976 4411 1000 4468 4,
1012 4424 1038 4472 p.
1051 4409 1156 4459 193-6.
1190 4408 1230 4457 On
1241 4408 1272 4457 A.
1285 4410 1435 4461 m.33d.is

335 4473 484 4539 compassed
493 4473 537 4523 the
546 4471 625 4524 death
637 4473 665 4524 of
674 4472 787 4524 Richard
795 4473 859 4524 Earl
910 4489 945 4524 an
957 4473 1110 4537 interesting
1119 4473 1208 4524 record
1218 4473 1248 4523 oi
1265 4473 1313 4524 the
1323 4476 1435 4527 murder.
