3167 5075
314 392 376 461 172
530 406 649 456 consu
672 405 857 467 111111.
882 390 1201 468 1135-6,111ο.

311 604 368 669 per
390 579 615 647 testimonium
638 578 784 645 eiusdem
806 578 894 644 curie
915 577 957 644 ed
979 578 1110 643 unicam
1132 578 1423 666 interrogacionem

311 683 537 773 utlagabitur¹.
999 742 1002 745 ,

178 791 271 854 1155.
376 787 487 853 Assise
508 786 601 852 uenit
622 785 829 874 recognitum
850 784 878 850 si
898 783 1063 851 Welterus
1086 784 1264 871 Episcopus
1287 786 1422 851 Ksrleo

193 889 254 930 Μ
311 893 409 959 lensis
434 892 554 958 iniuste
578 900 638 956 etc.
664 890 842 957 disseisiuit
866 890 1084 979 Regineldum
1113 890 1155 957 de
1185 892 1364 979 Reghtone
1389 899 1423 958 et

310 996 532 1063 Alexandrum
547 994 587 1061 de
603 994 777 1081 Reghtons
791 1003 865 1081 post
880 1003 942 1061 etc.
988 995 1031 1059 Et
1051 996 1216 1061 Robertus
1236 995 1423 1063 (11111111-

310 1108 389 1165 tone
402 1098 544 1165 belliuus
559 1096 710 1185 Episcopi
725 1097 818 1163 uenit
832 1120 891 1183 pro
906 1119 944 1163 eo
959 1103 995 1163 et
1008 1097 1110 1165 nichil
1124 1097 1206 1164 dicit
1220 1099 1308 1185 quod
1322 1100 1424 1166 assisa

310 1209 483 1267 remaneat

376 1305 545 1371 Jurstores
564 1302 679 1368 dicunt
699 1302 786 1389 quod
807 1302 1008 1389 Reginnldus
1027 1311 1062 1369 et
1077 1304 1264 1371 Alexander
1278 1312 1314 1370 et
1328 1314 1423 1371 ente·
1448 1296 1452 1300 ’

310 1431 449 1476 cessores
478 1429 589 1474 eorum
618 1408 751 1473 fuerunt
780 1406 884 1473 seisiti
913 1406 955 1473 de
984 1415 1176 1475 tenemento
1204 1408 1293 1475 unde
1322 1410 1424 1477 sssiss

311 1513 469 1581 eremiete
492 1519 542 1577 est
565 1511 651 1598 quod
671 1511 819 1577 continet
838 1510 965 1577 circiter
985 1534 1141 1578 11111111
1155 1520 1242 1579 tene
1256 1536 1361 1601 usque
1381 1514 1423 1580 sd

311 1627 441 1705 tempus
464 1638 528 1703 quo
552 1614 690 1702 quedem
712 1615 952 1701 perembulacio
971 1616 1058 1681 fecte
1077 1616 1141 1683 fuit
1156 1640 1215 1703 per
1228 1626 1422 1704 preceptum

311 1723 404 1787 Dom
416 1719 517 1807 Regis
528 1719 614 1783 inter
625 1717 834 1804 Reghtonam
849 1726 885 1783 et
899 1718 1113 1785 Deletonem¹
1126 1718 1176 1785 its
1189 1719 1277 1805 quod
1291 1721 1423 1807 quondo

311 1823 548 1911 pemmbulecio
562 1822 619 1887 ille
633 1822 719 1887 fecte
733 1822 797 1887 fuit
812 1830 975 1887 uenerunt
988 1822 1052 1909 ipsi
1067 1830 1102 1888 et
1122 1822 1360 1909 prohibuerunt
1381 1846 1423 1889 ne

311 1925 548 2015 perambuleoio
570 1925 680 2011 eliqua
700 1924 794 1989 fieret
819 1923 860 1989 de
884 1925 979 1990 terris
1005 1946 1117 1991 eorum
1143 1925 1231 1992 unde
1255 1925 1320 2013 ipsi
1342 1937 1423 1994 tunc

310 2035 443 2099 fuerunt
464 2032 499 2097 in
521 2029 645 2097 seisine
691 2029 736 2094 Et
759 2028 908 2115 ospitalis
931 2029 1126 2109 forestarius,
1148 2038 1184 2097 et
1212 2030 1354 2098 Thomas
1382 2032 1423 2099 de

310 2138 488 2215 Muletone,
499 2135 556 2222 qui
567 2135 713 2201 lecerunt
728 2133 1043 2221 perambulecionem
1054 2134 1153 2214 illum,
1165 2156 1230 2200 uon
1242 2135 1424 2203 omiserunt

310 2242 390 2329 quin
418 2240 728 2328 perambuleuerunt
757 2246 982 2304 tenementum
1011 2237 1196 2325 predictum
1225 2239 1311 2305 sicut
1340 2242 1424 2309 111111

310 2355 420 2424 terres,
434 2346 512 2433 quie
526 2344 680 2411 dixerunt
694 2342 781 2430 quod
796 2352 941 2430 tempore
961 2344 1097 2410 Hernici
1117 2346 1179 2411 filii
1198 2346 1350 2413 Mauricii
1365 2350 1424 2435 qui

311 2453 420 2518 tenuit
443 2452 654 2517 Delestonem
680 2456 715 2515 et
738 2449 796 2535 qui
818 2456 932 2535 postes
954 2448 1045 2515 illurn
1068 2450 1222 2516 forisfecit
1243 2451 1308 2517 fuit
1331 2460 1424 2520 tene·

311 2565 460 2623 mentum
476 2554 559 2620 illud
573 2553 740 2640 pertinens
754 2551 797 2617 ed
812 2552 1031 2619 Delestonsm.
1081 2553 1206 2620 Dicunt
1220 2554 1323 2620 eciem
1336 2557 1425 2643 quod

311 2683 439 2747 semper
452 2667 526 2746 post
546 2656 859 2745 perambuleoionem
879 2657 971 2722 illem
993 2657 1058 2724 11111
1071 2657 1159 2724 idem
1176 2659 1356 2747 Episcopus
1375 2661 1425 2728 ite

311 2765 442 2830 seisitus
465 2763 505 2829 de
532 2769 719 2826 tenemento
745 2759 811 2837 illo,
836 2767 887 2826 set
910 2760 994 2826 bene
1020 2759 1135 2828 dicunt
1159 2762 1247 2850 quod
1275 2773 1424 2852 tempore

312 2869 412 2956 Regis
428 2867 469 2932 H
485 2865 540 2932 eui
560 2864 653 2930 Dom.
669 2863 770 2951 Regis
790 2863 847 2949 qui
866 2884 955 2928 nunc
978 2870 1029 2928 est
1052 2865 1185 2930 luerunt
1204 2875 1425 2934 antecessores

311 2973 363 3040 sui
388 2981 423 3038 et
447 2970 511 3059 ipsi
535 2968 638 3035 seisiti
663 2967 704 3033 de
729 2968 875 3055 predicto
897 2975 1085 3034 tenemento
1107 2977 1147 3036 11
1168 2971 1355 3057 pertinente
1381 2973 1423 3040 sd

312 3075 519 3163 Reghtonem
549 3095 652 3160 usque
681 3072 724 3138 ed
752 3072 1069 3159 perembulecionem
1097 3074 1197 3154 illem,
1226 3076 1277 3143 ite
1310 3088 1425 3145 temen
1555 3144 1556 3153 ,

311 3179 398 3268 quod
421 3179 566 3245 homines
588 3177 630 3244 de
650 3178 829 3244 Delestona
854 3178 1040 3245 habuerunt
1064 3201 1192 3266 semper
1214 3203 1423 3250 communem

310 3309 403 3352 suem
429 3285 465 3349 in
493 3283 615 3370 stipulo
643 3289 717 3368 post
746 3281 844 3348 bledo
867 3282 944 3349 inde
967 3291 1134 3369 asportata
1155 3292 1191 3350 et
1213 3285 1367 3354 similiter
1389 3288 1425 3354 in
1554 3371 1555 3386 χ

310 3388 462 3456 werectis

375 3493 456 3560 Dies
478 3491 575 3557 dotus
597 3496 649 3556 est
671 3489 717 3554 eis
737 3487 777 3554 de
800 3488 961 3555 audiendo
980 3489 1101 3556 iudicio
1119 3513 1179 3557 suo
1199 3500 1259 3558 etc
1306 3495 1427 3562 Postea

310 3621 417 3668 coram
442 3598 535 3663 Dom.
562 3595 653 3683 Rege
678 3593 767 3680 epud
791 3593 968 3660 Wdestoke
998 3595 1177 3683 Episcopus
1204 3598 1349 3666 reddidit
1378 3603 1427 3668 eis
1553 3596 1554 3615 ³

311 3703 463 3770 seisinem
479 3721 578 3766 suem.
624 3699 668 3763 Et
683 3698 862 3786 Episcopus
876 3697 940 3765 sibi
954 3701 1029 3765 uult
1043 3701 1228 3788 perquirere
1243 3705 1425 3772 secundum

312 3808 418 3894 legem
433 3814 525 3870 terre.
570 3802 615 3866 Et
629 3800 703 3866 ideo
718 3800 862 3866 habeant
876 3800 1037 3870 seisinem.

181 3923 274 3990 1156,
377 3910 496 3976 Jurats
518 3906 611 3972 uenit
634 3905 841 3992 recognitum
861 3915 973 3972 utrum
993 3930 1097 3973 unum
1112 3909 1233 3974 toftum
1248 3932 1325 3976 cum
1341 3925 1426 4000 pert.

312 4018 347 4083 iu
373 4012 545 4080 Wendesle
575 4011 619 4077 sit
643 4010 762 4076 laicum
788 4010 919 4077 feodum
944 4012 1064 4100 Rogeri
1090 4013 1131 4080 de
1157 4014 1357 4105 Ingoldesby
1382 4041 1426 4085 111

313 4121 415 4186 libera
429 4116 604 4184 elemosine
617 4115 784 4204 pertinens
797 4115 841 4182 sd
855 4118 1021 4186 ecclesiam
1035 4118 1157 4207 Rogen'
1170 4119 1212 4186 de
1232 4111 1425 4212 Hu'ntinge.
1551 4200 1552 4203 Ἴ

347 4319 571 4380 ῑΒ1.,1.117,11
616 4319 842 4372 thstsmsnotn
926 4321 1094 4384 'Reughton
1109 4323 1302 4384 munaum.
1320 4342 1337 4378 1
1355 4329 1425 4382 little

314 4387 346 4438 bs
364 4384 492 4437 outlswed
507 4385 537 4436 11
585 4388 707 4448 eccunty
718 4390 800 4446 court,
812 4401 842 4436 or
893 4386 972 4436 south
983 4386 1137 4438 1101111111.

314 4453 343 4504 in
353 4452 398 4503 the
409 4449 520 4502 houden
531 4449 647 4515 hosting.
