3167 5075
358 396 421 461 194
572 406 690 457 consu
711 406 811 472 anon
833 407 897 457 nn.
921 390 1081 469 1286-7,
1101 407 1166 458 sn
1189 395 1239 458 21.

355 580 496 646 cessione
518 579 612 644 Dom.
634 576 748 665 Regis¹
771 586 806 643 at
827 577 885 664 qui
906 577 1054 666 seqnitur
1075 601 1133 666 pro
1156 580 1247 668 Rege
1268 581 1353 647 dicit
1376 582 1464 670 quod

355 693 442 750 terra
455 684 513 749 illa
532 683 573 747 ad
595 682 778 769 predictum
802 683 953 748 heredem
976 684 1099 748 reuerti
1120 683 1228 760 debet,
1244 686 1323 771 quia
1336 686 1466 753 Willel·

355 812 429 854 mus
450 788 550 853 frater
570 786 672 873 ipsius
693 786 767 852 Ade
788 786 960 852 bastardus
982 786 1046 851 luit
1067 795 1104 851 ct
1122 786 1173 851 ita
1189 788 1363 855 bastardus
1377 790 1464 876 quod
1557 772 1559 887 J

356 893 420 958 fuit
448 900 545 957 natus
574 899 750 977 antequam
779 899 874 977 pater
908 890 1011 976 ipsius
1040 890 1198 955 Willelmi
1234 892 1463 979 desponsasset
1557 892 1559 923 ⁵

355 1006 492 1063 matrem
508 1018 609 1062 suam.

421 1101 465 1165 Et
479 1098 586 1165 Adam
606 1096 698 1163 uenit
718 1105 753 1162 at
774 1096 856 1161 dicit
877 1096 964 1182 quod
985 1096 1055 1182 ipse
1070 1096 1255 1162 Willelmus
1276 1098 1464 1185 legittimus

354 1204 427 1281 fuit,
452 1212 487 1268 et
512 1201 598 1289 petit
622 1199 780 1265 iudicium
805 1199 835 1264 si
863 1199 969 1265 eidem
999 1199 1164 1266 Willelmo
1193 1202 1314 1288 opponi
1343 1202 1464 1269 debeat

354 1306 518 1372 bastardia
544 1312 618 1391 post
646 1311 783 1367 mortam
813 1302 928 1368 suam'.
990 1304 1033 1368 Et
1058 1304 1139 1369 dicit
1163 1305 1251 1391 quod
1276 1305 1462 1373 Willelmus

354 1411 453 1476 frater
473 1433 551 1475 suus
572 1408 630 1496 qui
649 1416 797 1473 mortuus
817 1415 868 1472 est
882 1415 1011 1473 mortuo
1025 1415 1118 1495 patre
1133 1430 1192 1473 suo
1206 1408 1301 1473 uenit
1314 1409 1359 1475 ad
1373 1412 1460 1497 capi·

353 1514 435 1580 tales
456 1513 602 1579 dominos
622 1519 656 1577 et
677 1512 756 1578 fecit
775 1512 823 1577 eis
843 1512 1032 1600 homagium
1046 1512 1087 1578 de
1102 1512 1198 1577 terris
1213 1520 1248 1578 et
1261 1514 1462 1580 tenementis

352 1640 415 1705 qua
431 1620 563 1683 fuerunt
583 1616 756 1703 patrissui
777 1615 848 1681 sine
869 1615 1056 1703 calumpnia
1076 1616 1215 1682 alicuius
1236 1617 1410 1695 bastardie,
1426 1628 1462 1685 et

352 1721 480 1809 quando
495 1720 679 1786 Willelmus
693 1726 841 1784 mortuus
855 1718 919 1784 fuit
930 1719 1009 1785 fecit
1022 1720 1092 1806 ipsa
1107 1720 1260 1787 similiter
1269 1721 1460 1809 homagium

351 1826 544 1913 capitalibus
572 1824 711 1889 dominis
740 1824 810 1890 sine
839 1824 1024 1911 calumpnia
1052 1834 1087 1889 et
1115 1826 1250 1891 accessit
1278 1826 1321 1891 ad
1350 1827 1460 1914 ipsum

351 1930 546 2016 Episcopum
561 1937 595 1994 et
610 1928 731 2015 optulit
745 1928 777 1993 ai
794 1927 982 2015 homagium
999 1936 1035 1993 et
1055 1927 1124 2013 ipse
1145 1930 1313 2015 respondit
1327 1932 1360 1996 ei
1373 1932 1461 2019 quod

350 2033 456 2099 noluit
470 2033 656 2119 homagium
672 2054 768 2097 suum
783 2032 925 2118 recipere
939 2041 1119 2120 antequam
1133 2033 1231 2098 sciret
1244 2042 1360 2100 utrum
1374 2046 1461 2102 esset

351 2136 444 2202 heras
458 2136 512 2200 uel
528 2158 599 2200 non
646 2135 690 2199 Et
704 2143 819 2221 postea
837 2137 924 2201 facta
944 2137 1021 2202 inde
1042 2137 1265 2225 inquisicione,
1278 2140 1370 2226 cepit
1390 2142 1460 2227 ipse

350 2240 543 2307 fidelitatem
557 2262 649 2305 suam
665 2247 699 2304 et
714 2239 791 2305 fecit
803 2239 835 2304 ci
849 2239 976 2306 litteras
990 2263 1065 2306 suas
1080 2242 1246 2328 petentes⁸
1260 2243 1386 2309 balliuo
1400 2266 1460 2309 suo

349 2343 437 2431 quod
450 2350 586 2430 poneret
600 2364 675 2407 eum
690 2342 725 2406 in
740 2342 901 2421 saisinam,
916 2351 952 2407 at
966 2344 1036 2429 ipse
1050 2344 1193 2410 balliuus
1206 2346 1317 2431 posuit
1332 2368 1408 2411 aum
1424 2349 1460 2413 in

349 2447 510 2522 saisinam,
524 2452 560 2509 et
574 2444 654 2510 dicit
668 2444 754 2530 quod
769 2444 951 2510 dissaisitus
965 2446 1042 2511 inde
1057 2455 1108 2512 est
1122 2470 1181 2534 per
1197 2447 1307 2534 ipsum
1328 2449 1461 2535 Episco-

350 2571 439 2636 pum,
459 2557 493 2614 at
512 2548 598 2634 petit
621 2547 778 2613 iudicium
801 2548 829 2614 si
850 2548 970 2614 debeat
992 2549 1186 2635 respondere
1210 2551 1403 2631 dissaisitus,
1424 2562 1461 2620 et

350 2653 436 2739 quod
447 2653 533 2719 idem
546 2652 729 2719 Willalmus
739 2652 924 2740 legittimus
937 2653 1002 2718 fuit
1016 2654 1166 2720 ostendet
1179 2655 1361 2721 secundum
1372 2657 1461 2743 quod

350 2757 439 2822 curia
453 2756 710 2822 considerauerit.

1557 2763 1559 2864 l

415 2861 531 2926 Postea
552 2859 646 2925 uenit
667 2860 774 2925 Adam
795 2867 831 2924 at
849 2861 1013 2946 cognoscit
1035 2860 1121 2947 quod
1142 2861 1309 2948 predictus
1330 2864 1460 2930 Willel-
1558 2869 1559 2929 l

349 2987 423 3029 mus
437 2964 519 3029 obiit
532 2964 608 3030 inde
623 2963 753 3031 saisitus
767 2971 803 3028 et
817 2964 917 3050 peciit
931 2964 1082 3030 saisinam
1096 2987 1191 3030 suam
1204 2964 1291 3031 sicut
1306 2967 1409 3033 frater
1423 2979 1460 3034 et

348 3068 441 3133 hares
455 3074 516 3133 etc.

414 3172 459 3238 Et
488 3171 667 3258 Episcopus
689 3169 783 3235 uenit
805 3178 840 3236 et
864 3169 946 3237 dicit
970 3170 1058 3256 quod
1082 3169 1170 3236 idam
1195 3170 1305 3238 Adam
1330 3173 1459 3239 nubam
1558 3125 1559 3210 }

347 3277 498 3344 saisinam
521 3274 637 3340 habuit
657 3280 691 3338 et
710 3273 784 3338 ideo
804 3296 870 3338 non
884 3273 948 3339 fuit
961 3273 1039 3340 inde
1053 3273 1234 3339 disseisitus
1249 3275 1328 3360 quia
1341 3297 1460 3342 reuera
1558 3289 1559 3292 ’

347 3381 476 3470 quando
498 3378 662 3467 pradictus
683 3377 868 3443 Willelmus
890 3385 1038 3444 mortuus
1059 3377 1123 3442 fuit
1144 3377 1229 3444 bane
1251 3387 1362 3464 potest
1383 3402 1456 3447 ama

347 3487 434 3575 quod
448 3486 536 3552 idam
550 3485 657 3550 Adam
672 3483 807 3549 intrusit
821 3505 855 3548 se
869 3483 904 3547 in
919 3491 1039 3549 ternam
1056 3483 1156 3561 illam,
1170 3491 1222 3549 set
1236 3483 1307 3570 ipse
1322 3485 1457 3571 Episco-

344 3614 407 3678 pus
421 3599 495 3676 post
510 3597 647 3654 mortam
662 3588 765 3676 ipsius
779 3587 906 3653 seisiuit
920 3595 1040 3653 terram
1054 3587 1145 3653 illam
1160 3587 1195 3652 in
1209 3609 1344 3652 manum
1359 3611 1455 3654 snam

345 3697 431 3761 sicut
445 3696 535 3761 illam
550 3693 642 3759 cuius
657 3691 805 3758 custodia
817 3692 982 3778 adipsum
1001 3691 1189 3778 pertinebat
1209 3690 1338 3756 racione
1359 3690 1455 3758 here·
1558 3695 1559 3698 ’

345 3800 396 3865 dis
417 3798 556 3885 predicti
576 3797 736 3863 Johannis
758 3797 799 3862 de
819 3795 1023 3882 Jarpenuilla
1040 3794 1076 3859 in
1090 3816 1190 3859 manu
1205 3816 1265 3859 sua
1279 3794 1456 3862 existentis

345 3926 403 3990 per
417 3904 510 3968 Dom.
527 3903 651 3990 Regem
673 3909 708 3966 et
729 3902 776 3966 ibi
798 3900 950 3988 apposuit
971 3900 1167 3965 seruientem
1189 3909 1294 3976 suum,
1309 3908 1362 3964 set
1380 3921 1457 3985 pre·

345 4004 453 4070 dictus
479 4003 663 4068 Willelmus
691 4002 816 4068 nullam
846 4001 963 4067 habuit
992 4001 1142 4066 saisinam
1171 3999 1235 4064 nisi
1265 4001 1367 4065 talem
1394 4024 1459 4088 per
1558 4019 1559 4044 a

344 4107 568 4175 intrusionem.
614 4106 673 4172 Set
696 4107 873 4194 Episcopus
894 4105 976 4172 dicit
997 4105 1084 4193 quod
1104 4103 1232 4170 reuera‘
1251 4105 1390 4171 accmsit
1412 4105 1457 4173 ad

376 4317 622 4380 ¹Thebishophas
632 4313 873 4380 thagnardianship
954 4312 1084 4363 'SaaBn
1097 4310 1212 4361 woh.

345 4386 374 4436 ol
393 4385 465 4434 John
486 4385 514 4434 ol
535 4383 699 4447 Jsrpanvilla,
720 4381 764 4432 tha
783 4380 870 4431 iniant
952 4378 1050 4428 'Corn
1061 4383 1184 4440 patentes.

344 4451 400 4501 lord
411 4450 441 4499 ol
450 4448 494 4499 tha
506 4449 552 4500 lae.
952 4444 963 4476 ⁴
980 4442 1079 4505 snpply
1089 4443 1178 4491 Adam.
