3167 5075
427 404 566 467 amnas,
588 403 653 457 an.
678 391 772 469 1225,
794 404 858 457 aa
881 394 911 460 9.
1157 392 1221 459 107

129 576 196 655 dies,
209 586 242 643 et
255 578 374 643 clamor
387 578 517 643 leuatus
530 576 603 656 fuit,
618 584 653 642 et
667 577 710 642 ad
725 577 878 643 olamium
896 576 979 643 illud
996 578 1091 644 uenit
1110 578 1224 644 Simon

127 704 193 747 cum
206 682 275 747 aliis
289 690 324 748 et
338 682 468 747 inuenit
482 680 624 773 eandem
637 681 824 748 Walterum
841 704 940 768 super
958 682 1114 748 feminam
1132 684 1227 749 illam

127 784 237 851 braccis
265 784 407 851 dimioeis
431 784 516 851 circa
540 784 640 871 pedes
665 791 700 849 st
726 783 796 871 ipse
821 784 928 849 uoluit
953 784 1063 849 leuare
1088 806 1165 851 eum
1190 791 1226 849 et

128 886 278 955 Walterus
299 888 444 955 extraxit
466 887 634 974 cnipulum
654 909 750 952 suum
771 895 806 953 et
825 887 932 953 uoluit
953 886 1096 953 occidere
1116 887 1224 974 ipsum

127 991 287 1071 Simonem,
314 1000 349 1058 et
379 993 492 1059 Simon
521 1014 597 1058 oum
626 991 818 1057 candelabro
846 992 889 1057 ad
917 991 1157 1058 defendendum
1189 1015 1224 1057 se

124 1095 271 1180 percussit
285 1118 371 1175 eum,
387 1096 483 1161 aliter
497 1094 585 1161 enim
600 1102 748 1160 mortuus
763 1102 856 1160 esset
888 1095 931 1160 Et
946 1094 1019 1160 ideo
1033 1102 1224 1182 preceptum

124 1197 207 1264 Dom
230 1200 328 1286 Regis
350 1200 509 1287 estquod
532 1200 646 1265 Simon
669 1206 723 1265 cat
748 1198 825 1265 inde
846 1198 978 1287 quietus
1001 1206 1036 1264 et
1060 1198 1225 1264 Walterus

123 1304 337 1369 committatur
349 1303 385 1368 in
399 1302 546 1369 custodia
551 1300 569 1369 ¹.
589 1301 594 1389 Ι

70 1409 90 1470 '.
180 1408 296 1473 durata
309 1407 404 1473 uenit
417 1408 624 1494 recognitum
638 1430 678 1472 ex
695 1428 853 1473 consensu
872 1406 1018 1493 parcium
1038 1405 1067 1472 si
1086 1405 1224 1471 Bartho-

122 1510 236 1576 lomeus
270 1511 360 1577 filius
396 1519 431 1577 et
468 1511 562 1579 heres
590 1511 748 1578 Willelmi
784 1511 825 1577 de
862 1511 989 1595 Buasey
1021 1510 1224 1598 presentauit

122 1613 309 1681 Nicholaum
331 1614 373 1680 de
392 1614 503 1702 Trally
523 1615 580 1701 qui
599 1615 717 1681 ultimo
737 1614 820 1680 obiit
838 1635 975 1700 persona
993 1613 1036 1680 ad
1055 1614 1224 1680 ecclesiam

121 1718 158 1783 de
186 1719 364 1806 Eywenthe
390 1720 445 1785 uel
470 1742 545 1797 non,
570 1720 649 1807 quia
672 1728 741 1785 tam
768 1720 909 1784 Thomas
933 1718 975 1784 de
1000 1718 1163 1785 Grauenel
1189 1726 1224 1783 et

119 1818 264 1887 Johsnna
278 1843 361 1886 uxor
380 1820 451 1887 eius
471 1828 506 1887 et
527 1822 681 1887 Priorissa
701 1821 732 1888 S.
750 1822 851 1887 Elene
868 1820 910 1885 de
925 1819 1093 1886 Londonia
1111 1842 1225 1885 uersus

120 1944 193 2007 quos
207 1924 321 1989 Abbas
336 1923 377 1989 de
392 1923 556 1991 Wardena
574 1926 694 1991 clamat
714 1924 963 1991 aduocacionem
983 1923 1070 1989 dicte
1090 1924 1224 1989 ecclesie

118 2048 209 2111 quam
239 2028 330 2094 idem
359 2027 472 2093 Abbas
500 2036 679 2115 posuerunt
708 2050 742 2094 se
772 2028 849 2093 inde
885 2027 921 2092 in
956 2026 1098 2092 iuratam
1133 2027 1224 2092 illam

117 2129 287 2197 secundum
303 2131 392 2217 quod
406 2139 499 2217 patet
519 2131 554 2196 in
575 2132 706 2199 recordo
725 2132 767 2199 de
787 2131 916 2219 placitis
935 2130 971 2196 in
991 2130 1063 2199 Oct.
1079 2131 1111 2197 S
1127 2132 1224 2199 Mart.

117 2255 195 2300 anno
209 2258 302 2301 nono.

175 2337 199 2402 J
199 2346 346 2405 aratores
360 2338 475 2405 dicunt
486 2339 572 2427 quod
583 2340 831 2405 Bartholomeus
842 2361 1010 2426 nunquam
1021 2340 1225 2425 presentauit

116 2440 295 2525 predictum
311 2442 519 2520 Nioholaum‚
534 2450 585 2509 set
600 2442 778 2508 Nicholaus
793 2451 888 2529 pater
907 2442 1053 2508 eiusdem
1072 2442 1225 2508 Nicholsi

117 2543 203 2610 dedit
226 2547 336 2614 eidem
360 2548 519 2614 Nicholao
542 2548 601 2634 qui
622 2549 738 2615 ultimo
765 2548 848 2614 obiit
873 2548 1041 2614 ecclesiam
1066 2549 1157 2614 illam
1182 2551 1223 2614 ad

116 2671 147 2714 sa
174 2652 428 2718 sustentandum
449 2652 493 2718 ad
514 2654 623 2720 scolas.
667 2653 792 2718 Dicunt
818 2652 920 2717 eciam
946 2653 1033 2741 quod
1059 2653 1225 2718 Walterus

117 2753 229 2840 Fspoc²
242 2757 430 2822 auunculus
443 2756 477 2820 N
478 2756 596 2822 icholai
611 2756 744 2822 senioris
758 2756 851 2823 dedit
865 2779 977 2823 omnes
991 2757 1223 2824 aduocaciones

116 2859 255 2924 omnium
271 2859 482 2925 ecclesiarum
496 2859 579 2925 citra
593 2860 791 2926 Humbrism
806 2859 913 2925 eidem
924 2860 957 2924 N
959 2860 1084 2926 ioholao
1097 2862 1225 2939 seniori,
1264 2942 1269 2951 ⁴

115 2967 147 3024 et
170 2969 244 3048 post
271 2969 413 3028 mortem
439 2962 585 3028 eiusdem
611 2963 764 3030 Nicholai
785 2985 897 3030 omnes
917 2965 1148 3031 aduocaoiones
1169 2964 1225 3031 de·
1286 3023 1290 3028 .

115 3064 255 3132 buerunt
291 3067 416 3134 reuerti
451 3067 494 3134 ad
531 3066 734 3134 Willelmum
769 3068 811 3133 de
848 3068 972 3155 Bussey
1007 3078 1161 3156 nepotem
1189 3080 1225 3135 et

116 3167 265 3237 heredem
292 3170 435 3258 predicti
463 3169 602 3237 Walteri
626 3178 678 3236 set
703 3170 791 3237 idem
821 3171 1006 3237 Willelmus
1035 3172 1118 3238 obiit
1145 3182 1223 3239 ante

116 3271 218 3357 ipsum
233 3275 435 3341 Nicholaum
450 3283 484 3340 et
498 3275 572 3340 ideo
587 3274 771 3342 debuerunt
791 3274 1021 3342 aduocaoiones
1039 3277 1162 3342 reuerti
1181 3276 1224 3343 ad

115 3375 243 3445 heredes
258 3379 365 3466 ipsius
381 3377 564 3444 Willelmi⁸.

174 3483 219 3549 Et
233 3507 336 3571 super
350 3484 410 3548 hoo
424 3484 546 3570 profert
561 3482 675 3548 eadem
690 3483 846 3548 Priorissa
859 3491 982 3550 cartam
997 3483 1168 3549 Matillidis
1182 3483 1224 3550 de

115 3586 233 3674 Busaey
256 3609 324 3675 que
347 3595 490 3653 testetur
510 3586 598 3673 quod
618 3587 690 3673 ipsa
711 3586 803 3653 dedit
825 3595 885 3652 etc.
901 3586 962 3652 deo
981 3595 1016 3653 ot
1036 3587 1169 3652 ecclesie
1190 3588 1222 3654 S.

116 3687 210 3756 Elone
225 3689 396 3758 Londonie
411 3697 446 3756 et
467 3691 662 3757 monialibus
681 3699 741 3756 etc
757 3700 863 3756 totam
883 3700 1002 3756 terram
1023 3701 1058 3758 et
1076 3690 1224 3759 redditus
1264 3784 1267 3790 Ι
1352 3783 1355 3787 1

116 3803 147 3859 et
170 3797 284 3863 domos
312 3820 386 3863 cum
412 3797 562 3863 omnibus
588 3807 669 3882 pert.
691 3796 758 3862 suis
784 3818 848 3883 que
873 3796 991 3861 habuit
1015 3796 1051 3861 in
1076 3796 1156 3862 uilla
1180 3795 1222 3862 de

116 3899 274 3986 Eywrthe,
289 3903 381 3968 saluo
397 3901 568 3989 maritagio
582 3902 606 3967 J
606 3902 732 3968 ohanne
747 3900 814 3966 filie
828 3900 902 3966 sue⁴
917 3900 958 3966 de
973 3923 1037 3987 quo
1051 3901 1222 3987 maritagio

115 4003 257 4087 predicta
282 4004 437 4071 Johanna
460 4004 558 4070 faciat
584 4003 714 4069 omnino
739 4001 898 4090 placitum
923 4025 1020 4068 suum
1041 4010 1076 4068 et
1098 4003 1222 4070 nullam

115 4109 313 4176 mencionem
328 4107 406 4174 fecit
419 4107 616 4194 deecclesia

144 4301 152 4335 ¹
169 4302 211 4353 Br.
224 4303 243 4354 ι’.
256 4295 308 4353 120
314 4304 339 4353 b.
724 4301 735 4334 ¹
752 4301 824 4350 (lorr.
839 4303 945 4350 Wolteri
957 4301 996 4366 (l).

142 4368 222 4419 ²Tha
245 4368 358 4420 founder
382 4369 411 4419 ol
437 4367 481 4418 the
503 4368 591 4433 Abbey
615 4368 642 4420 ol
724 4365 860 4418 ⁴Wilaof
874 4363 989 4416 Thomas
1000 4365 1135 4416 Gravenel.
1168 4365 1221 4416 Ex·

114 4431 231 4484 wardon.
266 4433 586 4496 Monarcvol.5,p.ats.
692 4431 912 4496 oerptBotFia
927 4431 1108 4494 vol1‚p.1s.
