3167 5075
413 415 564 479 mmm,
586 416 651 467 an.
674 405 768 481 1220,
788 418 853 468 aa.
877 406 906 469 4.
1149 406 1217 471 361·

125 590 267 655 comitatu
290 590 451 677 loquelam
469 591 561 656 illam
575 591 660 657 sicut
674 592 816 657 deducte
830 592 893 657 luit
908 592 942 658 in
957 594 1113 660 comitatu
1129 596 1215 661 inter

125 716 172 758 eos
184 703 217 759 et
229 693 395 759 recordum
410 693 491 759 illud
506 694 626 760 habeat
641 703 700 760 ete
716 695 777 759 tali
791 695 844 760 die
859 718 918 782 per
936 705 1075 782 quatuor
1094 698 1214 763 milites

125 804 186 873 ete,
198 805 231 860 et
244 819 448 863 summonere
462 798 560 863 faciat
574 797 735 884 predictos
752 808 893 883 quatuor
912 800 1033 867 milites
1047 803 1134 889 quod
1148 804 1215 869 sint

106 900 161 966 *ad
186 901 365 987 predictum
393 902 570 968 terminum
595 902 638 969 od
663 903 905 969 testificandum
935 905 1014 992 quid
1039 930 1144 973 coram
1169 908 1215 974 eis

125 1006 233 1069 lactum
248 1006 312 1071 fuit
326 1005 368 1071 de
382 1007 528 1092 predicta
542 1007 671 1093 loquela
683 1007 718 1071 in
732 1007 879 1093 predicta
893 1010 988 1075 eurIa

59 1112 93 1179 07.
180 1108 291 1195 ²Hugo
306 1108 336 1173 le
356 1109 498 1174 Butiller
515 1132 575 1195 per
594 1117 798 1174 attornatum
820 1133 915 1175 suum
938 1113 1059 1198 optulit
1080 1136 1114 1179 se
1134 1114 1213 1202 iirj‘⁰.
1287 1122 1334 1163 '⁰¹-

123 1210 168 1273 die
189 1232 300 1275 uersus
323 1212 523 1276 Rannullum
547 1212 588 1276 de
613 1210 772 1276 Sheltona
795 1212 835 1277 de
859 1212 978 1298 placito
1003 1237 1102 1302 quare
1128 1218 1216 1303 cepit

122 1314 221 1379 oueria
240 1337 302 1379 sua
323 1325 359 1381 et
379 1337 420 1380 ea
438 1316 559 1380 iniuste
576 1315 704 1380 detinet
719 1323 758 1379 ut
772 1315 853 1380 dicit
868 1325 927 1381 eto.
973 1318 1017 1383 Et
1032 1318 1216 1385 Rannulfus

122 1438 178 1479 non
195 1418 287 1483 uenit
302 1428 362 1483 ete.
379 1426 414 1483 et
429 1417 551 1504 pluries
570 1417 769 1483 attachiatus
790 1418 854 1481 fuit
874 1426 934 1485 etc.
955 1427 989 1484 et
1011 1420 1084 1485 ideo
1106 1444 1217 1487 omnes

121 1519 224 1607 plegii¹
236 1522 273 1587 in
288 1522 507 1588 misericordia
521 1531 556 1587 et
570 1522 748 1587 uicecomes
763 1521 884 1586 habeat
898 1544 1014 1609 corpus
1027 1523 1097 1589 eius
1111 1532 1170 1591 etc

58 1632 90 1695 l8.
176 1624 353 1691 'Robertus
367 1626 408 1691 de
422 1625 536 1691 Insula
549 1626 671 1712 optulit
685 1648 720 1690 se
731 1625 811 1712 iiijw.
822 1625 876 1691 die
892 1648 1004 1691 uersus
1013 1627 1214 1693 Willelmum
1269 1647 1334 1688 auen

119 1728 211 1793 filium
225 1730 354 1795 Warini
367 1731 409 1796 de
426 1730 546 1816 placito
568 1730 716 1817 capiendi
738 1730 964 1817 cirographum
984 1754 1079 1797 suum
1095 1733 1135 1798 de
1150 1734 1215 1799 fine

119 1834 194 1899 facto
206 1835 294 1900 inter
308 1858 364 1900 eos
376 1836 418 1900 de
433 1836 620 1901 extensione
636 1844 721 1900 terre
736 1843 771 1899 et
785 1834 978 1899 hereditatis
998 1835 1159 1901 Iohannis
1173 1838 1215 1903 de

119 1940 260 2006 Wahulla
285 1950 347 2007 etc.
391 1942 437 2011 Et
461 1941 643 2007 Willelmus
664 1962 730 2005 non
751 1940 853 2016 uenit,
879 1947 914 2004 et
936 1948 1124 2026 preceptum
1150 1942 1214 2007 fuit

118 2043 292 2110 uicecomiti
314 2046 401 2131 quod
423 2046 558 2111 haberet
580 2066 694 2131 corpus
712 2043 782 2109 eius
797 2052 866 2120 ete,
881 2052 916 2108 et
930 2044 1108 2109 uicecomes
1123 2068 1213 2109 man-

118 2146 200 2210 dauit
220 2148 310 2234 quod
331 2170 397 2211 non
419 2148 483 2211 fuit
501 2148 666 2214 inuentus.
710 2148 755 2211 Et
769 2146 843 2211 ideo
857 2155 1046 2232 preceptum
1062 2155 1112 2212 est
1127 2148 1213 2213 uice·

117 2251 217 2316 comiti
243 2252 332 2339 quod
357 2251 532 2338 distringat
559 2275 635 2317 eum
658 2274 718 2337 per
740 2259 842 2315 terres
865 2258 899 2315 et
925 2251 1043 2316 catalla
1067 2273 1128 2317 sua
1151 2260 1211 2319 eto.

117 2356 191 2438 quod
205 2356 249 2420 sit
264 2356 327 2420 tali
342 2355 395 2420 die
410 2363 470 2421 etc.
514 2355 608 2419 Idem
623 2354 692 2419 dies
706 2355 804 2419 datus
819 2362 868 2421 est
883 2362 943 2419 etc.
963 2354 968 2440 Ι

57 2465 85 2529 u.
170 2459 306 2525 ‘Vitalis
334 2460 376 2525 de
407 2459 551 2547 Horepol
576 2467 610 2525 et
636 2459 776 2524 Thomas
801 2459 842 2523 de
868 2458 901 2522 N
904 2458 1009 2524 orthie
1038 2459 1211 2524 attechiati
1265 2452 1332 2561 ἓξὲξ

114 2562 236 2628 luerunt
265 2563 310 2628 ad
334 2563 595 2649 respondendum
621 2562 742 2628 Idonee
768 2561 809 2627 de
834 2562 1002 2627 Heintona
1027 2563 1067 2627 de
1092 2563 1211 2650 placito

113 2689 202 2750 quare
230 2668 296 2754 ipsi
325 2669 430 2732 secuti
458 2668 592 2732 fuerunt
620 2667 778 2753 placitum
807 2665 840 2730 in
871 2666 961 2730 curia
989 2666 1215 2734 cristianitatis

112 2779 214 2836 contra
233 2771 493 2858 prohibicionem
515 2770 556 2835 de
576 2771 658 2835 laico
678 2771 770 2834 feodo
784 2769 887 2856 ipsius
902 2770 1023 2835 Idonee
1039 2779 1109 2848 etc,
1124 2773 1210 2838 unde

112 2873 174 2957 ipsa
193 2877 345 2961 queritur
366 2875 453 2961 quod
474 2875 538 2960 ipsi
559 2883 633 2960 post
654 2873 907 2960 prohibicionem
928 2882 997 2952 ete,
1012 2875 1117 2940 secuti
1134 2885 1211 2942 sunt

111 2977 183 3044 illud
202 2980 363 3066 placit-um
382 2979 424 3043 de
441 2978 538 3043 blado
551 2999 610 3042 suo
624 2978 659 3042 in
674 2987 762 3042 terra
776 2985 811 3042 et
825 2978 1002 3064 dampnum
1019 2979 1050 3043 ei
1064 2981 1211 3047 fecerunt

110 3079 146 3142 ad
159 3079 342 3146 ualenciam
356 3101 385 3142 x.
401 3099 582 3142 marcarum
597 3085 632 3142 et
646 3077 722 3142 inde
738 3077 888 3163 producit
903 3087 1032 3144 sectam.

167 3185 210 3250 Et
223 3185 290 3272 ipsi
305 3185 445 3250 ueniunt
460 3192 494 3248 et
508 3183 689 3248 defendunt
703 3192 816 3249 contra
829 3205 902 3248 eam
914 3191 948 3249 et
963 3193 1075 3250 contra
1088 3193 1209 3250 sectam

110 3309 192 3352 sitam
222 3289 312 3374 quod
342 3309 509 3373 nunquam
535 3295 609 3372 post
637 3286 891 3372 prohibicionem
918 3295 977 3352 etc.
1004 3288 1109 3352 secuti
1132 3297 1212 3354 sunt

109 3389 182 3455 illud
202 3391 364 3478 placitum
386 3390 428 3454 de
450 3389 532 3454 laico
551 3389 652 3466 feodo,
667 3411 727 3454 nec
741 3389 783 3453 de
805 3389 930 3454 catallis
945 3399 1016 3467 etc,
1031 3399 1081 3454 set
1096 3412 1210 3456 reuera

109 3492 164 3577 ipsi
191 3495 328 3560 fuerunt
363 3502 550 3560 executores
579 3491 770 3557 testamenti
800 3491 973 3558 Helewieie
1003 3492 1116 3558 metris
1147 3494 1209 3559 uiri

108 3597 201 3683 ipsius
222 3600 349 3664 Idonee
374 3607 444 3676 etc,
473 3607 507 3662 et
532 3597 605 3684 ipsa
628 3597 745 3662 habuit
770 3597 904 3662 bladum
930 3598 965 3662 in
990 3598 1210 3685 grangiarius

109 3705 229 3788 qirando
258 3703 353 3780 obiit,
382 3710 417 3767 et
446 3701 528 3767 illud
558 3701 692 3788 legauit,
722 3708 757 3765 et
786 3699 864 3786 quia
893 3700 964 3786 ipsa
992 3701 1115 3769 Idonea
1143 3725 1208 3767 non

109 3809 248 3891 permisit
274 3830 332 3873 eos
353 3808 456 3872 facere
479 3814 714 3870 testamentum
740 3804 831 3882 illud,
854 3803 1049 3891 inplacitant
1072 3828 1143 3871 eam
1167 3807 1208 3872 de

108 3912 158 3977 illo
170 3919 371 3978 testamento
385 3921 420 3976 et
434 3910 554 3975 nonde
569 3909 641 3974 aliis
655 3908 752 3973 rebus
766 3915 827 3974 etc.

166 4018 209 4082 Et
223 4017 351 4082 Idonea
364 4015 444 4081 dicit
459 4015 545 4102 quod
559 4014 631 4099 ipsa
650 4012 825 4078 Helewisin
847 4011 956 4077 tenuit
978 4020 1096 4078 terram
1118 4014 1208 4081 illam

107 4119 138 4184 ln
157 4120 278 4198 dotem,
298 4129 333 4185 et
354 4120 441 4207 quod
462 4119 592 4205 quando
618 4117 699 4182 obiit
722 4117 850 4182 nullum
874 4117 1007 4182 bladum
1033 4117 1150 4184 habuit
1173 4121 1208 4185 in

108 4225 236 4312 grangia
266 4223 354 4310 quod
379 4222 443 4309 ipsi
468 4245 533 4286 non
558 4221 747 4287 habuissent
772 4221 843 4286 sine
872 4220 1103 4307 inpedimento
1130 4224 1209 4310 quia

198 4375 501 4435 ¹a.m.12;B.m.⁷.
714 4437 717 4442 ⁸
777 4375 1106 4434 ²I.m.1e;s.m.7d.

197 4443 525 4501 'FournamesinA‚B.
765 4441 1128 4502 .⁴A.m.12d;13.m„7d.
1162 4483 1164 4488 .
1202 4443 1205 4490 ζ
