3167 5075
412 356 562 419 rmmrr,
585 358 649 407 nn.
675 346 767 421 1220,
791 360 854 409 an
878 348 907 409 l.
1146 347 1212 416 3³7

54 536 86 599 54.
177 527 297 594 ¹Assisa
318 528 410 594 uenit
432 530 636 616 recognitum
658 531 730 618 quis
753 532 930 599 aduocatus
956 543 1100 620 tempore
1122 535 1210 621 pacis
1268 557 1323 596 nne

117 632 307 715 presentauil
329 633 480 698 ultimam
502 656 671 721 personam
691 659 756 722 que
777 646 906 703 mortua
920 646 970 703 est
985 639 1027 704 ad
1041 639 1209 705 ecclesiam

117 736 152 800 de
166 736 386 815 Borlefordia',
402 761 465 824 que
481 746 576 804 uacat
586 742 754 816 elc.‚cuius
768 741 1016 810 aduooacionem
1030 742 1124 809 Dom
1138 745 1209 823 Rex

116 841 186 907 dicit
207 842 247 908 ad
268 865 303 907 se
325 842 494 928 pertinere.
539 844 582 909 Et
603 845 694 910 Prior
707 845 748 911 de
763 846 995 913 Thornholmia
1007 848 1065 934 qui
1079 871 1208 935 presen-

60 966 63 971 ·
116 945 263 1011 tacionem
277 946 440 1033 inpediuil
455 947 547 1013 uenil
563 957 597 1013 el
611 948 694 1015 bene
709 951 866 1016 concessit
880 952 1019 1018 assisam

170 1050 192 1115 J
194 1058 335 1115 uiatores
357 1051 471 1116 dicunt
493 1052 579 1138 quod
593 1052 690 1118 Wido
710 1055 751 1119 de
766 1055 833 1120 Ver
846 1079 984 1142 magnus
998 1058 1114 1122 habuit
1129 1058 1210 1124 duos

114 1152 186 1217 filios
219 1154 343 1219 scilicet
380 1154 583 1221 Gileberlum
620 1166 654 1221 et
687 1156 869 1224 Widonem.
900 1160 993 1226 Idem
1024 1161 1210 1228 Gileberlus

113 1257 234 1323 clericus
260 1259 325 1324 fuit
347 1268 382 1324 el
403 1260 545 1326 reddidit
567 1282 601 1325 se
623 1261 772 1348 religioni
786 1262 909 1327 scilicet
924 1264 1012 1350 apud
1027 1265 1159 1352 Suleby,
1173 1275 1209 1331 el

114 1360 189 1425 idem
198 1362 294 1428 Wido
303 1372 398 1449 pater
411 1363 502 1429 dedit
519 1364 631 1430 domui
645 1364 694 1429 illi
711 1366 958 1433 aduocacionem
973 1369 1061 1434 illius
1076 1371 1208 1437 ecclesie

112 1472 329 1538 cumfiliosuo.
373 1472 490 1569 Postea
498 1494 575 1537 uero
586 1472 885 1559 defirnclapersona
895 1476 983 1541 illius
994 1478 1135 1554 ecclesie,
1144 1479 1207 1544 fuit

113 1574 197 1640 Wido
211 1585 383 1663 postnalus
402 1577 551 1643 dominus
571 1578 612 1643 de
627 1578 814 1644 Batefordia
829 1588 863 1645 et
878 1584 1080 1667 presentauit
1094 1607 1207 1670 quem-

112 1678 177 1743 dam
199 1680 381 1747 Roberlum
404 1680 537 1746 frairem
560 1704 656 1746 suum
679 1682 868 1747 bastardum
894 1684 952 1769 qui
979 1686 1096 1751 ultimo
1126 1688 1208 1752 obiit

111 1804 233 1866 persons
252 1785 400 1851 eiusdem
422 1784 554 1850 ecclesie
575 1784 734 1851 admissus
754 1786 797 1851 ad
816 1788 1091 1873 presentacionem
1105 1790 1207 1876 ipsius

112 1886 245 1953 Widonis
259 1896 407 1974 lempore
421 1888 516 1974 pacis.
563 1886 606 1952 Et
621 1910 719 1973 super
734 1888 795 1954 hoc
810 1889 903 1953 uenit
918 1890 1010 1953 Prior
1023 1889 1064 1955 de
1083 1891 1206 1956 Thorn-

112 1990 221 2059 holmia
243 2002 278 2058 et
306 1993 498 2079 dicitquod
523 1991 611 2057 idem
637 1992 734 2057 Wido
759 1992 801 2057 de
825 1993 892 2057 Ver
919 1992 1027 2057 iunior
1054 1992 1146 2058 dedit
1176 1995 1207 2060 ei

109 2096 346 2163 cduocccionem
369 2096 458 2161 illius
481 2096 612 2161 ecclesie
633 2104 833 2182 porcariam
853 2119 945 2162 suam
968 2120 1067 2182 quam
1085 2098 1207 2182 profert

110 2206 138 2263 el
161 2222 220 2286 que
247 2208 393 2265 testatur
420 2199 508 2285 quod
533 2200 602 2285 ipse
628 2199 720 2265 dedit
746 2209 805 2265 etc.
832 2200 893 2266 deo
917 2208 951 2266 et
977 2200 1009 2266 S.
1036 2200 1139 2266 Marie
1164 2201 1206 2267 de

110 2303 329 2369 Thornlrolmia
344 2311 378 2368 et
393 2302 552 2368 canonicis
567 2310 626 2367 eto
643 2302 810 2369 ecclesiam
824 2303 866 2368 de
886 2304 1114 2369 Bonetefordia
1130 2327 1204 2369 cum

109 2409 244 2475 omnibus
268 2417 351 2495 peri.
379 2416 447 2484 ecc,
475 2414 508 2471 el
534 2406 625 2471 dedit
651 2414 710 2471 etc.
757 2406 801 2471 Et
822 2406 908 2492 petit
931 2406 1081 2472 seisinam
1103 2406 1206 2493 ipsius

108 2510 249 2580 Widonis
298 2513 342 2578 Ec
357 2512 513 2578 imatores
528 2510 655 2598 quesiti,
670 2512 744 2597 quis
758 2512 802 2577 sit
817 2512 911 2578 heres
923 2511 1079 2592 widonis,
1091 2513 1206 2579 dicunt

107 2615 182 2697 quod
203 2615 319 2681 Simon
341 2613 383 2680 de
405 2613 472 2679 Ver
492 2613 578 2679 filius
600 2623 634 2679 ei
656 2615 749 2678 heres
771 2613 911 2679 Walteri
932 2615 973 2680 de
996 2615 1064 2680 Ver
1088 2616 1148 2680 filii
1170 2624 1204 2681 et

107 2715 221 2782 heredis
250 2717 355 2804 ipsius
385 2717 539 2782 Widonis
585 2717 645 2782 Set
673 2717 752 2802 quia
780 2716 868 2781 idem
899 2716 1013 2782 Simon
1041 2727 1091 2782 est
1119 2718 1206 2784 infra

106 2829 225 2900 elatem,
239 2821 481 2887 consideratum
496 2829 545 2886 esl
560 2821 646 2907 quod
665 2821 754 2887 idem
774 2821 866 2886 Prior
885 2830 939 2887 eat
962 2822 1038 2887 inde
1060 2823 1131 2888 sine
1150 2822 1204 2888 die

108 2926 253 3010 usquead
268 2934 395 2992 etatem
414 2925 516 3012 ipsius
536 2925 687 3004 Simonis,
702 2934 740 2990 ul
762 2933 842 2989 tuno
863 2935 1142 2991 resummonealur
1162 2926 1204 2991 ad
1252 2967 1257 2974 ·
1334 2919 1338 2926 ’

107 3031 357 3115 respondendum
371 3030 434 3117 ipsi
449 3030 551 3096 Priori
565 3031 607 3095 de
621 3029 780 3094 warancis
793 3029 938 3114 predicte
953 3038 1047 3095 carte

162 3131 276 3220 'Hugo
288 3132 693 3218 deNeuillapeliluersus
705 3131 847 3197 Priorem
856 3132 897 3197 de
908 3132 941 3196 la
949 3132 1059 3197 Lande
1067 3131 1203 3198 aduoca-
1251 3139 1334 3188 ΜΨ

107 3235 218 3302 cionem
234 3237 370 3303 ecclesie
384 3236 426 3302 de
440 3234 565 3302 Amhol
580 3244 618 3301 ut
633 3235 685 3300 ius
704 3258 801 3300 suum
821 3243 890 3313 etc,
905 3245 940 3301 el
959 3245 998 3300 ut
1012 3236 1102 3300 illam
1117 3235 1203 3300 unde

106 3335 188 3405 Doni
204 3342 234 3407 J.
250 3341 325 3405 Rex
340 3339 403 3404 fuit
418 3338 548 3404 seisilus
562 3338 612 3403 ita
625 3336 713 3424 quod
727 3337 928 3422 presentauit
942 3337 1093 3402 clericum
1107 3359 1204 3401 suum

105 3442 214 3509 scilicet
222 3446 246 3510 J
247 3446 411 3511 ohannem
423 3443 464 3509 de
473 3443 630 3508 Weslona
636 3440 695 3527 qui
706 3440 747 3506 sd
756 3439 1030 3527 presentacionem
1039 3463 1132 3505 suam
1140 3441 1204 3505 firic

105 3544 251 3614 admissus
262 3548 421 3634 capiendo
430 3546 506 3612 inde
515 3547 645 3633 expleta
654 3553 692 3610 ul
703 3545 738 3611 in
748 3545 966 3610 oblacionibus
976 3555 1010 3610 et
1018 3545 1205 3610 huiusmodi

105 3649 494 3718 adualenciamvsoleto.
518 3651 612 3716 Idem
621 3650 693 3716 Rex
703 3648 943 3715 J.dedileidem
953 3649 1087 3737 Hugoni
1095 3657 1205 3714 lotum

105 3757 276 3822 manerium
298 3754 382 3821 illud
399 3779 474 3820 cum
494 3755 644 3820 omnibus
663 3763 743 3841 perl.
760 3754 876 3819 suiset
896 3777 970 3819 cum
991 3753 1207 3819 sduocacione

105 3859 225 3927 ecclesie
239 3885 300 3949 per
314 3869 437 3927 cartam
452 3883 544 3926 suam
556 3883 655 3946 quam
666 3859 787 3946 profert
802 3867 837 3923 et
851 3881 915 3944 que
930 3859 991 3923 hoc
1005 3865 1153 3936 testatur,
1168 3867 1202 3922 el

104 3959 289 4031 hscracione
299 3965 768 4052 petitipseseisinamsuam,el
778 3963 889 4028 dehoc
899 3960 1202 4047 quodDomJ.Rex

105 4064 209 4134 luitita
216 4069 438 4136 seisilussioul
446 4070 627 4157 predictum
633 4077 684 4134 est·
692 4067 785 4133 offert
794 4066 928 4154 probare
939 4065 1203 4151 proutcuriaeic.⁴

133 4243 140 4275 ¹
155 4247 184 4296 L
197 4263 232 4298 m.
243 4250 274 4308 2;
290 4248 321 4300 B.
335 4263 371 4299 m.
385 4249 410 4297 3.
704 4250 716 4283 ⁴
732 4247 797 4298 This
808 4263 892 4299 seems
902 4263 919 4299 c
929 4250 1008 4298 count
1018 4263 1054 4298 on
1065 4247 1110 4298 the
1121 4246 1200 4298 seisin

132 4310 143 4404 ζ
156 4313 314 4439 {efflet}
321 4313 538 4429 Sinioiedsmi'
549 4315 580 4364 B.
674 4315 703 4365 ol
711 4328 728 4365 a
738 4313 822 4365 donor
832 4329 862 4364 as
873 4317 901 4364 lo
912 4312 997 4364 which
1008 4328 1051 4364 ses
1060 4313 1105 4363 Br.
1115 4314 1133 4362 l.
1142 4314 1199 4364 376.

183 4493 215 4542 n
240 4493 290 4541 111.
515 4557 517 4562 Ι
1070 4478 1111 4538 22
