3167 5075
354 384 418 445 550
650 393 792 454 mmm,
814 393 880 443 tn.
904 380 998 454 1226,
1024 392 1088 443 nn
1112 381 1162 443 10.

238 625 242 633 .
352 567 470 634 hebuit
492 567 643 632 seisinem
666 567 869 653 percutiam
891 567 986 632 Doni
1009 566 1118 654 Regis,
1140 575 1175 634 et
1197 566 1338 632 Thomas
1362 563 1449 630 nichil

351 670 495 738 ostendit
520 670 607 757 qnod
632 670 709 736 telis
731 679 817 736 esset
838 670 1023 748 conuencio,
1044 669 1283 738 consideratum
1303 669 1452 756 estquod

353 775 548 842 Godefridus
570 783 625 842 eet
646 775 723 840 inde
746 775 879 862 quietus
900 784 936 841 et
956 775 1098 842 Thomas
1119 775 1157 844 in
1174 774 1393 843 miseriootdin
1403 796 1453 860 pro

352 879 542 946 intrusione.

417 983 544 1049 ‘Abbes
567 983 608 1048 de
636 983 667 1049 S.
693 981 832 1049 Seuero⁸
856 983 943 1069 petit
965 1004 1079 1050 uersus
1099 983 1304 1050 willelmum
1330 981 1455 1050 Doissel'

271 1097 282 1126 ⁰
352 1088 428 1154 dim.
444 1087 555 1152 hidem
571 1095 655 1152 terre
671 1109 745 1151 cum
761 1094 843 1172 pert.
856 1085 894 1150 in
908 1085 1118 1152 Hnunewode
1139 1093 1180 1150 ut
1193 1085 1246 1152 ins
1260 1085 1393 1152 scolene
1405 1106 1455 1150 suc

352 1192 401 1258 its
426 1190 513 1278 quod
535 1190 719 1256 Willelmus
743 1189 854 1276 posuit
882 1213 917 1257 se
946 1189 981 1256 in
1010 1212 1163 1278 magnam
1192 1189 1325 1256 assim
1352 1211 1454 1256 uersus

352 1293 493 1360 eundem
514 1292 679 1360 Abhatem
701 1299 737 1357 et
758 1300 899 1378 quatuor
920 1291 1042 1358 milites
1063 1292 1255 1358 summoniti
1274 1289 1455 1358 fuenmtnd

353 1395 539 1483 eligendum
554 1395 607 1481 xij.
623 1403 684 1460 eto
730 1395 774 1460 Et
788 1403 903 1478 postes
916 1393 995 1460 feeit
1008 1393 1095 1460 idem
1110 1394 1297 1461 Willelmus
1311 1394 1455 1460 dentum

353 1499 413 1566 nli
427 1499 481 1564 die
496 1505 557 1563 etc.
572 1519 630 1584 per
644 1496 731 1584 quod
745 1504 834 1562 terra
848 1504 945 1583 ospto
958 1496 1023 1562 fuit
1043 1495 1078 1561 in
1098 1519 1233 1562 menum
1248 1497 1344 1562 Dom.
1359 1495 1458 1583 Regis

355 1605 400 1678 Et
414 1602 598 1670 Willelmus
613 1601 706 1668 uenit
720 1609 756 1667 et
770 1601 936 1689 cognoscit
949 1600 1113 1667 defsltam
1159 1601 1204 1665 Et
1218 1599 1293 1667 ideo
1307 1598 1457 1666 consider·

353 1715 446 1778 etum
461 1715 512 1772 est
526 1707 613 1793 quod
628 1707 741 1772 Abbes
748 1705 956 1793 recuperauit
966 1705 1119 1772 seisinem
1129 1728 1224 1772 sunm
1234 1728 1293 1793 per
1304 1704 1460 1780 defaltum.

354 1818 389 1877 et
404 1810 588 1876 Willelmus
604 1810 638 1874 in
655 1809 874 1876 misericordia
886 1818 946 1874 etc

417 1913 580 1981 ⁸Andreas
605 1914 692 1980 filius
715 1915 851 1980 Roberti
874 1914 1019 2001 appellat
1045 1913 1234 1980 Mattheum
1257 1912 1457 1980 Vinctarium
1540 1940 1541 1983 ς

279 2035 299 2064 ¹³2
354 2019 440 2106 quod
465 2018 643 2104 sicutipse
669 2026 704 2084 et
726 2017 893 2084 Walterus
917 2019 1018 2084 fmter
1044 2041 1124 2084 suns
1152 2020 1288 2087 fuerunt
1312 2020 1349 2086 in
1373 2018 1461 2084 domo

354 2122 513 2190 Willelmi
534 2121 668 2188 Pistoris
689 2122 779 2208 apud
800 2121 925 2188 Thnme
946 2121 990 2188 sd
1010 2122 1196 2210 dignerium
1215 2147 1315 2188 suum
1334 2123 1396 2190 tnli
1413 2122 1460 2188 die

206 2254 278 2285 omn
354 2235 414 2291 etc.
436 2225 472 2290 in
493 2247 574 2311 pace
598 2225 691 2290 Doni
714 2224 824 2311 Regis,
846 2226 941 2290 uenit
962 2226 1049 2291 idem
1076 2225 1247 2292 Mattheus
1270 2227 1370 2292 simul
1393 2245 1460 2290 cnm

353 2329 480 2415 Rogero
495 2327 651 2394 seruienti
664 2327 804 2415 predicti
814 2328 972 2394 Willelmi
987 2337 1021 2394 et
1037 2327 1198 2414 percussit
1210 2328 1320 2394 Adam
1334 2331 1458 2396 tatem

353 2455 466 2496 eorum
483 2431 625 2518 quodam
640 2431 757 2500 hechin
771 2431 814 2496 sd
828 2432 938 2519 picum
953 2432 988 2498 in
1003 2433 1109 2519 capite
1124 2433 1174 2498 its
1190 2433 1277 2520 quod
1290 2433 1419 2512 cecidit,
1430 2443 1461 2498 et
1540 2480 1541 2497 1

355 2538 501 2624 Rogerus
516 2558 592 2601 eum
606 2544 720 2623 postea
733 2537 894 2623 percussit
907 2537 943 2603 in
957 2537 1065 2623 ospite
1079 2537 1219 2624 quodam
1230 2539 1304 2623 palo
1316 2539 1370 2605 itu
1383 2538 1462 2625 quod

354 2641 467 2716 statim
489 2639 580 2719 obiit,
595 2649 630 2705 et
646 2638 835 2706 Willelmus
857 2640 921 2707 fuit
942 2640 978 2705 in
999 2641 1105 2719 foreis,
1126 2652 1160 2707 et
1182 2650 1297 2727 postes
1316 2643 1462 2709 tulerunt

354 2768 469 2831 corpus
494 2766 596 2831 usqne
622 2744 664 2809 od
690 2767 808 2831 squam
833 2753 868 2811 et
890 2744 973 2811 illud
995 2745 1202 2811 iootsueiunt
1225 2746 1260 2811 in
1281 2754 1461 2832 aquomst

354 2848 441 2935 quod
462 2848 549 2915 idem
572 2850 742 2917 Mattheus
763 2851 824 2916 hoc
845 2850 924 2917 iecit
945 2851 1097 2937 nequiter
1117 2860 1190 2931 eto¹
1212 2853 1307 2918 offert
1328 2852 1460 2939 prohnre
1539 2933 1540 2938 ἵ

355 2974 468 3017 uersus
490 2974 566 3017 eum
585 2953 672 3019 sicut
691 2953 782 3019 curin
796 2954 1058 3037 considerauerit,
1073 2954 1159 3022 siout
1172 2955 1230 3021 ille
1243 2956 1302 3043 qui
1313 2954 1460 3023 interfuit
1539 2981 1540 3048 l

355 3056 413 3121 uhi
428 3056 598 3121 Mattheus
612 3057 771 3143 percussit
787 3067 846 3123 etc

296 3232 298 3237 ,
421 3161 464 3225 Et
486 3161 651 3227 Walterus
677 3160 790 3227 eodem
814 3161 918 3228 modo
931 3163 1075 3249 appellnt
1096 3164 1263 3251 Rogemm
1283 3164 1459 3250 pnsdictnm

354 3265 441 3349 quod
449 3265 784 3434 ¹percussit-eundem
806 3264 915 3333 Adam
936 3267 1078 3354 quodum
1095 3268 1169 3354 pelo
1183 3269 1219 3333 in
1233 3269 1342 3355 eapite
1355 3278 1418 3335 otc
1429 3278 1462 3333 et

355 3370 448 3435 hoco
474 3376 524 3437 ert
539 3378 599 3436 eto.

420 3475 464 3539 Et
487 3474 656 3539 Mattheus
678 3475 771 3541 uenit
793 3484 829 3540 et
851 3474 997 3540 defendit
1017 3476 1167 3543 feloninm
1190 3485 1227 3543 et
1243 3499 1357 3563 paoem
1371 3478 1460 3543 Dom

355 3578 455 3665 Regis
470 3586 539 3657 etc,
548 3586 583 3645 et
597 3578 683 3665 petit
697 3578 761 3645 sibi
775 3579 905 3645 nllocnri
919 3579 1007 3665 quod
1020 3580 1083 3666 ipsi
1093 3580 1242 3647 Andreas
1256 3591 1291 3647 et
1304 3581 1460 3647 waltenn

355 3681 390 3747 in
412 3682 517 3769 primo
542 3682 711 3749 hundredo
740 3692 913 3770 postquem
934 3684 1042 3751 Adam
1063 3684 1180 3751 debuit
1200 3686 1302 3753 occidi
1322 3686 1461 3772 appelln-
1538 3703 1539 3732 ³

356 3795 477 3852 uerunt
505 3788 666 3873 predictos
687 3788 853 3876 Rogemm
879 3797 914 3853 et
935 3788 1137 3857 Willelmum
1158 3790 1200 3855 de
1221 3799 1325 3858 mette
1344 3790 1404 3855 illn
1422 3788 1460 3854 de
1538 3853 1539 3868 ¹

357 3889 461 3970 facto⁴‚
472 3900 507 3957 et
522 3900 635 3977 postes
645 3890 687 3957 ad
702 3892 881 3962 secundum
892 3892 1099 3961 hunmedum
1111 3916 1173 3979 per
1180 3916 1233 3963 xv.
1243 3894 1313 3961 dies
1322 3904 1459 3959 nonme·

357 4006 407 4065 tos
422 3996 526 4084 primo
540 3998 789 4083 appellauerunt
803 3998 910 4084 ipsum
925 3998 1107 4077 Msthenm,
1120 4008 1155 4065 et
1169 4008 1317 4086 preterea
1328 3998 1460 4086 petnnt⁸

378 4196 401 4239 .1
419 4196 551 4247 B.m.12.
888 4220 891 4224 ²
970 4198 981 4230 ⁴
998 4198 1457 4265 Theywoecnppecleocsprindpds

391 4262 402 4293 ¹
418 4260 501 4311 lnthe
509 4260 608 4312 diocese
617 4262 644 4312 ol
655 4262 808 4315 Goutsnces.
818 4262 885 4313 Gall.
939 4268 987 4313 not
998 4279 1028 4313 ns
1040 4266 1203 4318 soosmories.

360 4326 455 4441 Chrisst.
462 4326 573 4440 3113111,
587 4328 634 4377 ool.
647 4330 704 4379 91³.
971 4330 982 4361 ὅ
999 4329 1050 4386 stc,
1062 4330 1093 4380 B.
