3167 5075
426 381 571 443 tuum,
591 381 656 431 nn.
682 369 775 444 1223,
797 383 860 432 nn
884 371 913 434 7.
1158 372 1221 432 455

59 575 90 636 (3,
181 552 351 621 ‘Gunnora
364 579 428 642 que
443 558 507 622 suit
518 581 599 623 uxor
608 558 768 624 «Iohannis
778 558 840 622 filii
849 557 999 644 Hugonis
1009 557 1095 643 petit
1109 559 1221 622 uersus
1272 571 1342 611 Bm

121 660 248 725 Petrum
274 661 381 726 filium
403 662 580 727 Hereberti
605 662 738 727 terciam
762 669 890 747 partem
915 661 1054 725 dunnim
1075 661 1220 747 poncium

121 769 251 832 duarum
267 792 369 834 curuo.
382 778 467 835 terre
482 793 557 834 oum
571 768 699 855 pertin
714 769 928 832 Thedmerse'
942 776 980 831 ut
995 767 1105 832 dotem
1120 790 1221 844 sunm,

120 872 201 963 unde
214 872 380 958 predictus
394 874 418 939 J
418 873 560 938 ohannes
574 873 738 959 quondam
753 873 806 936 uir
819 895 897 936 suus
918 894 990 936 eam
1010 872 1138 936 dotauit
1161 881 1220 937 etc.

122 977 161 1040 Et
175 977 290 1042 Petrus
304 976 384 1042 dicit
399 978 485 1063 quod
501 976 637 1042 Matillis
657 977 698 1042 de
719 977 875 1040 Bemeres
890 975 990 1039 habet
1005 975 1115 1040 dotem
1130 997 1222 1040 suam

120 1080 157 1144 de
170 1081 283 1145 eadem
297 1089 385 1145 terra
399 1103 458 1167 per
471 1090 661 1167 preceptum
682 1080 775 1145 Dom
791 1079 900 1165 Regin,
916 1087 950 1143 et
964 1079 1050 1165 petit
1065 1078 1222 1143 iudicium

119 1184 144 1247 si
170 1185 287 1250 debeat
315 1184 443 1249 duabus
465 1183 662 1249 feminabus⁸
686 1185 796 1248 dotem
826 1183 936 1248 fauere.
982 1183 1026 1247 Et
1052 1183 1130 1269 quia
1152 1183 1224 1268 ipsu

120 1287 268 1353 Gunnorn
289 1289 403 1353 eodem
424 1289 520 1352 modo
540 1288 658 1353 clamat
679 1287 788 1352 dotem
810 1309 922 1352 uersus
937 1287 1072 1352 eandem
1087 1289 1222 1352 Matilli-

119 1391 196 1468 dem,
209 1401 376 1458 remaneat
391 1391 520 1479 loquele
533 1392 603 1456 sine
618 1391 671 1456 die
686 1414 799 1456 uersus
822 1391 965 1470 Petrum,
980 1390 1081 1456 donec
1102 1391 1223 1456 sciatur

120 1495 191 1579 quid
205 1496 329 1561 factum
344 1497 443 1561 luerit
457 1497 630 1561 inteream
645 1504 679 1561 et
695 1495 890 1560 Matillidem
907 1504 966 1560 eto.

59 1599 89 1661 il.
177 1597 374 1666 ⁴Willelmuo
388 1601 601 1686 Lungespeye
616 1599 732 1665 Comes
748 1598 933 1664 Saninbirie
949 1621 1007 1684 per
1020 1607 1222 1664 attornatum
1301 1635 1347 1664 ouo.

119 1724 206 1766 suum
221 1701 309 1787 petit
323 1725 437 1767 nemus
451 1703 608 1766 Thomam
623 1702 664 1767 de
679 1701 840 1787 Berkelay
851 1724 892 1766 oo.
906 1710 940 1766 et
955 1701 996 1766 xl.
1006 1724 1128 1767 mareas
1143 1725 1223 1788 quus

120 1806 147 1870 ei
159 1807 255 1872 debet
270 1829 329 1892 pro
343 1807 487 1872 Roberto
505 1807 547 1872 de
569 1798 729 1892 Berkelay
744 1808 842 1871 fratre
864 1829 922 1870 suo
945 1807 1037 1871 cuius
1059 1807 1151 1871 heres
1173 1815 1223 1871 est

120 1918 183 1987 eto,
197 1910 288 1975 unde
302 1911 424 1997 profeit
438 1919 562 1976 cartam
576 1911 721 1976 eiusdem
740 1909 877 1975 Roberti
897 1933 960 1996 que
980 1916 1122 1975 testetur
1136 1909 1222 1996 quod

120 2013 200 2078 idem
213 2015 378 2079 Robertus
393 2016 601 2101 obmagnam
615 2015 842 2080 necessitatem
858 2025 951 2079 suam
966 2023 1082 2080 mutuo
1096 2015 1222 2100 aceepit

120 2122 244 2178 tantum
267 2122 327 2179 eto
349 2115 551 2179 reddendum
576 2115 661 2180 infru
684 2115 765 2180 duos
790 2137 892 2179 annos
915 2123 973 2180 eto.
998 2123 1166 2180 contentos
1187 2114 1223 2180 in

121 2217 314 2304 cyrographo
328 2226 389 2283 eto.

178 2322 222 2386 Et
237 2322 378 2386 Thomas
393 2322 486 2386 uenit
501 2331 535 2387 et
551 2322 631 2388 dicit
651 2324 737 2409 quod
759 2323 800 2387 de
821 2323 933 2387 eodem
957 2322 1067 2387 debito
1089 2321 1223 2407 inplaci-

120 2432 204 2490 tatur
224 2425 295 2511 ips‘e
317 2448 338 2490 a
360 2425 489 2492 Comite
513 2426 676 2490 Willelmo
699 2426 895 2503 Maresoallo‚
918 2426 975 2512 qui
997 2434 1036 2491 ut
1057 2425 1137 2492 dicit
1160 2425 1223 2491 suit

120 2526 241 2615 plegius
255 2528 392 2595 Robeiti
406 2528 514 2595 fratris
528 2528 580 2595 sui
594 2529 635 2595 de
651 2529 764 2595 eodem
784 2529 904 2607 debito,
920 2529 967 2595 ita
988 2529 1075 2615 quod
1097 2528 1224 2616 loquela

122 2641 283 2719 estsuper
304 2633 462 2698 iudicium
483 2634 571 2699 inter
593 2656 668 2698 eum
690 2642 724 2698 et
748 2633 910 2699 Comitem
934 2634 1167 2710 Mnmeoollum,
1189 2641 1224 2698 et

120 2737 199 2820 petit
219 2736 378 2803 iudicium
400 2738 428 2802 si
449 2737 608 2803 ambobus
629 2737 670 2802 de
692 2760 757 2803 uno
779 2746 814 2802 et
837 2738 949 2803 eodem
972 2736 1083 2803 debito
1106 2737 1224 2803 debeat

120 2841 315 2927 respondere.

180 2944 223 3010 Et
251 2944 367 3010 comes
392 2946 579 3011 Sanisbirie
604 2945 685 3011 dicit
711 2946 798 3031 quod
823 2945 924 3011 nichil
949 2946 1010 3011 scit
1035 2947 1077 3011 de
1104 2945 1224 3032 placito

121 3047 253 3114 Comitis
267 3049 456 3127 Mareeoolli
471 3059 522 3115 eet
536 3072 650 3115 uersus
666 3049 805 3114 eundem
826 3049 983 3114 Thomam
1006 3049 1091 3115 siout
1112 3070 1225 3113 uersus

121 3152 288 3238 capitalem
309 3153 490 3219 debitorem
510 3152 645 3240 petuntl
664 3152 814 3218 debitum
832 3152 924 3232 illud,
940 3162 975 3219 et
993 3154 1069 3218 inde
1091 3152 1225 3239 petunt⁸

123 3255 283 3323 iudicium

183 3361 227 3425 Et
242 3361 384 3427 Thomas
397 3361 580 3447 dicitquod
594 3361 683 3425 idem
699 3360 816 3427 Comes
831 3361 1017 3427 Sanisbirie
1032 3360 1119 3447 cepit
1134 3384 1168 3425 se
1183 3360 1224 3426 de

124 3461 228 3528 debito
249 3464 306 3529 illo
327 3466 369 3530 ad
392 3465 554 3531 Comitem
577 3464 811 3542 Maresoellum,
834 3465 883 3529 ito
907 3466 992 3551 quod
1019 3465 1225 3531 Mnescallus

123 3567 274 3633 satisfecit
289 3568 366 3635 inde
383 3570 490 3635 eidem
512 3567 643 3646 comiti,
658 3575 692 3633 et
712 3567 782 3654 ipso
805 3569 921 3635 Comes
943 3569 1150 3635 Maresoollus
1165 3568 1225 3633 hoc
1263 3634 1267 3647 ,

124 3673 268 3758 cognouit
304 3696 412 3739 coram
440 3672 626 3738 iustioinriis
655 3672 773 3737 ultimo
801 3672 1042 3749 itinerantibus,
1073 3681 1106 3737 et
1137 3674 1224 3739 idem

124 3774 233 3842 Comes
254 3777 463 3855 Mureeonllus
483 3776 622 3843 intrauit
644 3777 679 3842 in
700 3777 817 3842 sultam
840 3776 881 3841 de
901 3776 942 3841 lx.
958 3776 1083 3854 marcis,
1098 3786 1131 3841 et
1149 3776 1224 3841 inde

124 3878 267 3963 producit
281 3889 413 3946 sectam.

184 3984 227 4049 Et
241 3984 358 4052 Comes
371 4008 431 4071 per
444 3992 647 4050 attornatum
662 4008 758 4051 suum
776 3984 871 4049 uenit
893 3992 928 4049 et
948 3983 1095 4050 defendit
1114 3992 1226 4051 contra

126 4107 196 4151 eum
209 4098 243 4154 et
256 4098 368 4155 contra
382 4097 503 4154 sectam
519 4111 620 4168 suam,
635 4087 723 4175 quod
736 4112 905 4175 nunquam
922 4089 1009 4175 oepit
1020 4110 1054 4153 se
1065 4088 1225 4176 adipsum

158 4219 316 4273 113.m.2d„
353 4222 646 4286 Thiuooseisoitedby
728 4224 884 4283 'moritum
894 4224 924 4273 B.

126 4282 366 4348 Bnetoufeoob.
399 4289 533 4339 Formore
549 4290 578 4338 of
593 4289 647 4339 thiu
729 4290 786 4338 ⁴13.
799 4304 834 4337 m.
847 4290 871 4337 3.

128 4347 365 4412 nsputemcasos
378 4354 506 4404 1120und
518 4356 590 4405 1176.
729 4355 827 4405 ⁵corr.
837 4356 910 4417 petit,
922 4353 952 4405 B.

157 4414 352 4481 ’rhemmon
365 4419 396 4469 B.
