3167 5075
384 461 386 466 -
508 437 574 486 11).
599 422 691 500 1227,
715 439 777 488 aa
803 426 851 488 12.
1167 428 1231 490 683

127 606 214 671 curia
235 607 268 673 S.
291 607 457 673 Edmundi
478 608 519 675 de
541 610 687 695 predicta
712 619 808 687 terra,
829 611 878 675 ita
899 611 986 697 quod
1008 612 1078 697 ipse
1099 612 1233 677 uocauit

127 711 200 776 inde
220 711 261 777 ad
276 721 457 777 warantum
477 713 653 801 Hugonem
670 715 746 791 Ver,
762 714 819 800 qui
839 714 933 778 uenit
952 715 987 779 in
1008 716 1122 780 eadem
1144 717 1235 782 ouria

127 823 159 880 91
173 815 204 880 91
218 816 451 893 warentizauit,
467 825 500 882 et
516 839 614 903 super
627 827 809 882 warantum
823 817 905 882 illud
920 819 1005 883 cons'
1020 819 1066 884 ei¹
1082 820 1232 885 saisinam

127 941 222 984 suam
270 920 313 984 Et
324 920 398 984 ideo
412 921 621 987 senescallus¹
636 923 757 987 habeat
772 922 941 988 recordum
955 932 1016 989 etc.

187 1023 266 1087 Post
282 1024 374 1088 uenit
389 1025 573 1089 Willelmus
587 1025 740 1110 Tropinel
754 1025 806 1090 uir
820 1025 923 1111 ipsius
937 1025 1089 1102 Hawisie,
1104 1035 1139 1090 et
1154 1025 1235 1091 dicit

126 1125 209 1211 quod
231 1127 303 1212 ipsa
324 1136 374 1192 est
395 1150 477 1192 uxor
499 1151 558 1193 sua
578 1138 612 1194 91
634 1129 720 1215 quod
740 1129 950 1215 desponsauit
970 1152 1042 1194 eam
1056 1138 1234 1215 antequam

125 1229 222 1294 assisa
236 1232 394 1296 aramiata
408 1240 502 1297 esset.
547 1233 590 1297 Et
606 1233 770 1298 Galfridus
790 1255 856 1297 non
875 1234 986 1319 potuit
1001 1234 1062 1298 hoc
1076 1234 1231 1301 dedicere

126 1335 167 1398 Et
181 1335 255 1400 ideo
270 1337 508 1402 consideratum
524 1346 574 1402 est
588 1337 675 1423 quod
695 1335 841 1403 Hawisia
860 1346 915 1402 eat
935 1337 1011 1402 inde
1031 1337 1101 1402 sine
1121 1338 1175 1404 die
1198 1346 1233 1404 91

126 1439 161 1502 G.
177 1439 212 1503 in
227 1440 454 1508 misericordia.

40 1533 91 1601 ³17.
186 1541 315 1607 'Assisa
330 1544 423 1609 uenit
437 1543 643 1630 recognitura
662 1544 690 1609 si
710 1543 850 1608 Brianus
869 1543 956 1608 filius
976 1544 1109 1609 Radulfi
1128 1566 1231 1610 auun-

124 1647 213 1710 culus
239 1647 400 1712 Johannis
426 1649 486 1713 filii
507 1648 665 1714 Willelmi
689 1648 752 1712 fuit
776 1648 906 1712 saisitus
931 1648 966 1712 in
989 1648 1149 1713 dominico
1174 1668 1233 1714 sno

124 1759 192 1830 etc,
207 1751 247 1816 de
264 1751 365 1837 xxiiij.
381 1774 442 1817 acr.
458 1761 544 1818 terre
565 1775 640 1817 cum
660 1760 739 1837 pert.
756 1751 792 1816 in
813 1751 977 1816 Fornham
996 1751 1050 1816 die
1071 1761 1141 1829 etc„
1156 1759 1190 1816 et
1204 1751 1233 1816 si

124 1863 190 1932 etc,
213 1878 312 1941 quam
336 1865 454 1920 terram
480 1857 597 1921 Emma
620 1855 688 1920 filia
713 1855 850 1920 Roberti
873 1855 913 1919 de
940 1855 1109 1920 Eluedena
1131 1863 1231 1920 tenet.

124 1958 194 2038 Qua
224 1959 319 2022 uenit
349 1967 383 2024 et
413 1958 492 2024 dicit
523 1959 609 2046 quod
635 1981 700 2022 non
726 1966 819 2022 191191
845 1965 965 2022 terram
991 1958 1082 2023 illam
1109 1958 1173 2024 nisi
1197 1959 1232 2022 in

123 2061 268 2125 custodia
290 2084 365 2126 cum
387 2060 527 2126 Radulso
549 2061 616 2126 filio
637 2083 704 2138 suo,
721 2067 755 2124 91
776 2068 872 2124 uocat
892 2059 969 2125 iude
987 2061 1030 2125 ad
1051 2069 1232 2125 warantum

123 2164 262 2228 eundem
278 2163 464 2229 Radulfum.

185 2267 264 2332 Post
301 2267 394 2332 uenit
431 2267 548 2331 Emma
580 2275 614 2331 et
643 2267 723 2332 dicit
752 2267 838 2352 quod
867 2267 975 2331 Alicia
1002 2275 1109 2332 mater
1135 2268 1231 2333 istius
1245 2282 1288 2321 00¹1
1245 2284 1380 2370 „ssfflffi

121 2371 280 2436 Johannis
295 2394 382 2436 soror
402 2371 540 2458 predicti
562 2371 674 2436 Briani
694 2381 728 2436 91
750 2372 915 2457 predictus
937 2371 1076 2437 Briauus
1097 2373 1271 2461 fuerunt⁸¹¹
1244 2386 1272 2423 qu
1258 2376 1357 2416 ⁰⁰⁶³&

121 2474 273 2554 bastardi,
289 2475 366 2562 quia
380 2474 616 2539 Radulfust
557 2483 616 2561 pat
617 2497 653 2540 er
671 2475 813 2561 ipsorum
834 2497 1003 2562 nunquam
1023 2475 1333 2563 desponsauit⁹⁰²⁸⁰⁰⁸
1244 2471 1380 2557 mmm

121 2604 263 2658 uxorem,
292 2580 371 2668 quia
399 2589 470 2645 tota
498 2581 570 2644 uita
599 2602 659 2645 sua
686 2579 772 2644 uixit
802 2588 840 2644 ut
872 2603 1009 2666 persona
1044 2589 1079 2646 91
1115 2564 1339 2648 habuitiiiimm
1243 2620 1353 2659 mquam

121 2683 270 2748 ecelesias
292 2706 375 2748 suas.
425 2683 468 2746 Et
490 2682 657 2749 «Iohannes
679 2705 744 2746 non
765 2683 876 2768 potuit
898 2683 958 2748 hoc
980 2684 1129 2749 dedicere
1151 2685 1230 2771 quin
1243 2658 1373 2753 iiiomiiif‘

122 2785 244 2849 Radulf
230 2788 281 2849 fus
296 2785 428 2849 obiisset
414 2792 586 2870 tpersona,
598 2808 658 2849 nec
669 2785 837 2849 ostendere
849 2794 957 2871 potest
973 2786 1058 2873 quod
1075 2810 1231 2873 umquam

121 2911 255 2954 uxorem
275 2890 508 2974 desponsasset,
524 2897 558 2953 et
578 2888 651 2953 ideo
674 2888 913 2954 consideratum
935 2897 986 2954 est
1007 2890 1094 2975 quod
1116 2890 1234 2955 Emma

122 2993 195 3058 inde
211 2993 327 3079 quieta
342 3001 377 3058 91
391 2992 558 3059 «Iohannes
572 2992 608 3057 in
623 2991 842 3057 misericordia
856 3001 915 3058 etc

78 3148 83 3158 .
186 3096 317 3161 ⁴Assisa
332 3097 425 3161 uenit
440 3096 646 3183 recognitum
659 3094 688 3159 si
702 3095 842 3160 Thomas
862 3096 903 3161 de
924 3097 1076 3162 Dodenes
1095 3104 1130 3163 et
1149 3099 1232 3164 tales

121 3210 178 3267 etc.
194 3202 319 3265 iniuste
335 3208 394 3265 etc.
408 3200 654 3264 disseisiuerunt
668 3199 776 3263 Adam
791 3199 896 3264 filium
908 3200 1067 3265 Willelmi
1077 3200 1118 3265 de
1129 3202 1231 3266 libero

120 3314 311 3371 tenemento
325 3326 383 3369 suo
399 3304 434 3367 in
449 3304 633 3389 Bentlegha
646 3312 720 3388 post
736 3311 795 3368 etc.

183 3411 208 3475 J
209 3418 355 3474 aratores
370 3408 484 3473 dicunt
499 3408 584 3494 quod
596 3407 781 3471 Willelmus
792 3415 887 3492 pater
897 3408 970 3473 Ade
981 3408 1044 3473 fuit
1030 3408 1230 3495 taliquando

120 3512 271 3590 uillanus,
286 3522 337 3577 set
352 3513 492 3577 Thomas
507 3513 546 3577 de
562 3512 713 3576 Dodenes
728 3512 806 3576 fecit
821 3533 897 3576 eum
917 3512 1056 3576 liberum
1076 3512 1124 3577 ita
1143 3514 1231 3599 quod

120 3617 269 3682 redderet
296 3616 327 3682 91
352 3639 410 3703 pro
435 3625 624 3683 tenemento
647 3639 705 3681 suo
729 3616 787 3681 ii'.
1002 3618 1170 3703 ,gallinas
1196 3609 1333 3696 91103ό
1347 3655 1370 3695 „1

120 3720 348 3785 111111111119111111ὗ
377 3744 487 3786 secum
517 3721 645 3808 quando
680 3720 845 3785 1111911111ο
858 3667 1015 3806 gallinas
1049 3743 1107 3806 pro
1141 3725 1256 3789 omnin
1242 3702 1381 3789 'ffiff
1335 3754 1393 3789 am

121 3824 265 3901 seruicio
288 3833 322 3889 91
344 3825 405 3889 tali
427 3826 578 3891 libertate
601 3824 683 3890 obiit
705 3832 800 3910 pater
820 3846 907 3900 suus,
929 3831 964 3888 et
986 3824 1115 3910 quando
1136 3834 1231 3911 pater
1241 3796 1393 3937 iibirigp‘hiirto

121 3928 201 3993 obiit
216 3929 295 4015 quia
309 3928 416 3994 Adam
432 3931 519 3995 filius
534 3952 612 3995 suus
632 3929 739 3994 noluit
759 3929 864 3993 facere
885 3928 1037 4015 antiquas
1058 3941 1229 3996 consuetu·
1241 3938 1360 4031 isram

122 4031 221 4110 dines,
235 4031 372 4118 predict
363 4056 376 4097 1
348 4034 532 4097 tThomas
552 4041 587 4097 91
609 4031 694 4096 alii
685 4053 794 4117 ipsum
815 4030 981 4096 eiecerunt
1002 4032 1043 4097 de
1066 4041 1153 4097 terra
1174 4030 1348 4163 illst'fflfflr

122 4143 154 4198 et
179 4134 229 4199 ita
250 4135 497 4200 disseisiuerunt
520 4158 602 4201 eum.
648 4136 693 4199 Et
715 4133 788 4199 ideo
810 4133 1049 4200 consideratum
1072 4145 1122 4201 est
1144 4138 1231 4223 quod
1241 4124 1393 4211 ffippue

1347 2567 1369 2604 at

153 4278 163 4311 ¹
181 4278 233 4336 sie,
246 4277 281 4335 Δς
298 4281 521 4330 consideraturum
532 4282 557 4329 ei
567 4278 597 4344 (1)
734 4278 745 4311 ⁴
762 4277 837 4328 A.m.
849 4280 891 4327 22.

153 4342 238 4393 ’The
261 4344 371 4395 steward
398 4346 426 4395 of
451 4344 496 4397 the
517 4344 602 4395 Abbot
624 4344 653 4394 οἰ
734 4344 932 4458 :pffipcprct
946 4343 977 4393 L

123 4408 213 4526 app·
226 4488 263 4526 m.
276 4473 342 4525 111.
734 4474 745 4507 ⁷
762 4474 812 4525 see
821 4447 867 4525 131.
879 4444 901 4525 1.’
910 4474 992 4526 1911.
