3167 5075
359 422 593 482 messanum,
616 420 682 470 an.
707 407 801 480 1219,
823 422 887 470 aa.
911 408 1005 470 3-4.
1170 407 1234 472 719

126 595 455 686 οοιηὶωῡυιὸοῆοίᾒε
470 596 519 662 ita
533 596 620 682 quod
640 615 698 682 per
717 595 880 682 quoddam
900 595 1062 660 essonium
1086 594 1128 660 de
1151 595 1235 660 malo

126 700 205 764 lecti
233 699 320 786 quod
349 700 436 765 idem
465 701 633 766 Johannes
656 701 776 765 fecerat
801 723 909 765 coram
938 700 986 766 eis
1014 699 1175 766 dederunt
1204 701 1236 765 ei

126 803 257 880 milites,
272 803 330 888 qui
351 802 394 868 ad
416 825 491 868 eum
514 803 605 868 missi
626 804 759 868 fuerunt
781 803 917 868 adeum
939 802 1127 880 uidendum,
1147 803 1236 868 diem

126 928 234 970 coram
264 905 450 993 iusticiariis
478 903 567 991 apud
596 905 924 970 westmonasterium
952 906 988 970 in
1024 907 1166 971 crastino
1202 907 1235 972 S.

127 1009 219 1074 Petri
240 1009 435 1075 Aduincula
481 1009 525 1074 Et
550 1010 645 1076 Dom.
677 1009 909 1076 Thesaurarius
938 1019 973 1074 et
1001 1010 1072 1087 alii
1086 1011 1237 1077 barones¹

126 1113 184 1198 qui
200 1113 420 1180 interfuerunt
434 1115 549 1180 testati
567 1115 700 1178 fuerunt
721 1114 808 1201 quod
828 1115 870 1179 ad
891 1114 979 1180 diem
1001 1115 1094 1180 illum
1117 1116 1239 1201 optulit

126 1241 161 1282 se
191 1218 278 1284 idem
307 1220 483 1297 Johannes‚
513 1228 548 1284 et
578 1220 678 1306 Hugo
700 1220 741 1284 de
764 1219 878 1285 Monte
901 1219 1032 1286 Canisio
1052 1228 1238 1286 attornatus

126 1321 313 1407 petentium
335 1322 494 1400 similiter,
514 1330 565 1388 set
587 1324 665 1408 quia
687 1323 773 1388 idem
796 1323 897 1410 Hugo
919 1323 1047 1390 dixerat
1067 1346 1175 1388 coram
1191 1324 1238 1390 eis

126 1425 215 1510 quod
245 1427 372 1491 nullum
401 1427 488 1491 diem
519 1427 635 1492 habuit
658 1427 699 1492 de
725 1427 781 1492 illo
805 1426 926 1512 placito
953 1426 1015 1491 nisi
1039 1435 1170 1492 tantum
1194 1427 1237 1492 ad

126 1531 379 1616 comparandum
395 1539 430 1596 et
445 1531 644 1596 audiendum
659 1553 723 1617 quo
743 1539 887 1595 waranto
907 1531 1056 1609 surrexit,
1076 1531 1237 1596 dederunt

125 1632 235 1697 eidem
249 1634 272 1699 J
273 1633 393 1698 oheuni
407 1657 428 1698 a
442 1633 495 1698 die
511 1635 546 1698 S.
562 1635 661 1699 Mich.
676 1633 711 1698 in
726 1657 776 1700 xv.
792 1633 863 1699 dies
885 1656 943 1719 pro
959 1635 1090 1699 defectu
1105 1635 1235 1701 recordi

127 1736 170 1800 Et
187 1745 266 1801 tunc
281 1758 346 1800 non
361 1746 525 1801 uenerunt
539 1747 690 1822 petentes
704 1761 764 1802 nec
780 1745 965 1803 attomatus
979 1760 1099 1815 eorum,
1114 1747 1149 1803 et
1163 1738 1237 1804 ideo

124 1841 148 1906 J
149 1839 294 1906 ohannes
309 1840 379 1906 sine
394 1841 448 1906 die
463 1841 570 1906 etalii
585 1842 620 1905 in
634 1841 859 1907 misericordia

191 1944 393 2009 ’Willelmus
423 1944 463 2009 dc
494 1943 631 2008 Bouen''
661 1967 719 2030 pro
747 1967 781 2009 se
812 1954 847 2009 et
876 1945 1008 2032 Agnete
1037 1969 1136 2010 uxore
1165 1945 1237 2010 eius
1323 1978 1335 2008 e

125 2048 221 2113 cuius
251 2049 320 2112 loco
348 2055 408 2114 etc.
440 2047 606 2134 petierunt
637 2071 750 2113 uersus
772 2049 940 2114 Simonem
962 2049 1004 2114 de
1026 2050 1238 2114 Leuelrenore

124 2152 260 2216 terciam
275 2159 402 2237 partem
417 2151 441 2238 j.
459 2159 608 2217 carucate
624 2159 708 2217 terre
724 2174 799 2216 cum
814 2151 1023 2237 pertinenciis
1042 2152 1077 2217 in
1092 2153 1238 2238 Faulega

124 2264 164 2320 ut
183 2255 292 2320 dotem
315 2255 418 2340 ipsius
437 2255 577 2342 Agnetis
597 2277 660 2340 que
682 2277 754 2320 eam
776 2254 938 2342 contingit
959 2256 1001 2321 de
1022 2256 1124 2320 libero
1145 2263 1237 2321 tene-

125 2367 238 2424 mento
261 2359 348 2444 quod
371 2357 435 2424 fuit
457 2359 609 2424 Nicholai
631 2359 672 2423 dc
703 2358 870 2444 Buleheye
899 2360 1062 2445 quondam
1091 2359 1155 2424 uiri
1183 2358 1237 2424 sui

125 2470 186 2526 etc.
233 2461 277 2525 Et
294 2461 406 2526 Simon
429 2461 522 2526 uenit
537 2470 571 2525 et
587 2460 718 2526 uocauit
737 2460 814 2525 inde
837 2460 879 2526 ad
896 2470 1077 2527 warantum
1097 2462 1182 2527 filias
1201 2472 1236 2528 et

124 2568 262 2632 heredes
276 2567 378 2652 ipsius
393 2567 426 2631 N
428 2566 545 2631 icholai
559 2566 624 2631 scii
640 2565 860 2653 Reginaldum
878 2566 919 2630 de
939 2567 1025 2631 Albo
1040 2567 1236 2633 Monasterio

125 2680 162 2737 et
178 2670 318 2736 Adiciam
334 2693 466 2735 uxorem
486 2670 557 2736 eius
577 2678 612 2735 et
632 2670 827 2757 Margeriam
847 2692 987 2735 sororem
1007 2670 1110 2757 ipsius
1130 2671 1236 2737 Alicie

124 2798 190 2861 que
213 2783 263 2840 est
285 2775 369 2840 infra
389 2783 510 2839 etatem
535 2783 569 2839 et
593 2774 627 2837 in
646 2774 792 2840 custodia
812 2775 931 2861 Rogeri
951 2775 993 2840 de
1014 2778 1047 2841 la
1069 2777 1179 2855 stane,
1200 2784 1236 2841 ct

124 2880 251 2945 dictum
267 2879 331 2943 fuit
346 2878 469 2943 eisdem
491 2878 672 2965 Reginaldo
692 2890 727 2944 et
750 2878 878 2966 Rogero
901 2879 988 2965 quod
1006 2881 1158 2947 uenirent
1178 2903 1236 2967 pro

124 2980 249 3047 eisdem
268 2980 375 3047 Alicia
390 2989 425 3046 et
439 2979 608 3068 Margeria.
653 2979 697 3044 Et
711 2980 774 3065 ipsi
794 2980 944 3059 ueniunt,
958 2990 994 3047 et
1009 2983 1123 3048 Simon
1141 2982 1235 3049 uenit

124 3096 161 3151 et
190 3085 276 3172 petit
298 3107 413 3151 uersus
434 3108 488 3149 eos
510 3084 597 3171 quod
618 3084 830 3149 warentizent
851 3085 883 3149 ei
904 3094 1024 3151 terram
1046 3087 1234 3173 predictam,

124 3190 205 3277 quia
230 3188 395 3275 predictus
425 3188 603 3254 Nicholaus
633 3198 727 3273 pater
750 3210 862 3252 earum
888 3188 977 3253 illam
1003 3190 1035 3254 ei
1061 3190 1152 3255 dedit
1177 3213 1235 3276 per

123 3304 249 3361 cartam
271 3316 364 3359 suam
380 3316 478 3380 quam
493 3294 615 3379 profert
630 3299 665 3357 et
679 3314 743 3378 que
763 3291 824 3357 hoc
846 3300 988 3358 testatur
1007 3294 1095 3379 quod
1113 3295 1235 3359 donum

123 3398 210 3463 illud
224 3398 255 3463 ei
270 3398 354 3462 fecit.

192 3502 237 3565 Et
251 3500 452 3587 Reginaldus
473 3500 565 3565 uenit
585 3508 620 3564 et
640 3499 721 3564 dicit
738 3498 825 3584 quod
847 3520 960 3563 uersus
981 3522 1058 3563 eum
1080 3500 1121 3565 de
1140 3510 1234 3586 parte

122 3628 186 3671 sua
200 3628 264 3670 non
279 3614 389 3691 potest
404 3604 462 3669 illa
481 3604 590 3669 dotem
613 3612 725 3689 petere
746 3602 825 3688 quia
843 3601 924 3667 alias
937 3602 1145 3688 inplacitauit
1164 3604 1235 3691 ipsa

122 3732 203 3775 eum
217 3709 258 3774 de
273 3708 350 3774 dote
365 3732 425 3774 sua
439 3710 488 3773 ita
502 3707 589 3794 quod
603 3707 788 3773 concordati
803 3707 936 3771 fuerunt
956 3707 1017 3773 tali
1037 3708 1133 3774 modo
1147 3708 1234 3796 quod

121 3818 196 3903 ipse
212 3814 370 3880 concessit
385 3814 519 3879 terciam
534 3821 662 3899 partem
678 3812 783 3877 tocius
802 3820 889 3877 terre
910 3834 974 3898 que
995 3812 1059 3877 fuit
1081 3812 1115 3876 N
1116 3813 1234 3878 icholai

119 3916 204 3985 uiri⁴
227 3916 263 3981 in
286 3917 478 3981 Hersturete
503 3925 537 3980 et
562 3915 598 3980 in
624 3916 777 3981 Lafhulla
802 3924 837 3981 et
861 3916 933 4002 ipsa
961 3916 1037 3982 inde
1060 3918 1170 3983 tenuit
1198 3939 1233 3983 se

120 4027 285 4107 pacatam,
299 4026 334 4083 et
348 4018 439 4083 curia
453 4018 513 4082 hoc
528 4017 615 4082 idem
631 4018 827 4083 recordatur.

192 4122 236 4185 Et
250 4121 397 4208 Rogerus
411 4121 452 4187 de
469 4122 570 4187 Stane
585 4120 666 4187 dicit
681 4122 767 4209 quod
786 4122 858 4209 ipsa
877 4146 943 4188 non
962 4130 1072 4210 potest
1091 4123 1132 4190 de
1147 4132 1234 4192 term

157 4258 166 4291 ¹
184 4258 301 4321 Perhaps
321 4257 393 4309 thara
412 4273 478 4309 were
497 4274 532 4309 no
549 4260 655 4325 justicea
738 4260 795 4312 ’11.
808 4276 844 4310 m.
858 4262 901 4321 14;
918 4260 949 4310 B.
961 4276 997 4312 m.
1011 4262 1050 4315 11.

122 4340 160 4375 on
172 4323 219 4373 the
229 4324 318 4373 Bench
329 4338 363 4373 on
375 4324 420 4373 tna
433 4323 486 4374 2nd
497 4325 526 4374 of
539 4325 655 4387 Angust3
737 4324 749 4359 ⁸
764 4328 896 4391 Bmy,
907 4327 938 4376 Β.

122 4388 348 4515 gplssppssoinee
361 4388 490 4453 appeared
505 4389 533 4440 in
547 4389 592 4441 the
603 4391 654 4439 Ex·
738 4391 749 4423 ⁴
766 4390 864 4455 supply
873 4393 923 4453 mi,
935 4392 966 4441 B.
