3167 5075
345 411 463 461 111111
485 411 584 473 unos,
606 409 670 460 11.
695 396 939 472 1231-6,11
964 396 1014 458 20.
1168 396 1232 459 153

138 584 195 649 fuit
209 584 290 649 infru
309 590 433 649 etatem
448 590 483 648 et
497 582 532 647 in
547 581 694 647 custodia
714 582 852 648 Comitis
870 581 1069 647 Gloucestrie
1085 589 1144 647 etc.
1189 583 1234 647 Et
1283 584 1292 623 ³

138 688 294 753 Walterus
308 687 401 751 uenit
416 693 451 750 et
465 684 545 750 dicit
559 684 639 772 quid
654 708 718 749 non
738 684 838 750 debet
857 683 1048 771 respondere
1071 685 1148 771 quia
1169 690 1234 751 non

137 792 236 857 tenet¹
251 800 371 857 terrum
386 791 476 855 illam
491 812 566 854 cum
582 789 732 854 omnibus
746 788 956 875 pertinenciis
971 788 1049 875 quia
1059 790 1236 856 nonhabet

137 896 194 961 nisi
215 896 347 961 terciam
370 902 497 982 partem
520 892 743 959 aduocacionis
764 893 852 958 illius
874 893 1015 971 ecclesie,
1030 902 1064 958 et
1085 894 1175 959 Prior
1194 893 1235 959 de

138 1001 331 1066 Newenham
361 999 461 1065 habet
491 998 572 1063 duas
601 1006 710 1084 partes
739 1004 774 1062 et
803 996 930 1061 desicut
955 1018 1021 1060 non
1047 996 1147 1062 habet
1172 997 1236 1062 nisi

136 1105 263 1171 tercium
278 1112 405 1191 partem
421 1110 455 1169 et
470 1103 532 1189 ipsi
546 1110 666 1189 petunt
681 1102 762 1167 duas
776 1109 885 1187 partes
899 1124 958 1187 per
971 1123 1007 1166 os
1019 1109 1053 1165 et
1064 1124 1123 1187 per
1135 1102 1235 1168 breue

137 1232 196 1273 non
209 1210 283 1274 uult
298 1207 489 1295 respondere
505 1207 568 1271 nisi
583 1207 673 1272 curia
686 1204 945 1271 considerauerit.

196 1314 239 1378 Et
260 1314 285 1379 J
285 1313 429 1378 ohannes
449 1312 542 1378 uenit
563 1320 597 1377 et
612 1311 692 1377 dicit
707 1311 793 1398 quod
809 1310 869 1376 hoc
883 1334 947 1375 non
963 1310 1062 1376 debet
1076 1311 1108 1376 ei
1122 1334 1236 1377 nocere

136 1424 167 1481 et
179 1416 261 1481 bene
277 1416 425 1481 concedit
439 1416 525 1501 quod
539 1415 705 1501 predictus
721 1415 812 1480 Prior
831 1415 931 1480 habet
953 1415 1034 1480 duas
1056 1424 1165 1501 partes
1186 1424 1238 1481 set

135 1520 200 1584 illas
222 1519 323 1584 habet
345 1518 386 1583 de
409 1518 492 1583 dono
507 1518 664 1583 Willelmi
686 1519 725 1583 de
749 1518 842 1582 Bello
864 1518 988 1604 (lampo
1008 1518 1086 1604 quia
1102 1519 1158 1584 ille
1173 1518 1237 1584 due

134 1630 237 1709 partes
251 1622 420 1709 pertinent
434 1622 475 1685 ad
490 1620 655 1685 baroniam
670 1620 772 1707 ipsius
781 1620 939 1686 Willelmi
954 1628 989 1685 et
1003 1621 1104 1686 nichil
1118 1623 1238 1688 clamat

134 1727 165 1791 in
179 1727 242 1791 illis
257 1727 385 1791 duabus
405 1725 553 1812 partibus
574 1725 637 1789 nisi
660 1734 790 1789 tantum
813 1725 849 1789 in
871 1725 972 1790 tercia
993 1735 1085 1811 parte
1108 1735 1143 1791 et
1164 1726 1237 1791 ideo

134 1830 216 1895 illam
240 1830 376 1896 terciam
398 1838 525 1915 purtem
548 1828 676 1914 excepit
696 1829 731 1893 in
751 1828 913 1915 peticione
933 1852 993 1895 sua
1012 1830 1089 1917 quia
1102 1830 1171 1916 ipse
1187 1842 1238 1895 est

134 1932 166 1997 in
180 1933 298 1999 seisina
312 1932 353 1998 de
367 1934 424 1998 illa
438 1934 539 1999 tercia
553 1941 645 2019 parte
661 1940 695 1997 et
711 1932 948 2019 predecessores
967 1933 1019 1998 sui
1035 1934 1125 1998 illam
1140 1933 1237 1999 dede·

134 2048 207 2104 runt
228 2038 359 2105 cuidam
381 2039 503 2117 clerico,
517 2039 575 2125 qui
594 2062 726 2125 presens
745 2048 796 2103 est
811 2048 846 2105 et
861 2039 923 2104 hoc
936 2039 1024 2105 idem
1039 2047 1188 2118 testatur,
1203 2049 1238 2105 et

134 2142 254 2209 desicut
270 2142 361 2208 illum
377 2142 485 2208 tenuit
499 2165 565 2206 non
580 2142 680 2207 habet
695 2162 824 2208 necesse
840 2143 929 2208 illam
944 2151 1062 2229 petere.

194 2249 314 2315 Postea
340 2248 431 2313 uenit
457 2249 622 2313 Walterus
651 2248 691 2313 de
723 2248 934 2315 Godarduilla
958 2257 993 2313 et
1019 2251 1109 2314 saluo
1134 2249 1238 2335 primo

133 2376 281 2442 responso
308 2376 366 2419 suo
391 2353 472 2419 dicit
502 2362 536 2419 et
565 2352 711 2419 defendit
741 2354 921 2441 ingressum
950 2376 1009 2441 per
1037 2354 1238 2419 disseisinam

134 2482 226 2547 quam
250 2460 346 2525 Dom.
372 2459 443 2523 Rex
470 2459 501 2523 ei
528 2458 638 2523 fecisse
662 2457 778 2523 debuit
801 2466 853 2522 set
875 2458 976 2523 habet
998 2457 1179 2546 ingressum
1202 2458 1237 2522 iu

134 2572 248 2629 terrum
272 2563 363 2628 illam
386 2585 444 2648 per
465 2562 653 2626 Falkasium
675 2561 716 2627 de
737 2562 878 2627 Breaute
894 2561 951 2648 qui
966 2563 1191 2627 terramillam
1206 2562 1237 2627 ei

133 2668 219 2734 dedit
241 2691 318 2735 cum
342 2665 550 2753 pertinenciis
571 2666 638 2731 suis
658 2676 796 2753 excepta
815 2666 1029 2732 aduocscione
1050 2666 1183 2732 ecclesie
1204 2675 1239 2732 et

135 2769 205 2836 inde
220 2770 345 2858 profert
360 2777 481 2835 cartam
497 2768 599 2856 ipsius
613 2769 757 2834 Falkasii
773 2792 836 2856 que
852 2769 913 2834 hoc
927 2776 1074 2834 testatur.

195 2876 239 2941 111
261 2874 431 2942 Johannes
453 2873 547 2939 uenit
569 2882 604 2939 et
626 2873 814 2961 dicitquod
836 2882 926 2940 carta
944 2874 1081 2939 illanon
1095 2874 1194 2940 dehet
1208 2876 1240 2941 ei

135 3001 242 3046 nocere
266 2978 347 3066 quia
366 2985 438 3065 post
456 2977 688 3042 confectionem
704 2977 792 3043 illius
807 2985 895 3042 carte
911 2977 974 3042 fuit
988 2977 1058 3063 ipse
1072 2977 1108 3041 in
1122 2977 1241 3044 seisina

136 3083 259 3169 quando
289 3082 353 3147 fuit
378 3081 462 3146 infra
487 3089 610 3146 etatem
637 3090 671 3147 11
696 3081 731 3145 in
760 3081 908 3146 custodia
935 3081 1073 3167 predicti
1103 3081 1240 3148 Comitis

137 3187 334 3254 Gloueestrie
349 3195 384 3251 et
398 3185 562 3250 (11111111
573 3186 637 3250 fuit
651 3185 832 3252 disseisitus
846 3184 1024 3251 secundum
1039 3187 1125 3272 qnod
1139 3187 1239 3252 breue

137 3289 211 3355 dicit
236 3300 272 3356 et
297 3312 373 3356 cum
394 3287 547 3354 habuerit
573 3287 723 3354 seisinam
749 3311 843 3354 suam
867 3289 996 3376 qualem
1020 3298 1099 3354 tuno
1123 3289 1240 3354 habuit

137 3393 342 3480 respondebit
356 3392 505 3457 omnibus
520 3391 560 3456 de
575 3390 645 3457 iure
660 3400 720 3458 etc.

197 3496 317 3562 Postea
342 3494 422 3559 dicit
447 3494 613 3559 Walterus
639 3493 725 3580 quod
754 3517 820 3559 non
848 3494 950 3560 habet
975 3494 1156 3581 ingressum
1182 3518 1242 3582 per

139 3599 336 3667 disseisinam
351 3621 449 3685 quam
467 3597 559 3662 Dum
577 3597 647 3662 Rex
667 3597 779 3663 fecisse
802 3598 917 3663 debuit
939 3607 990 3663 set
1011 3597 1102 3663 illam
1123 3598 1241 3664 habuit

140 3727 192 3790 per
215 3705 374 3770 iudicium
397 3703 485 3768 curie
509 3703 603 3768 Dom.
627 3703 727 3790 Regis
748 3704 836 3790 apud
857 3703 1183 3768 westmonasterium
1204 3702 1240 3768 in

139 3807 253 3892 placito
268 3815 358 3872 moto
372 3805 580 3892 interipsum
596 3814 630 3871 et
647 3805 808 3872 Comitem
824 3806 1025 3872 Gloucestrie
1040 3813 1099 3871 etc
1121 3806 1126 3894 Ι

200 3911 244 3976 Et
258 3911 427 3976 Johannes
441 3909 521 3974 dicit
536 3908 622 3996 quod
642 3932 707 3974 non
726 3911 932 3997 recuperauit
945 3932 1004 3997 per
1017 3908 1176 3976 iudicium
1189 3919 1242 3977 set
1339 3955 1345 3966 -

140 4036 193 4100 per
215 4015 420 4080 uoluntatem
442 4012 520 4098 quia
540 4035 655 4078 reuera
676 4013 740 4078 fuit
762 4013 797 4077 in
822 4013 941 4079 seisina
964 4014 1045 4079 dum
1068 4012 1133 4078 fuit
1157 4013 1242 4079 infra

170 4199 179 4232 ¹
194 4200 315 4260 Baeton,
332 4201 352 4251 f.
369 4201 418 4251 433
437 4199 463 4260 b,
482 4199 593 4251 ronches
609 4200 663 4252 this
713 4201 843 4265 Probably
854 4201 899 4252 the
916 4202 966 4253 roll
981 4203 1050 4252 from
1065 4199 1151 4250 which
1166 4199 1240 4251 these

142 4279 194 4315 uase
205 4266 360 4329 oonceming
372 4266 417 4316 the
428 4267 548 4328 question
559 4266 588 4316 of
597 4281 662 4316 uon·
713 4270 826 4318 extruots
847 4282 911 4317 were
933 4267 1008 4317 mude
1027 4264 1153 4317 extended
1172 4266 1240 4315 from

142 4332 234 4384 111111
270 4332 310 4381 Η1
327 4333 391 4382 cites
408 4331 430 4381 it
446 4332 514 4381 from
529 4331 604 4381 A.R.
622 4333 661 4384 19.
713 4332 758 4382 the
773 4347 888 4382 summer
907 4333 937 4382 of
958 4333 1077 4391 11311.
1097 4331 1127 4382 R
1151 4331 1190 4391 13,
1210 4333 1239 4380 to

142 4395 194 4445 The
211 4397 273 4447 rolls
294 4398 323 4447 of
342 4399 414 4461 pleus
436 4397 522 4446 which
544 4397 662 4447 followed
714 4397 757 4447 the
769 4399 923 4447 summarof
933 4397 1044 4456 maon
1055 4396 1087 4446 R.
1099 4397 1140 4446 20.
1175 4395 1240 4444 This

143 4459 250 4525 thoking
257 4477 325 4513 111111
333 4467 361 4512 to
368 4462 444 4525 begin
452 4463 480 4511 in
487 4461 532 4512 the
539 4477 661 4512 summer.
712 4477 771 4512 ease
781 4463 805 4512 is
815 4463 883 4515 Fitz.
897 4466 989 4521 111111,
1001 4463 1058 4512 431.
