3167 5075
341 402 458 456 comm
481 404 580 468 erus,
602 404 667 456 nn.
692 389 853 469 1236-7,
874 406 939 459 an
962 396 1011 458 21.
1166 398 1227 462 221

141 578 210 645 dicit
227 580 310 667 quod
328 581 416 648 idem
436 581 583 669 Rogeme
602 581 710 648 claudi
730 582 808 649 fecit
821 582 954 649 ianuam
968 606 1061 651 suam
1074 585 1125 651 ita
1143 586 1230 673 quod

140 684 237 751 aueria
261 709 321 752 sue
349 709 415 753 non
443 694 622 774 potuerunt
650 687 832 775 ingressum
861 688 981 755 habere
1003 690 1039 755 in
1062 698 1229 776 pasturam

139 787 217 853 illam
230 798 287 857 ete

191 894 355 961 Jumtores
369 895 484 961 dicunt
498 895 585 983 quod
599 894 765 983 predictus
780 896 921 963 Thomas
940 898 1059 964 habere
1074 898 1174 965 debet
1193 898 1230 964 in

137 1014 219 1079 porco
236 996 337 1083 ipsius
357 998 478 1087 Rogeri
496 1006 664 1084 pasturam
684 997 726 1062 ad
745 997 847 1064 boues
870 1020 944 1064 suos
963 998 1087 1064 scilicet
1109 998 1151 1064 ad
1171 1022 1228 1065 sex

136 1096 222 1165 boues
243 1110 276 1166 et
300 1101 381 1168 duos
401 1124 499 1189 equos
520 1110 555 1167 et
577 1124 692 1168 reuera
710 1101 780 1189 ipse
800 1101 865 1167 fuit
884 1103 920 1167 in
934 1103 1053 1168 seisina
1070 1102 1120 1168 ita
1140 1104 1227 1189 quod

135 1204 230 1285 posuit
251 1204 427 1291 aliquando
451 1213 592 1292 quatuor
615 1205 715 1270 boues
740 1213 776 1270 et
801 1203 883 1270 duas
904 1227 1019 1271 uaccas
1041 1213 1076 1270 et
1098 1206 1227 1291 quando

133 1303 192 1390 ipse
206 1307 309 1373 uoluit
324 1308 503 1375 immittere
517 1309 613 1395 plura
626 1308 738 1374 aueria
757 1330 824 1374 non
842 1308 907 1374 suit
927 1309 959 1374 ei
977 1309 1172 1396 permissum
1191 1318 1227 1375 et

133 1406 195 1473 ideo
207 1412 342 1477 retraxit
355 1431 391 1478 se
406 1411 446 1478 de
462 1412 613 1478 omnibus
626 1412 746 1477 aueriis
765 1412 841 1490 suis,
856 1421 891 1477 et
910 1412 1025 1478 dicunt
1046 1412 1132 1499 quod
1152 1420 1226 1498 post

131 1521 240 1579 eurtum
273 1516 396 1581 factam
429 1516 517 1582 inter
550 1516 659 1603 ipsum
688 1524 723 1582 et
751 1516 937 1603 predictum
965 1517 1132 1604 Rogemm
1160 1539 1226 1581 non

131 1617 253 1683 credunt
267 1621 356 1708 quod
369 1623 464 1708 plura
478 1621 614 1687 haberet
627 1620 663 1687 in
678 1621 758 1686 uilla
778 1621 836 1686 illa
854 1643 953 1708 quam
973 1620 1128 1707 predicta,
1142 1628 1178 1687 et
1197 1620 1226 1685 si

129 1719 213 1803 plura
239 1723 376 1790 heberet
405 1726 487 1791 forte
517 1726 576 1791 illa
603 1725 800 1792 immisisset.
844 1727 889 1791 Et
913 1726 991 1813 quia
1015 1747 1081 1791 non
1109 1724 1226 1791 habuit

128 1825 211 1909 plura
223 1838 297 1914 post
312 1830 544 1897 confectionem
560 1839 648 1897 certe
663 1830 751 1895 illius
765 1839 800 1895 et
814 1839 923 1917 posset
936 1831 1032 1917 plura
1045 1830 1225 1897 immittere

128 1926 152 1991 si
171 1928 311 2009 haberet,
326 1941 361 1997 et
383 1933 460 2018 quia
482 1934 528 1998 ibi
543 1933 660 1999 habuit
680 1942 730 2000 tot
750 1934 863 1999 aueria
883 1942 963 2020 quot
984 1934 1102 1999 habuit
1123 1932 1225 1999 donec

127 2030 181 2098 fnit
193 2034 267 2101 inde
287 2036 478 2115 disseiaitus,
494 2037 732 2103 consideratum
752 2037 910 2124 estquod
933 2036 1069 2103 habeat¹
1090 2044 1126 2102 et
1144 2038 1225 2103 sotto

126 2138 249 2205 retinuit
272 2141 427 2208 saisinam
450 2164 544 2207 suam
563 2164 623 2229 per
641 2142 753 2208 aueria
772 2142 831 2207 illa
849 2149 884 2207 et
903 2141 990 2229 quod
1005 2140 1074 2227 ipse
1089 2162 1223 2227 recupe-

125 2241 200 2307 muit
214 2244 367 2311 seisinam
381 2268 473 2311 suam
488 2246 530 2311 ad
543 2246 704 2312 dominica
714 2246 826 2311 aueria
837 2268 897 2311 sua
907 2253 1068 2331 quantum
1079 2245 1224 2331 pertinet

125 2342 162 2407 od
175 2352 398 2413 tenementum
412 2372 508 2414 suum
523 2350 558 2414 in
573 2350 686 2415 eedem
701 2349 782 2415 uilla
796 2357 866 2414 tam
880 2347 923 2414 ad
938 2348 1043 2414 ociosa
1062 2371 1160 2435 quam
1181 2348 1223 2413 ad

125 2446 187 2527 olis,
216 2458 250 2515 et
279 2452 427 2540 Rogerus
457 2453 493 2518 in
521 2452 747 2531 misericordia,
773 2460 809 2519 et
837 2452 978 2518 Thomas
1006 2452 1159 2517 similiter
1186 2452 1222 2516 in

124 2552 332 2623 misericordie
351 2581 409 2644 pro
429 2559 509 2625 salso
531 2561 668 2625 elamore
692 2581 807 2625 uersus
825 2558 933 2644 ipsum
957 2559 1122 2644 Rogemm
1144 2557 1223 2644 quia

123 2667 246 2741 questus
259 2661 327 2726 fuit
343 2662 429 2748 quod
444 2663 625 2729 disseisitus
639 2663 703 2728 suit
718 2662 759 2728 de
774 2672 909 2749 pastura
922 2661 966 2728 ad
979 2663 1081 2728 boues
1099 2670 1135 2728 et
1155 2685 1222 2728 non

123 2761 179 2827 fuit
190 2764 372 2832 disseisitus
386 2766 463 2832 inde
479 2767 543 2833 nisi
557 2789 616 2854 per
629 2767 844 2853 semetipsum
858 2774 920 2834 etc.

49 2851 92 2919 m·
178 2865 371 2955 Preceptum
395 2869 459 2934 suit
482 2870 667 2936 uicecomiti
690 2869 777 2956 quod
797 2869 877 2934 scire
897 2870 1018 2935 faceret
1039 2869 1166 2936 Simoni
1179 2869 1224 2937 de

121 2966 324 3059 Reppeleghs
338 2981 373 3038 et
387 2973 481 3039 sociis
495 2975 562 3040 suis
573 2974 759 3040 iusticiariis
773 2974 947 3061 assignatis
956 2996 1015 3060 per
1029 2982 1221 3060 preceptum

120 3069 204 3138 Dum.
219 3073 322 3162 Regis
336 3074 379 3141 ad
398 3077 513 3142 assises
532 3099 617 3142 noue
638 3075 806 3142 disseisine
825 3075 999 3162 capiendas
1022 3099 1105 3163 quas
1124 3077 1221 3141 Lam-

120 3171 220 3243 bertus
242 3181 332 3246 filius
351 3181 521 3247 Lamberti
538 3181 713 3247 cremiauit
732 3203 840 3246 coram
859 3180 938 3266 ipsis
957 3201 1017 3266 per
1029 3188 1222 3266 preceptum

120 3275 202 3346 Dom.
231 3283 334 3370 Regis
362 3305 475 3350 uersus
503 3284 678 3350 Joelenum
709 3283 750 3350 de
776 3283 954 3362 Bradehus,
980 3285 1160 3350 Henricum
1190 3284 1220 3349 le

120 3377 235 3468 Moyse,
265 3386 449 3452 Hem-icum
483 3387 524 3452 de
555 3387 722 3465 Hautona,
750 3388 916 3473 Rugosum
948 3386 990 3452 de
1019 3386 1157 3463 Hardea,
1185 3395 1221 3451 et

120 3481 307 3554 Gilibertum
323 3489 354 3554 lc
369 3489 472 3555 Bedel
488 3489 529 3555 de
544 3498 733 3556 tenemento
747 3490 783 3555 in
799 3490 990 3577 Speudiing’
1005 3498 1041 3555 et
1055 3490 1219 3555 Pincebelr

119 3589 195 3672 quod
216 3593 308 3657 omni
332 3593 497 3659 occasione
523 3602 557 3658 et
582 3594 740 3660 dilacione
767 3593 902 3659 remotis
927 3593 1087 3659 haberent
1112 3615 1219 3660 coram

120 3687 200 3756 Dum.
216 3693 309 3782 Rege
324 3695 494 3761 recordum
508 3696 680 3762 assisarum
695 3695 826 3762 illarum
846 3695 934 3783 apud
954 3697 1164 3775 Lineolniam,
1184 3709 1220 3762 et

119 3796 195 3878 quod
208 3797 348 3864 haberet
362 3801 579 3887 recognitores
594 3800 636 3867 nd
656 3800 900 3866 certificandum
920 3800 1015 3866 Dom
1030 3801 1157 3888 Regem
1177 3800 1219 3866 de

118 3912 308 3968 aucmento
330 3926 399 3982 suo,
420 3913 455 3970 et
479 3906 566 3992 quod
587 3905 668 3972 scire
695 3907 816 3976 faceret
839 3904 993 3991 predictis
1018 3904 1161 3969 Henrico
1184 3914 1219 3970 et

118 4003 181 4069 eliis
200 4008 287 4093 quod
310 4016 391 4073 tunc
413 4017 522 4075 essent
543 4009 591 4075 ibi
612 4009 655 4076 nd
676 4008 877 4075 audiendum
898 4007 1078 4094 predictam
1100 4007 1218 4082 certifi-

119 4107 277 4177 arionem

175 4212 217 4279 Et
242 4215 358 4282 Simon
385 4225 420 4282 et
444 4218 501 4283 alii
526 4218 698 4285 iusticiarii
727 4218 868 4284 ueniunt
896 4225 932 4284 ct
960 4217 1156 4284 lambertus
1184 4224 1219 4282 et

144 4371 238 4425 ¹Corr.
255 4378 354 4428 tatuit.
388 4378 430 4429 He
447 4379 541 4432 turned
557 4379 586 4430 in
603 4380 640 4430 slt
690 4377 779 4429 ficient
802 4375 881 4429 seisin
899 4378 928 4426 ot
947 4376 993 4426 the
1014 4375 1084 4438 right
1105 4375 1165 4427 thet
1184 4375 1218 4425 he

119 4435 157 4485 tho
172 4438 255 4491 masta
269 4441 305 4492 he
320 4441 381 4502 hod,
392 4444 444 4499 aud
458 4445 512 4495 this
523 4459 575 4496 uss
587 4446 639 4495 sut·
692 4443 793 4494 claime.
