3167 5075
449 392 592 465 amar,
613 402 678 453 an.
702 388 798 466 1225,
820 402 884 452 aa
909 390 937 453 9.
1198 387 1240 455 79

154 570 285 659 Agnetis,
300 571 496 637 Gilibertum
512 570 553 635 de
568 570 767 656 Bramptona
782 577 842 636 eta
857 578 893 635 et
906 570 1005 636 infia²
1019 592 1099 657 quos
1120 572 1241 659 Regin·

153 674 234 740 aldus
254 676 293 741 de
315 676 493 742 Oornhulla
513 674 646 740 uocauit
667 674 710 739 eri
730 683 911 740 warantum
926 683 961 739 et
975 675 1033 761 qui
1047 676 1079 741 ei
1093 678 1241 742 warenti-

152 788 293 844 aauerunt
314 802 365 844 xx.
388 802 449 845 aar.
472 787 557 843 terre
579 801 654 844 curn
676 786 758 864 pert.
779 779 816 843 in
845 779 1095 845 Godwinestona
1123 789 1162 845 ut
1190 781 1241 847 ius
1276 821 1279 825 -

151 883 279 969 ipsamm
300 884 421 949 Felicia
445 883 521 948 'etc
545 889 579 947 et
600 882 699 947 infra'
720 882 808 947 unde
833 884 980 971 Rogerus
1008 892 1103 969 pater
1130 907 1242 950 earum

150 987 205 1051 fuit
232 989 358 1054 saisitus
387 997 426 1054 ut
455 989 496 1053 de
526 988 618 1053 leode
648 995 683 1052 et
707 987 778 1052 iure
801 995 836 1052 et
857 987 893 1052 in
914 987 1075 1053 dominico
1096 996 1241 1075 tempore

150 1090 186 1155 Η
201 1092 294 1179 Regis
308 1093 363 1157 aui
379 1092 473 1157 Dom.
488 1091 589 1177 Regis
603 1091 758 1176 capiendo
772 1091 849 1156 inde
864 1093 994 1177 expleta
1008 1091 1050 1156 ad
1061 1092 1242 1158 ualenciam

149 1216 174 1260 v.
194 1196 243 1261 sol.
264 1203 298 1260 et
320 1195 361 1261 de
383 1196 453 1282 ipso
475 1195 602 1281 Rogero
624 1195 791 1260 descendit
814 1196 866 1260 ius
887 1205 973 1261 terre
987 1196 1075 1260 illius
1090 1196 1241 1276 Roberto‚

148 1297 284 1375 Radulfo,
305 1298 443 1363 Ricardo
466 1297 541 1362 filiis
563 1297 639 1375 suis,
661 1304 695 1361 et
718 1298 796 1384 quia
816 1320 929 1363 omnes
946 1298 1066 1364 mortui
1080 1308 1158 1363 sunt
1172 1300 1241 1365 sine

149 1399 308 1466 heredibus
330 1401 370 1467 da
393 1400 579 1487 corporibus
600 1399 674 1477 suia,
697 1398 865 1465 descendit
886 1399 939 1465 ius
960 1408 1045 1466 terre
1060 1401 1148 1466 illius
1162 1402 1241 1488 ipsis

148 1506 256 1571 Felicia
270 1514 304 1571 et
319 1506 479 1571 sororibus
494 1504 560 1569 suis
576 1513 610 1569 et
625 1504 685 1569 hoc
700 1504 795 1569 offert
809 1510 871 1569 etc.

205 1610 246 1674 Et
267 1609 469 1675 Graalandus
490 1617 525 1674 et
547 1608 604 1673 alii
625 1630 684 1694 per
704 1615 908 1672 alternatum
932 1630 1028 1673 suum
1049 1610 1190 1676 ueniunt
1206 1619 1241 1677 et

147 1710 315 1777 defendunt
336 1714 388 1777 ins
403 1735 514 1777 earum
530 1720 564 1777 et
579 1711 730 1777 saisinam
745 1710 866 1797 Rogeri
880 1718 940 1775 etc.
957 1720 993 1776 et
1009 1720 1116 1778 totum
1130 1722 1191 1779 etc.
1206 1723 1241 1779 et

147 1824 262 1900 ponunt
277 1840 311 1882 se
326 1816 363 1882 in
378 1838 530 1905 magnam
544 1816 676 1881 assisam
692 1816 786 1881 Dom.
801 1815 909 1902 Regis

204 1920 244 1984 Et
265 1920 389 1986 Felicia
409 1943 466 2007 pro
489 1942 523 1985 ee
546 1926 580 1984 et
598 1941 656 2006 pro
670 1919 742 1983 aliis
757 1918 838 1984 dicit
852 1918 939 2004 quod
952 1919 1052 1984 assisa
1065 1943 1130 1985 non
1144 1921 1243 1987 debet

147 2022 214 2089 inde
229 2025 298 2090 fieri
313 2024 392 2111 quia
405 2024 468 2110 ipsi
483 2032 560 2089 sunt
575 2024 616 2089 de
631 2046 696 2089 uno
711 2024 825 2109 stipite
847 2031 883 2088 et
904 2031 1055 2109 parentes
1077 2046 1135 2110 per
1156 2024 1243 2111 quod

146 2128 234 2193 assisa
254 2152 319 2194 non
342 2128 441 2194 debet
462 2128 539 2193 inde
561 2126 641 2205 fieri,
670 2126 748 2213 quia
776 2125 943 2213 predictus
972 2128 1119 2215 Rogerus
1148 2136 1242 2214 pater

146 2252 246 2297 earum
267 2242 302 2299 et
325 2232 496 2319 Philippus
518 2233 618 2297 frater
639 2254 717 2296 suus
739 2232 873 2296 filerunt
894 2232 955 2296 filii
969 2232 1137 2297 cuiusdam
1152 2233 1241 2297 Ran-

145 2336 225 2415 nulfi,
239 2344 272 2403 et
287 2337 459 2423 Philippus
474 2337 590 2402 habuit
605 2343 731 2422 partem
746 2356 839 2399 suam
850 2334 891 2400 de
903 2334 1084 2401 hereditate
1096 2336 1241 2401 eiusdem

144 2442 296 2522 Rannulfi,
328 2451 363 2509 et
392 2443 479 2508 idem
509 2441 679 2529 Philippus
709 2441 790 2506 obiit
820 2441 889 2506 sine
919 2441 1038 2507 herede
1066 2441 1107 2507 de
1136 2464 1180 2519 se,
1206 2450 1241 2507 et

144 2549 279 2633 predicta
300 2548 486 2614 Diamande
507 2555 541 2612 et
562 2547 674 2634 Agnes
702 2555 809 2612 mater
836 2547 974 2634 predicti
1004 2547 1178 2613 Graalandi
1207 2557 1242 2613 et

143 2651 240 2719 Alicia
267 2653 416 2741 predicta
444 2654 578 2720 fuerunt
607 2673 728 2717 sorores
756 2651 860 2737 ipsius
889 2651 1033 2739 Philippi
1062 2660 1097 2717 et
1118 2652 1242 2717 habent

144 2766 242 2842 partes
267 2783 344 2825 suas
369 2759 410 2824 de
433 2757 615 2823 hereditate
637 2756 792 2821 Rannulfi
818 2757 921 2843 patris
946 2757 998 2821 sui
1025 2779 1088 2842 que
1115 2757 1162 2821 eis
1187 2756 1242 2821 do·

144 2865 259 2929 seendit
279 2865 321 2930 de
340 2864 410 2952 ipso
425 2862 576 2949 Philippo
591 2868 626 2927 et
640 2861 701 2926 hac
716 2861 844 2926 racione
858 2883 925 2926 non
940 2860 1039 2926 debet
1052 2862 1152 2927 assisa
1165 2861 1241 2928 inde

144 2963 214 3032 fieri

201 3071 244 3136 Et
264 3071 469 3138 Graalandus
490 3077 526 3136 et
547 3071 604 3136 alii
625 3091 684 3156 per
697 3076 879 3134 attornatos
894 3091 968 3134 suos
982 3091 1047 3133 non
1062 3067 1242 3134 defendunt

143 3171 224 3239 illam
239 3177 443 3262 parentelam
458 3197 518 3240 neo
534 3173 620 3261 quod
635 3173 758 3238 habent
772 3173 939 3259 porciones
954 3196 1036 3250 suas,
1050 3181 1102 3238 set
1114 3183 1242 3260 ponunt

144 3297 174 3341 se
197 3279 230 3342 in
254 3301 409 3367 magnam
435 3279 568 3344 assisam
594 3277 679 3342 sicut
705 3277 795 3362 prius
820 3284 855 3341 et
879 3275 1059 3341 defendunt
1090 3277 1241 3342 saisinam

144 3383 260 3471 hogeri

201 3487 244 3553 Et
258 3488 339 3575 quia
354 3485 553 3552 Graalandus
569 3493 604 3550 et
618 3484 792 3572 participes
807 3483 858 3548 sui
877 3490 1074 3570 cognoscunt
1093 3489 1241 3569 parente-

144 3587 202 3654 lam
229 3591 317 3678 quod
347 3589 470 3655 habent
498 3589 663 3676 porciones
696 3609 770 3652 suas
807 3585 848 3651 de
886 3585 1068 3651 hereditate
1104 3585 1242 3671 predicti

63 3682 67 3692 ¹
144 3690 288 3759 Rannulfi
312 3715 353 3758 ex
376 3701 468 3779 perte
490 3691 630 3778 predicti
651 3689 797 3776 Philippi
818 3689 921 3775 patris
942 3688 1087 3774 predicte
1101 3690 1241 3778 Agnetis

144 3805 174 3861 et
186 3799 368 3866 Diamande
384 3807 418 3864 et
431 3797 536 3863 Alicie
557 3803 592 3862 at
611 3795 712 3861 nichil
733 3795 910 3859 ostendunt
929 3793 1015 3879 quod
1038 3793 1168 3879 aliquod
1189 3793 1241 3858 ius

145 3898 285 3982 habeant,
316 3900 554 3968 consideratum
584 3907 634 3964 est
664 3897 749 3986 quod
779 3897 903 3962 Felicia
930 3903 965 3961 et
993 3897 1167 3983 participes
1189 3896 1242 3961 sui

145 4014 409 4092 recuperauerunt
423 4004 574 4070 seisinam
589 4025 689 4080 suam,
705 4009 739 4067 et
755 4001 934 4068 Gilibertus
949 4009 984 4066 ot
997 4001 1054 4066 alii
1068 4001 1104 4066 in
1117 4001 1241 4066 miseri-

146 4108 251 4187 cordia,
279 4117 316 4175 et
346 4109 467 4174 faciant
496 4106 694 4171 escambium
723 4103 904 4192 Reginaldo
934 4103 974 4168 de
1001 4103 1178 4170 Combulla
1198 4103 1241 4168 ad

147 4211 326 4290 selenciam,
348 4219 384 4277 et
405 4210 606 4297 Reginaldus
635 4209 732 4274 saciat
761 4207 959 4273 escambium
988 4207 1171 4272 Monaesero
1199 4205 1240 4272 de

175 4360 337 4414 witbertum
354 4365 384 4414 de
406 4360 538 4413 Bremton'
558 4367 582 4411 et
599 4363 665 4411 Dio·
715 4362 796 4424 ipsiu·
806 4358 960 4416 Diamande.
971 4358 1003 4408 B.

148 4429 254 4478 modom
269 4445 314 4480 ae.
326 4433 380 4480 eius
398 4436 423 4479 et
435 4429 547 4478 Alictom
560 4441 667 4478 acrorem
750 4427 788 4458 ¹·²
805 4427 900 4484 anm,
914 4425 1023 4473 (le-istinc
1034 4430 1059 4473 ct
1069 4422 1183 4485 «Iuliane,
1196 4421 1227 4478 B.
