3167 5075
500 401 567 451 an.
591 385 773 465 111111.
796 388 849 450 11.
1168 383 1231 452 671

131 573 280 640 Oshertus
294 581 329 637 et
344 572 401 637 alii
416 571 492 638 inde
507 573 620 660 quieti,
630 581 665 638 et
676 573 835 638 iuratores
849 571 928 658 quia
942 571 1085 638 conuicti
1099 573 1234 637 fuerunt

131 676 167 741 de
181 676 329 762 periurio,
345 675 580 754 custodiantur,
595 676 661 742 scil.
677 677 760 741 tales
775 675 849 742 etc.1

45 785 98 850 396.
189 779 314 845 ’Assisa
339 781 432 845 uenit
458 780 665 866 recognitum
690 780 718 845 si
745 780 909 845 Henricus
937 779 979 845 de
1010 779 1171 866 Seingues
1200 788 1235 845 et

130 886 204 950 tales
226 893 287 952 etc,
301 885 423 950 iniuste
446 894 505 950 etc.
521 884 770 949 disseisiuerunt
794 884 977 949 Galfridum
1000 883 1041 950 de
1064 884 1237 950 Crondona

129 997 160 1053 et
187 989 345 1054 Thomem
374 989 477 1052 filium
512 987 644 1053 Osberti
678 986 719 1052 de
755 987 858 1051 libero
892 995 1081 1054 tenemento
1118 1011 1177 1054 auo
1201 989 1236 1052 in

128 1094 272 1179 Boytona
292 1101 365 1179 post
386 1100 447 1159 ete.
492 1093 535 1157 Et
551 1091 713 1156 Henrieus
728 1099 763 1156 et
778 1091 835 1156 alii
849 1092 990 1156 ueniunt
1005 1101 1040 1157 et
1054 1091 1235 1157 concedunt

127 1197 265 1264 assisam.

185 1302 209 1366 J
210 1309 356 1366 uratores
377 1300 492 1365 dicunt
514 1299 601 1386 quod
623 1301 660 1365 G.
676 1300 716 1364 de
738 1299 911 1366 Orondona
925 1300 1053 1365 nullum
1068 1301 1121 1366 ius
1135 1300 1236 1366 hahet

125 1405 157 1467 in
171 1405 285 1469 eadem
302 1413 389 1468 terra
404 1403 467 1468 nisi
482 1411 614 1468 tantum
630 1403 670 1467 de
690 1403 753 1490 xvj.
769 1403 851 1467 aeris
873 1412 959 1468 terre
982 1426 1063 1489 quas
1085 1412 1178 1469 tenet
1199 1404 1235 1467 in

124 1506 232 1570 dotem
248 1505 393 1570 Hawisie
408 1505 517 1570 uxoris
532 1527 590 1569 sue
605 1505 646 1570 de
661 1503 846 1569 hereditate
863 1505 996 1569 Osberti
1010 1505 1113 1591 patris
1132 1505 1236 1591 ipsius

124 1610 255 1675 Thome.

185 1712 231 1776 Et
261 1733 359 1798 super
386 1711 448 1775 hoo
477 1712 600 1797 profert
629 1710 716 1775 idem
746 1710 785 1775 G.
812 1710 988 1796 quamdam
1019 1720 1143 1776 cartam
1172 1733 1236 1797 que

123 1823 265 1881 testetur
293 1815 381 1902 quod
409 1815 497 1880 idem
528 1814 669 1879 Thomas
698 1813 791 1879 dedit
819 1814 926 1879 eidem
953 1815 1101 1881 Galfrido
1129 1825 1236 1882 totam

120 1926 241 1984 tenum
257 1941 320 2005 que
336 1919 378 1984 ad
394 1941 469 1982 eum
483 1918 670 2004 pertinebat
684 1918 754 1982 iure
770 1917 973 1984 hereditarie.

185 2023 231 2088 Et
257 2023 346 2087 idem
372 2021 513 2086 Thomas
538 2022 632 2086 uenit
659 2029 694 2085 et
719 2021 867 2086 defendit
893 2031 1017 2087 eartam
1046 2023 1145 2090 illam.
1190 2025 1237 2088 Et

121 2127 310 2192 conuictum
326 2135 376 2190 est
390 2149 449 2211 per
463 2134 565 2190 testes
579 2125 763 2190 nominatos
777 2126 813 2190 in
833 2134 924 2190 carta
942 2135 978 2191 et
999 2149 1058 2214 per
1078 2128 1239 2193 iuratores

120 2231 208 2316 quod
223 2239 316 2296 carta
329 2230 387 2295 illa
402 2229 481 2294 falsa
496 2237 553 2294 est.
601 2230 645 2294 Et
659 2229 733 2294 ideo
748 2252 806 2315 pro
821 2231 912 2295 nulla
925 2231 1093 2297 habeatur.

184 2335 313 2400 Dicunt
328 2335 430 2399 eciam
444 2335 603 2400 iuratores
617 2335 704 2420 quod
721 2335 809 2399 idem
823 2336 964 2401 Thomas
979 2337 1043 2401 fuit
1062 2337 1098 2401 in
1117 2335 1237 2401 seisina

118 2437 159 2503 de
174 2445 368 2504 tenemento
383 2438 439 2502 illo
455 2447 493 2502 nt
508 2438 548 2503 de
564 2439 664 2503 feodo.
711 2439 755 2502 Et
774 2438 849 2503 ideo
869 2440 1010 2505 Thomas
1029 2441 1236 2527 recuperauit

118 2544 275 2608 saisinam
297 2566 390 2607 suam
413 2555 452 2607 ut
474 2542 515 2607 de
537 2543 631 2608 feodo
652 2553 687 2608 et
702 2544 867 2609 Galfridus
882 2554 917 2609 et
932 2546 1078 2611 Hawisia
1092 2546 1238 2611 habeant

116 2646 276 2712 seisinam
298 2668 389 2711 auam
413 2645 454 2711 de
477 2648 540 2734 xvj.
556 2648 637 2715 aeris
659 2656 698 2711 ut
719 2648 759 2713 de
780 2648 856 2713 dote
877 2649 980 2735 ipsius
995 2650 1145 2715 Hawisie.
1192 2651 1237 2716 Et
1278 2694 1284 2706 ·

117 2750 155 2815 G.
181 2750 220 2815 in
248 2749 466 2814 misericordia
489 2774 547 2837 pro
571 2752 651 2816 falsa
673 2760 762 2817 carta
784 2762 845 2817 eto.
889 2754 941 2818 De
964 2754 1114 2840 dampnis
1135 2740 1236 2820 nichil
1250 2773 1371 2823 nouenos

115 2856 230 2920 sciunt
257 2855 335 2941 quia
363 2855 496 2919 bladum
520 2856 627 2920 adhuc
656 2865 708 2921 est
736 2880 834 2943 super
863 2866 994 2937 terram,
1018 2868 1053 2923 et
1081 2821 1393 2954 reddaturfflssff‘

115 2960 227 3025 eidem
244 2959 366 3023 Thome
382 2967 417 3023 et
431 2959 504 3023 aliis
519 2960 576 3045 qui
591 2959 673 3023 illud
694 2959 938 3039 seminauerint,
954 2968 989 3025 et
1009 2961 1037 3025 si
1058 2962 1138 3047 quid
1159 2962 1236 3028 inde
1248 2960 1352 3001 “Tm

114 3076 269 3131 amotum
284 3064 383 3129 fuerit
398 3063 485 3127 idem
502 3064 538 3129 G.
556 3064 764 3149 respondebit
779 3063 820 3129 de
836 3064 952 3149 precio,
996 3065 1122 3130 Dicunt
1133 3066 1236 3130 eciam

114 3169 207 3254 quod
222 3167 392 3254 predictus
407 3167 570 3231 Henrieus
585 3176 620 3231 et
634 3167 692 3232 alii
706 3168 831 3231 nullam
855 3167 1003 3232 fecerunt
1025 3168 1236 3246 disseisinam,

114 3273 173 3338 sed
190 3273 221 3338 si
238 3271 408 3358 quidinde
423 3272 544 3336 sactum
561 3272 634 3350 fuit,
649 3272 710 3337 hoe
725 3272 789 3337 fuit
804 3294 863 3357 per
882 3272 1127 3337 contentionem
1149 3273 1238 3339 inter

114 3376 153 3441 G.
172 3386 210 3442 et
227 3375 375 3440 Thomas

38 3478 75 3545 ³7.
183 3480 316 3544 ‘Assisa
337 3478 433 3543 uenit
453 3480 661 3566 recognitum
682 3480 710 3545 si
733 3480 886 3544 Matheus
902 3480 1017 3544 'Pistor
1037 3480 1159 3547 iniuste
1175 3491 1236 3547 eta

112 3582 300 3648 dissaisiuit
315 3582 423 3647 Adam
438 3582 479 3648 de
496 3584 715 3649 Berohestona
729 3584 770 3648 de
786 3583 888 3649 libero
909 3590 1098 3649 tenemento
1119 3608 1179 3650 suo
1200 3587 1236 3651 in

113 3687 231 3751 Par-ua
251 3687 429 3751 Jememue
450 3694 523 3773 post
544 3694 605 3753 etc.
650 3688 694 3751 Et
713 3686 868 3751 Matheus
890 3686 984 3750 uenit
1004 3695 1039 3751 et
1054 3688 1134 3753 dicit
1149 3688 1236 3775 quod

112 3789 224 3858 assisa
238 3811 303 3853 non
318 3787 418 3854 debet
433 3789 509 3854 inde
524 3788 603 3867 fieri,
619 3788 697 3875 quia
711 3788 739 3853 si
754 3788 865 3874 aliqua
883 3788 971 3879 ¹faeta
989 3788 1053 3853 fnit
1067 3789 1236 3855 disseisina
1246 3768 1402 3902 &effi

113 3895 209 3958 faeta
225 3892 288 3956 fuit
302 3914 362 3978 per
376 3892 557 3958 Robertum
574 3892 781 3978 Oreueqneor
796 3892 853 3977 qui
874 3892 983 3955 tenuit
1003 3901 1123 3958 terram
1144 3896 1234 3960 illam
1247 3909 1392 4004 &siphum

113 3998 152 4062 in
168 4019 275 4061 manu
290 4019 350 4061 sua
364 4018 422 4082 per
436 3996 517 4061 duos
532 4019 642 4075 annos,
657 4004 692 4061 et
706 3996 794 4062 idem
810 3996 973 4062 Robertua
994 4006 1109 4083 postea
1132 3999 1235 4085 [illam
1247 4004 1348 4099 {gffi

150 4226 161 4259 ¹
182 4224 291 4275 Several
306 4223 336 4272 oi
351 4223 396 4273 tha
413 4222 500 4286 iurors
514 4224 591 4275 make
602 4224 655 4274 fine
739 4222 750 4256 ³
768 4223 815 4274 See
830 4223 876 4271 Bt.
891 4224 911 4272 1.
924 4225 971 4276 187
980 4223 1010 4285 b;
1032 4226 1121 4277 habito
1136 4231 1237 4279 ratione

114 4290 186 4340 with
207 4302 282 4339 sums
296 4288 406 4351 varying
421 4288 489 4338 from
506 4304 522 4341 a
536 4290 656 4341 hundred
706 4290 898 4339 mlier-ationis.

113 4354 252 4415 shillings
262 4350 290 4403 to
302 4356 353 4404 two
364 4353 462 4413 marks.
474 4354 504 4407 A.
739 4355 751 4387 ⁴
766 4354 797 4404 Δ.
811 4368 847 4404 m.
861 4352 909 4405 td
1026 4397 1030 4405 .

153 4420 221 4470 ²A.
235 4434 270 4469 m.
282 4418 332 4472 sd.
738 4418 871 4471 ”SeeBa
882 4420 902 4468 1.
915 4420 972 4472 lto.
