3167 5075
425 389 568 450 unsar,
590 391 655 440 an.
680 377 773 453 1223,
796 391 859 442 aa
882 375 909 445 7.
1157 381 1219 442 465

124 571 209 647 pater
219 562 241 628 J
242 562 377 628 ohannis
391 561 454 628 fuit
468 563 554 628 infra
567 571 691 630 etatem
705 571 739 628 et
754 563 787 627 in
804 562 952 630 custodia
966 585 1025 630 aua
1043 587 1118 630 cum
1133 573 1220 632 terra

125 665 174 730 illa
186 675 251 743 etc,
264 667 342 753 qnia
356 674 425 732 tam
439 667 463 732 J
464 667 606 732 ohannes
620 667 707 732 filius
720 667 820 733 Alani
834 690 946 734 uersus
961 689 1059 754 quem
1073 669 1219 754 predicta

124 769 271 857 Margaria
293 771 412 836 clamat
435 771 569 836 terciam
588 779 715 856 partem
736 771 875 856 predicti
894 772 1031 838 manerii
1052 773 1087 838 in
1107 773 1217 840 dotem

123 893 209 958 quam
222 873 292 960 ipsa
305 881 483 960 posuerunt
497 896 532 939 se
546 873 623 939 inde
637 872 673 938 in
688 873 829 939 iuratam
844 873 942 940 illam

157 977 340 1042 ‘Juratores
354 976 468 1042 dicunt
482 977 569 1062 quod
584 1000 649 1042 non
668 977 858 1064 intelligunt
878 979 964 1065 quod
984 979 1123 1046 Thomas
1145 1004 1217 1046 eam

122 1080 221 1146 dotare
240 1081 359 1168 potuit,
380 1081 459 1167 quia
479 1082 620 1147 Thomas
641 1104 707 1146 non
729 1081 846 1147 habuit
868 1082 1048 1170 ingressum
1070 1085 1134 1150 nisi
1160 1108 1218 1171 per

120 1185 240 1250 balliam
262 1186 357 1251 Dona
372 1186 415 1251 H„
431 1185 532 1272 Regis
553 1186 633 1251 dum
652 1185 838 1251 Willelmus
859 1187 1024 1272 predictus
1046 1189 1110 1254 fuit
1132 1189 1217 1256 infra

120 1299 230 1356 etatem
250 1301 285 1356 et
307 1291 344 1355 in
364 1290 512 1356 custodia
536 1291 632 1356 Dom.
655 1290 763 1376 Regia
810 1291 853 1355 Et
878 1291 952 1356 ideo
978 1292 1216 1359 consideratum

119 1395 256 1480 estquod
271 1396 295 1461 J
295 1395 438 1460 ohannes
452 1395 496 1460 sit
507 1395 583 1460 inde
593 1393 725 1481 quietus
735 1403 769 1460 et
781 1395 943 1482 Margania
953 1395 987 1460 in
998 1397 1216 1462 misericordia

118 1505 170 1562 etc

59 1608 87 1670 n.
173 1601 324 1668 Warinus
339 1603 381 1668 de
395 1603 519 1668 Hamet
534 1602 656 1689 optulit
670 1625 705 1668 se
720 1627 834 1670 uersus
855 1605 1031 1672 Ricardum
1046 1607 1087 1672 de
1103 1608 1215 1674 Mane-
1287 1639 1327 1669 mu

117 1715 185 1772 tona
196 1707 237 1772 de
250 1707 373 1794 placito
386 1707 573 1774 medietatis
586 1731 643 1772 aex
658 1708 867 1795 ferlingorum
883 1717 967 1774 terre
988 1733 1062 1776 cum
1082 1721 1165 1797 pert.
1180 1714 1215 1778 in

117 1809 321 1889 Clemestona,
335 1834 433 1898 quam
448 1812 567 1877 clamat
581 1820 621 1877 ut
635 1812 687 1876 ius
701 1835 798 1877 suum
813 1821 873 1880 etc.
919 1815 962 1879 Et
978 1815 1136 1882 Ricardus
1149 1841 1214 1883 non

115 1914 197 1980 uenit
210 1925 244 1981 et
259 1917 378 1982 hahuit
397 1916 485 1981 diem
505 1916 540 1981 in
561 1916 665 1980 bauco
685 1925 857 2002 postquam
879 1919 1022 2004 pecierat
1044 1920 1151 1985 uisum
1173 1922 1214 1987 de

115 2027 199 2098 terra,
222 2021 271 2087 ita
297 2022 383 2108 quod
406 2020 586 2086 attornauit
608 2021 676 2085 loco
697 2043 756 2086 suo
783 2021 959 2108 Georgium
985 2023 1089 2090 filium
1117 2047 1213 2090 suum

114 2125 309 2190 nominatum
323 2125 359 2190 in
373 2124 475 2202 breui,
490 2134 524 2191 et
540 2124 698 2212 Georgius
714 2148 749 2190 se
770 2127 946 2192 essoniauit
967 2127 1009 2192 de
1030 2129 1116 2193 malo
1137 2128 1214 2196 lecti

114 2235 144 2291 et
156 2230 316 2294 essoninm
330 2253 395 2295 non
408 2230 511 2295 iacuit
525 2237 686 2315 quantum
700 2230 742 2295 ad
757 2229 818 2294 hoc
836 2230 923 2317 quod
942 2231 1006 2297 fuit
1028 2239 1212 2298 attomatus

113 2334 205 2416 patris
217 2335 295 2401 sui¹.
325 2337 370 2400 Et
384 2335 458 2400 ideo
472 2334 710 2399 consideratum
726 2342 775 2399 est
790 2335 876 2420 quod
891 2335 1051 2400 medietas
1065 2337 1212 2423 capiatur

111 2435 286 2504 inmanum
302 2439 395 2504 Dom.
411 2438 511 2524 Regis
526 2445 560 2502 et
575 2438 662 2524 quod
681 2438 840 2504 Ricardus
859 2447 1104 2506 summoneatur
1125 2442 1210 2526 quod
1296 2428 1299 2440 ¹

110 2540 194 2605 sitin
207 2544 356 2607 aduentu
372 2541 622 2607 iustician'orum
638 2551 698 2609 etc.

59 2651 79 2715 ἰ
167 2644 295 2711 'Amisa
315 2645 408 2710 uenit
430 2646 636 2731 recognitura
655 2646 728 2732 quis
752 2647 931 2713 aduocatus
956 2656 1101 2736 tempore
1122 2652 1210 2737 pacis
1282 2682 1295 2713 ο

110 2750 305 2831 presentauit
319 2749 470 2814 ultimam
484 2772 738 2836 personamque
759 2760 886 2817 mortua
908 2761 958 2818 est
979 2754 1022 2819 ad
1043 2754 1209 2821 ecclesiam

109 2851 145 2916 de
165 2852 378 2931 Hochecota⁸,
399 2852 404 2940 Ι
443 2875 508 2940 que
528 2863 625 2919 uacat
647 2862 707 2921 etc.
722 2855 815 2920 cuius
836 2856 1084 2924 aduocacionem
1106 2858 1209 2925 Theo-

109 2954 216 3022 baldus
228 2958 272 3022 de
288 2958 374 3044 Bray
388 2964 423 3021 et
437 2957 574 3022 Matillis
588 2980 670 3023 uxor
683 2958 753 3023 eius
767 2959 910 3025 clamant
924 2984 1037 3027 uersus
1051 2962 1210 3029 Thomam

109 3058 235 3127 Mundae
249 3069 287 3126 et
302 3061 482 3126 Robertum
496 3062 537 3125 de
553 3060 750 3141 Chacumba,
764 3062 822 3148 qui
836 3064 983 3130 ueniunt.

165 3166 208 3230 Et
222 3166 365 3231 Thomas
378 3165 458 3230 dicit
473 3166 559 3252 quod
574 3168 721 3255 Rogatus
735 3167 871 3232 Murdac
884 3176 979 3254 pater
992 3192 1069 3235 suus
1080 3193 1210 3255 presen-

108 3270 185 3334 tauit
199 3271 354 3335 ultimam
368 3256 536 3356 personam
552 3279 612 3337 etc
657 3272 701 3335 Et
719 3271 924 3338 Theobaldus
944 3282 978 3338 et
998 3274 1134 3339 Matillis
1149 3274 1209 3341 hoc

107 3370 186 3437 idem
199 3374 326 3452 dicunt,
340 3383 391 3439 set
412 3374 526 3439 dicunt
539 3374 626 3460 quod
645 3373 709 3460 ipsi
730 3383 846 3441 tenent
868 3378 1048 3443 manerium
1069 3379 1152 3445 illud
1173 3382 1208 3446 in

106 3475 208 3542 dotem
245 3502 289 3544 ex
325 3478 409 3543 dono
437 3478 576 3564 predicti
604 3479 725 3565 Rogeri
752 3476 916 3565 quondam
945 3482 1009 3548 uiri
1045 3484 1208 3569 predicta⁴

106 3579 282 3660 Matillidis,
296 3591 331 3646 et
345 3583 428 3648 bene
443 3581 623 3647 concedunt
637 3584 724 3668 quod
742 3584 883 3649 Thomas
901 3594 952 3649 est
973 3587 1067 3652 heres
1088 3589 1208 3677 Rogeri

107 3693 136 3749 et
149 3688 234 3772 quod
248 3686 352 3751 nichil
365 3687 507 3752 clamant
522 3686 584 3751 nisi
599 3686 729 3752 nomine
743 3688 836 3753 dotis

165 3790 381 3857 EtRobertus
391 3792 527 3857 uenitet
538 3791 679 3858 remittit
690 3792 842 3859 clamium
852 3804 999 3871 suamet
1010 3800 1207 3884 recognoscit

105 3894 347 3961 aduocacionem
362 3896 452 3961 illam
467 3918 535 3983 esse
549 3896 601 3960 ius
616 3895 787 3962 Matillidis
805 3906 843 3961 ut
863 3897 904 3963 de
924 3898 1000 3964 dote
1022 3922 1089 3977 sua,
1104 3909 1139 3967 et
1161 3903 1207 3967 eis

104 3993 240 4061 reddidit
255 4018 356 4060 unam
371 4004 493 4061 cartam
509 4017 606 4081 quam
621 3995 721 4061 habet
735 3996 820 4063 inde.

165 4098 208 4163 Et
230 4100 372 4165 Thomas
394 4099 474 4165 dicit
496 4100 583 4186 quod
603 4100 668 4186 ipsi
687 4124 753 4167 non
775 4100 898 4167 debent
919 4103 1046 4171 racione
1066 4106 1152 4171 dotis
1165 4107 1207 4173 ad

105 4202 268 4267 ecclesiam
284 4201 373 4267 illam
387 4212 581 4288 presentare,
596 4204 729 4289 quiade
745 4205 857 4270 eodem
873 4208 1016 4273 manerio
1038 4208 1115 4273 tulit
1137 4209 1206 4296 ipae

229 4360 358 4411 ¹SasBr.
371 4361 390 4410 f.
402 4362 481 4413 3491).
792 4366 960 4429 Ἠονὶεοοὶα,
973 4368 1004 4417 Β.

229 4426 241 4457 ²
258 4425 289 4475 B.
300 4441 335 4477 rn.
350 4426 411 4479 lssd.
792 4432 803 4463 ⁴
820 4430 891 4481 Oorr.
899 4435 1019 4495 predicte.

191 4515 223 4575 it.
249 4524 299 4573 111.
1078 4522 1119 4583 30
