<?xml version="1.0" encoding="UTF-8"?>
<!DOCTYPE html PUBLIC "-//W3C//DTD XHTML 1.0 Transitional//EN"
    "http://www.w3.org/TR/xhtml1/DTD/xhtml1-transitional.dtd">
<html xmlns="http://www.w3.org/1999/xhtml" xml:lang="en" lang="en">
 <head>
  <title>
</title>
<meta http-equiv="Content-Type" content="text/html;charset=utf-8" />
  <meta name='ocr-system' content='tesseract 3.04.00' />
  <meta name='ocr-capabilities' content='ocr_page ocr_carea ocr_par ocr_line ocrx_word'/>
</head>
<body>
  <div class='ocr_page' id='page_1' title='image "bractonsnoteboo03maitgoog_0144.png"; bbox 0 0 3167 5075; ppageno 0'>
   <div class='ocr_carea' id='block_1_1' title="bbox 339 417 1267 494">
    <p class='ocr_par' dir='ltr' id='par_1_1' title="bbox 339 417 1267 494">
     <span class='ocr_line' id='line_1_1' title="bbox 339 417 1267 494; baseline -0.002 -12"><span class='ocrx_word' id='word_1_1' title='bbox 339 420 402 483; x_wconf 78' lang='lat'>132</span> <span class='ocrx_word' id='word_1_2' title='bbox 510 433 629 483; x_wconf 75' lang='lat' dir='ltr'>comni</span> <span class='ocrx_word' id='word_1_3' title='bbox 651 433 749 494; x_wconf 83' lang='lat' dir='ltr'>nnon,</span> <span class='ocrx_word' id='word_1_4' title='bbox 772 431 838 483; x_wconf 68' lang='lat' dir='ltr'>nn.</span> <span class='ocrx_word' id='word_1_5' title='bbox 862 417 1022 491; x_wconf 79' lang='lat'>1234-5,</span> <span class='ocrx_word' id='word_1_6' title='bbox 1043 431 1107 480; x_wconf 66' lang='lat' dir='ltr'>un</span> <span class='ocrx_word' id='word_1_7' title='bbox 1132 418 1267 480; x_wconf 86' lang='lat'>18—19.</span> 
     </span>
    </p>
   </div>
   <div class='ocr_carea' id='block_1_2' title="bbox 338 605 1455 2152">
    <p class='ocr_par' dir='ltr' id='par_1_2' title="bbox 338 605 1451 799">
     <span class='ocr_line' id='line_1_2' title="bbox 339 605 1451 693; baseline -0.005 -18"><span class='ocrx_word' id='word_1_8' title='bbox 339 610 562 675; x_wconf 66' lang='lat' dir='ltr'>misericordie</span> <span class='ocrx_word' id='word_1_9' title='bbox 608 607 739 674; x_wconf 74' lang='lat' dir='ltr'>Postea¹</span> <span class='ocrx_word' id='word_1_10' title='bbox 765 608 843 672; x_wconf 87' lang='lat' dir='ltr'>fecit</span> <span class='ocrx_word' id='word_1_11' title='bbox 871 629 945 672; x_wconf 88' lang='lat' dir='ltr'>cum</span> <span class='ocrx_word' id='word_1_12' title='bbox 973 606 1065 672; x_wconf 89' lang='lat' dir='ltr'>Dom</span> <span class='ocrx_word' id='word_1_13' title='bbox 1093 606 1184 693; x_wconf 85' lang='lat' dir='ltr'>Rege</span> <span class='ocrx_word' id='word_1_14' title='bbox 1210 628 1268 692; x_wconf 89' lang='lat' dir='ltr'>pro</span> <span class='ocrx_word' id='word_1_15' title='bbox 1294 605 1451 671; x_wconf 74' lang='lat' dir='ltr'>libertate</span> 
     </span>
     <span class='ocr_line' id='line_1_3' title="bbox 338 710 892 799; baseline -0.004 -21"><span class='ocrx_word' id='word_1_16' title='bbox 338 735 397 778; x_wconf 81' lang='lat' dir='ltr'>sua</span> <span class='ocrx_word' id='word_1_17' title='bbox 412 721 445 778; x_wconf 87' lang='lat' dir='ltr'>et</span> <span class='ocrx_word' id='word_1_18' title='bbox 460 735 518 799; x_wconf 88' lang='lat' dir='ltr'>pro</span> <span class='ocrx_word' id='word_1_19' title='bbox 532 710 749 777; x_wconf 77' lang='lat' dir='ltr'>misericordia</span> <span class='ocrx_word' id='word_1_20' title='bbox 763 712 782 777; x_wconf 76' lang='lat' dir='ltr'><strong>L</strong></span> <span class='ocrx_word' id='word_1_21' title='bbox 798 733 892 776; x_wconf 80' lang='lat' dir='ltr'>mam</span> 
     </span>
    </p>

    <p class='ocr_par' dir='ltr' id='par_1_3' title="bbox 339 812 1455 2152">
     <span class='ocr_line' id='line_1_4' title="bbox 403 812 1449 903; baseline -0.003 -22"><span class='ocrx_word' id='word_1_22' title='bbox 403 814 611 903; x_wconf 73' lang='lat' dir='ltr'>&#39;Preceptum</span> <span class='ocrx_word' id='word_1_23' title='bbox 629 815 693 880; x_wconf 85' lang='lat' dir='ltr'>fuit</span> <span class='ocrx_word' id='word_1_24' title='bbox 712 814 843 880; x_wconf 85' lang='lat' dir='ltr'>bulliuis</span> <span class='ocrx_word' id='word_1_25' title='bbox 863 814 1014 901; x_wconf 78' lang='lat' dir='ltr'>Episcopi</span> <span class='ocrx_word' id='word_1_26' title='bbox 1035 814 1289 880; x_wconf 77' lang='lat' dir='ltr'>Sarrisbiriensis</span> <span class='ocrx_word' id='word_1_27' title='bbox 1304 812 1346 879; x_wconf 90' lang='lat' dir='ltr'>de</span> <span class='ocrx_word' id='word_1_28' title='bbox 1362 813 1449 879; x_wconf 90' lang='lat' dir='ltr'>Sun-</span> 
     </span>
     <span class='ocr_line' id='line_1_5' title="bbox 339 916 1451 1009; baseline -0.003 -24"><span class='ocrx_word' id='word_1_29' title='bbox 339 920 453 1009; x_wconf 84' lang='lat' dir='ltr'>ninges</span> <span class='ocrx_word' id='word_1_30' title='bbox 473 920 558 1007; x_wconf 91' lang='lat' dir='ltr'>quod</span> <span class='ocrx_word' id='word_1_31' title='bbox 578 919 736 985; x_wconf 75' lang='lat' dir='ltr'>recorded</span> <span class='ocrx_word' id='word_1_32' title='bbox 758 920 902 985; x_wconf 76' lang='lat' dir='ltr'>fecerent</span> <span class='ocrx_word' id='word_1_33' title='bbox 923 918 1084 1005; x_wconf 71' lang='lat' dir='ltr'>loquelam</span> <span class='ocrx_word' id='word_1_34' title='bbox 1108 941 1172 1005; x_wconf 93' lang='lat' dir='ltr'>que</span> <span class='ocrx_word' id='word_1_35' title='bbox 1194 917 1258 983; x_wconf 83' lang='lat' dir='ltr'>fuit</span> <span class='ocrx_word' id='word_1_36' title='bbox 1275 916 1310 983; x_wconf 92' lang='lat' dir='ltr'>in</span> <span class='ocrx_word' id='word_1_37' title='bbox 1333 916 1451 982; x_wconf 87' lang='lat' dir='ltr'>hundr&#39;</span> 
     </span>
     <span class='ocr_line' id='line_1_6' title="bbox 339 1022 1451 1111; baseline -0.004 -22"><span class='ocrx_word' id='word_1_38' title='bbox 339 1025 420 1090; x_wconf 80' lang='lat' dir='ltr'>suis⁸</span> <span class='ocrx_word' id='word_1_39' title='bbox 434 1024 469 1089; x_wconf 93' lang='lat' dir='ltr'>in</span> <span class='ocrx_word' id='word_1_40' title='bbox 485 1024 670 1111; x_wconf 82' lang='lat' dir='ltr'>Sunninges</span> <span class='ocrx_word' id='word_1_41' title='bbox 684 1024 770 1088; x_wconf 89' lang='lat' dir='ltr'>inter</span> <span class='ocrx_word' id='word_1_42' title='bbox 785 1022 1007 1088; x_wconf 77' lang='lat' dir='ltr'>Wclkelinum</span> <span class='ocrx_word' id='word_1_43' title='bbox 1022 1022 1063 1087; x_wconf 91' lang='lat' dir='ltr'>de</span> <span class='ocrx_word' id='word_1_44' title='bbox 1084 1022 1186 1088; x_wconf 85' lang='lat' dir='ltr'>Stoke</span> <span class='ocrx_word' id='word_1_45' title='bbox 1207 1031 1399 1109; x_wconf 78' lang='lat' dir='ltr'>querentem</span> <span class='ocrx_word' id='word_1_46' title='bbox 1413 1030 1451 1086; x_wconf 92' lang='lat' dir='ltr'>et</span> 
     </span>
     <span class='ocr_line' id='line_1_7' title="bbox 340 1125 1452 1212; baseline -0.004 -18"><span class='ocrx_word' id='word_1_47' title='bbox 340 1129 541 1195; x_wconf 88' lang='lat' dir='ltr'>Willelmum</span> <span class='ocrx_word' id='word_1_48' title='bbox 571 1127 612 1192; x_wconf 92' lang='lat' dir='ltr'>de</span> <span class='ocrx_word' id='word_1_49' title='bbox 638 1126 844 1193; x_wconf 85' lang='lat' dir='ltr'>Gildehaulle</span> <span class='ocrx_word' id='word_1_50' title='bbox 870 1125 1100 1191; x_wconf 81' lang='lat' dir='ltr'>deforciantem</span> <span class='ocrx_word' id='word_1_51' title='bbox 1129 1126 1171 1191; x_wconf 91' lang='lat' dir='ltr'>de</span> <span class='ocrx_word' id='word_1_52' title='bbox 1198 1126 1339 1212; x_wconf 78' lang='lat' dir='ltr'>quodam</span> <span class='ocrx_word' id='word_1_53' title='bbox 1364 1148 1452 1212; x_wconf 80' lang='lat' dir='ltr'>equa</span> 
     </span>
     <span class='ocr_line' id='line_1_8' title="bbox 340 1229 1451 1318; baseline -0.004 -20"><span class='ocrx_word' id='word_1_54' title='bbox 340 1233 426 1298; x_wconf 90' lang='lat' dir='ltr'>unde</span> <span class='ocrx_word' id='word_1_55' title='bbox 441 1234 528 1299; x_wconf 86' lang='lat' dir='ltr'>idem</span> <span class='ocrx_word' id='word_1_56' title='bbox 543 1232 747 1297; x_wconf 83' lang='lat' dir='ltr'>Walkelinus</span> <span class='ocrx_word' id='word_1_57' title='bbox 767 1231 916 1318; x_wconf 86' lang='lat' dir='ltr'>queritur</span> <span class='ocrx_word' id='word_1_58' title='bbox 935 1229 1021 1317; x_wconf 91' lang='lat' dir='ltr'>quod</span> <span class='ocrx_word' id='word_1_59' title='bbox 1042 1230 1074 1295; x_wconf 90' lang='lat' dir='ltr'>ei</span> <span class='ocrx_word' id='word_1_60' title='bbox 1094 1230 1217 1295; x_wconf 84' lang='lat' dir='ltr'>iniuste</span> <span class='ocrx_word' id='word_1_61' title='bbox 1239 1231 1377 1295; x_wconf 79' lang='lat' dir='ltr'>detenta</span> <span class='ocrx_word' id='word_1_62' title='bbox 1398 1238 1451 1295; x_wconf 75' lang='lat' dir='ltr'>eet</span> 
     </span>
     <span class='ocr_line' id='line_1_9' title="bbox 340 1333 1450 1403; baseline -0.004 0"><span class='ocrx_word' id='word_1_63' title='bbox 340 1338 375 1402; x_wconf 85' lang='lat' dir='ltr'>in</span> <span class='ocrx_word' id='word_1_64' title='bbox 397 1337 509 1403; x_wconf 90' lang='lat' dir='ltr'>eodem</span> <span class='ocrx_word' id='word_1_65' title='bbox 532 1335 700 1401; x_wconf 90' lang='lat' dir='ltr'>hundredo</span> <span class='ocrx_word' id='word_1_66' title='bbox 721 1344 780 1401; x_wconf 85' lang='lat' dir='ltr'>etc.</span> <span class='ocrx_word' id='word_1_67' title='bbox 803 1344 838 1401; x_wconf 90' lang='lat' dir='ltr'>et</span> <span class='ocrx_word' id='word_1_68' title='bbox 859 1333 1026 1399; x_wconf 87' lang='lat' dir='ltr'>reoordum</span> <span class='ocrx_word' id='word_1_69' title='bbox 1047 1334 1207 1400; x_wconf 82' lang='lat' dir='ltr'>haberent</span> <span class='ocrx_word' id='word_1_70' title='bbox 1226 1356 1335 1400; x_wconf 82' lang='lat' dir='ltr'>comm</span> <span class='ocrx_word' id='word_1_71' title='bbox 1353 1335 1450 1400; x_wconf 85' lang='lat' dir='ltr'>Dom</span> 
     </span>
     <span class='ocr_line' id='line_1_10' title="bbox 341 1438 1454 1529; baseline -0.003 -22"><span class='ocrx_word' id='word_1_72' title='bbox 341 1442 430 1529; x_wconf 87' lang='lat' dir='ltr'>Rege</span> <span class='ocrx_word' id='word_1_73' title='bbox 446 1452 504 1507; x_wconf 88' lang='lat' dir='ltr'>etc.</span> <span class='ocrx_word' id='word_1_74' title='bbox 550 1441 595 1506; x_wconf 85' lang='lat' dir='ltr'>Et</span> <span class='ocrx_word' id='word_1_75' title='bbox 609 1439 775 1506; x_wconf 81' lang='lat' dir='ltr'>recordum</span> <span class='ocrx_word' id='word_1_76' title='bbox 791 1439 884 1504; x_wconf 90' lang='lat' dir='ltr'>uenit</span> <span class='ocrx_word' id='word_1_77' title='bbox 899 1438 985 1525; x_wconf 93' lang='lat' dir='ltr'>quod</span> <span class='ocrx_word' id='word_1_78' title='bbox 1005 1439 1072 1503; x_wconf 81' lang='lat' dir='ltr'>tale</span> <span class='ocrx_word' id='word_1_79' title='bbox 1092 1447 1150 1503; x_wconf 86' lang='lat' dir='ltr'>est.</span> <span class='ocrx_word' id='word_1_80' title='bbox 1196 1438 1345 1519; x_wconf 75' lang='lat' dir='ltr'>Quodam</span> <span class='ocrx_word' id='word_1_81' title='bbox 1366 1462 1454 1525; x_wconf 80' lang='lat' dir='ltr'>equa</span> 
     </span>
     <span class='ocr_line' id='line_1_11' title="bbox 341 1542 1455 1631; baseline -0.004 -20"><span class='ocrx_word' id='word_1_82' title='bbox 341 1555 482 1611; x_wconf 79' lang='lat' dir='ltr'>orestato</span> <span class='ocrx_word' id='word_1_83' title='bbox 504 1545 567 1611; x_wconf 87' lang='lat' dir='ltr'>fuit</span> <span class='ocrx_word' id='word_1_84' title='bbox 593 1545 628 1610; x_wconf 91' lang='lat' dir='ltr'>in</span> <span class='ocrx_word' id='word_1_85' title='bbox 655 1544 798 1610; x_wconf 82' lang='lat' dir='ltr'>manerio</span> <span class='ocrx_word' id='word_1_86' title='bbox 820 1543 861 1608; x_wconf 87' lang='lat' dir='ltr'>de</span> <span class='ocrx_word' id='word_1_87' title='bbox 884 1544 1070 1631; x_wconf 84' lang='lat' dir='ltr'>Sunninges</span> <span class='ocrx_word' id='word_1_88' title='bbox 1092 1552 1127 1608; x_wconf 90' lang='lat' dir='ltr'>et</span> <span class='ocrx_word' id='word_1_89' title='bbox 1148 1542 1334 1608; x_wconf 84' lang='lat' dir='ltr'>Willelmus</span> <span class='ocrx_word' id='word_1_90' title='bbox 1353 1542 1396 1607; x_wconf 92' lang='lat' dir='ltr'>de</span> <span class='ocrx_word' id='word_1_91' title='bbox 1419 1544 1455 1607; x_wconf 79' lang='lat' dir='ltr'>lo</span> 
     </span>
     <span class='ocr_line' id='line_1_12' title="bbox 343 1645 1454 1736; baseline -0.004 -20"><span class='ocrx_word' id='word_1_92' title='bbox 343 1650 470 1717; x_wconf 80' lang='lat' dir='ltr'>Gilhale</span> <span class='ocrx_word' id='word_1_93' title='bbox 486 1651 579 1716; x_wconf 89' lang='lat' dir='ltr'>uenit</span> <span class='ocrx_word' id='word_1_94' title='bbox 592 1650 627 1714; x_wconf 92' lang='lat' dir='ltr'>in</span> <span class='ocrx_word' id='word_1_95' title='bbox 642 1650 737 1736; x_wconf 87' lang='lat' dir='ltr'>pleno</span> <span class='ocrx_word' id='word_1_96' title='bbox 757 1647 926 1713; x_wconf 87' lang='lat' dir='ltr'>hundredo</span> <span class='ocrx_word' id='word_1_97' title='bbox 946 1656 981 1712; x_wconf 93' lang='lat' dir='ltr'>et</span> <span class='ocrx_word' id='word_1_98' title='bbox 1000 1645 1082 1713; x_wconf 89' lang='lat' dir='ltr'>dicit</span> <span class='ocrx_word' id='word_1_99' title='bbox 1103 1645 1189 1733; x_wconf 90' lang='lat' dir='ltr'>quod</span> <span class='ocrx_word' id='word_1_100' title='bbox 1209 1669 1294 1734; x_wconf 82' lang='lat' dir='ltr'>equo</span> <span class='ocrx_word' id='word_1_101' title='bbox 1313 1646 1372 1712; x_wconf 77' lang='lat' dir='ltr'>illa</span> <span class='ocrx_word' id='word_1_102' title='bbox 1390 1669 1454 1712; x_wconf 80' lang='lat' dir='ltr'>sua</span> 
     </span>
     <span class='ocr_line' id='line_1_13' title="bbox 342 1751 1453 1841; baseline -0.002 -21"><span class='ocrx_word' id='word_1_103' title='bbox 342 1764 392 1821; x_wconf 82' lang='lat' dir='ltr'>est</span> <span class='ocrx_word' id='word_1_104' title='bbox 414 1763 449 1820; x_wconf 90' lang='lat' dir='ltr'>et</span> <span class='ocrx_word' id='word_1_105' title='bbox 470 1754 618 1841; x_wconf 76' lang='lat' dir='ltr'><strong>producit</strong></span> <span class='ocrx_word' id='word_1_106' title='bbox 640 1762 762 1819; x_wconf 82' lang='lat' dir='ltr'>sectam</span> <span class='ocrx_word' id='word_1_107' title='bbox 784 1752 1008 1829; x_wconf 82' lang='lat' dir='ltr'>sufficientem,</span> <span class='ocrx_word' id='word_1_108' title='bbox 1030 1759 1065 1816; x_wconf 87' lang='lat' dir='ltr'>et</span> <span class='ocrx_word' id='word_1_109' title='bbox 1090 1751 1219 1816; x_wconf 85' lang='lat' dir='ltr'>inuenit</span> <span class='ocrx_word' id='word_1_110' title='bbox 1240 1752 1386 1839; x_wconf 85' lang='lat' dir='ltr'>plegium</span> <span class='ocrx_word' id='word_1_111' title='bbox 1408 1752 1453 1818; x_wconf 91' lang='lat' dir='ltr'>de</span> 
     </span>
     <span class='ocr_line' id='line_1_14' title="bbox 342 1854 1454 1946; baseline -0.003 -22"><span class='ocrx_word' id='word_1_112' title='bbox 342 1860 491 1926; x_wconf 81' lang='lat' dir='ltr'>habendo</span> <span class='ocrx_word' id='word_1_113' title='bbox 506 1881 622 1946; x_wconf 78' lang='lat' dir='ltr'>equom</span> <span class='ocrx_word' id='word_1_114' title='bbox 637 1858 727 1923; x_wconf 75' lang='lat' dir='ltr'>illum</span> <span class='ocrx_word' id='word_1_115' title='bbox 745 1857 787 1922; x_wconf 84' lang='lat' dir='ltr'>od</span> <span class='ocrx_word' id='word_1_116' title='bbox 805 1856 958 1922; x_wconf 81' lang='lat' dir='ltr'>standum</span> <span class='ocrx_word' id='word_1_117' title='bbox 976 1854 1143 1921; x_wconf 83' lang='lat' dir='ltr'>incudem</span> <span class='ocrx_word' id='word_1_118' title='bbox 1162 1856 1252 1921; x_wconf 83' lang='lat' dir='ltr'>curia</span> <span class='ocrx_word' id='word_1_119' title='bbox 1269 1857 1375 1922; x_wconf 88' lang='lat' dir='ltr'>recto⁴</span> <span class='ocrx_word' id='word_1_120' title='bbox 1393 1879 1454 1942; x_wconf 88' lang='lat' dir='ltr'>per</span> 
     </span>
     <span class='ocr_line' id='line_1_15' title="bbox 342 1960 1454 2048; baseline -0.003 -18"><span class='ocrx_word' id='word_1_121' title='bbox 342 1986 445 2030; x_wconf 88' lang='lat' dir='ltr'>unum</span> <span class='ocrx_word' id='word_1_122' title='bbox 481 1986 603 2029; x_wconf 83' lang='lat' dir='ltr'>annum</span> <span class='ocrx_word' id='word_1_123' title='bbox 640 1971 675 2027; x_wconf 89' lang='lat' dir='ltr'>et</span> <span class='ocrx_word' id='word_1_124' title='bbox 711 1985 814 2027; x_wconf 88' lang='lat' dir='ltr'>unum</span> <span class='ocrx_word' id='word_1_125' title='bbox 844 1961 931 2025; x_wconf 88' lang='lat' dir='ltr'>diem</span> <span class='ocrx_word' id='word_1_126' title='bbox 960 1960 989 2025; x_wconf 81' lang='lat' dir='ltr'>si</span> <span class='ocrx_word' id='word_1_127' title='bbox 1017 1960 1090 2046; x_wconf 85' lang='lat' dir='ltr'>quis</span> <span class='ocrx_word' id='word_1_128' title='bbox 1124 1960 1200 2025; x_wconf 88' lang='lat' dir='ltr'>inde</span> <span class='ocrx_word' id='word_1_129' title='bbox 1230 1962 1320 2048; x_wconf 92' lang='lat' dir='ltr'>loqui</span> <span class='ocrx_word' id='word_1_130' title='bbox 1349 1962 1454 2027; x_wconf 87' lang='lat' dir='ltr'>uellet</span> 
     </span>
     <span class='ocr_line' id='line_1_16' title="bbox 342 2064 1453 2152; baseline -0.002 -18"><span class='ocrx_word' id='word_1_131' title='bbox 342 2068 519 2134; x_wconf 88' lang='lat' dir='ltr'>secundum</span> <span class='ocrx_word' id='word_1_132' title='bbox 543 2066 810 2133; x_wconf 85' lang='lat' dir='ltr'>consuetudinem</span> <span class='ocrx_word' id='word_1_133' title='bbox 837 2064 982 2142; x_wconf 80' lang='lat' dir='ltr'>manerii,</span> <span class='ocrx_word' id='word_1_134' title='bbox 1004 2073 1038 2130; x_wconf 86' lang='lat' dir='ltr'>et</span> <span class='ocrx_word' id='word_1_135' title='bbox 1060 2087 1145 2152; x_wconf 81' lang='lat' dir='ltr'>eque</span> <span class='ocrx_word' id='word_1_136' title='bbox 1166 2066 1198 2131; x_wconf 88' lang='lat' dir='ltr'>ei</span> <span class='ocrx_word' id='word_1_137' title='bbox 1219 2064 1357 2132; x_wconf 83' lang='lat' dir='ltr'>liberata</span> <span class='ocrx_word' id='word_1_138' title='bbox 1379 2067 1453 2132; x_wconf 79' lang='lat' dir='ltr'>fuit</span> 
     </span>
    </p>
   </div>
   <div class='ocr_carea' id='block_1_3' title="bbox 343 2169 1571 2239">
    <p class='ocr_par' dir='ltr' id='par_1_4' title="bbox 343 2169 1571 2239">
     <span class='ocr_line' id='line_1_17' title="bbox 343 2169 1571 2239; baseline 0 -1"><span class='ocrx_word' id='word_1_139' title='bbox 343 2175 387 2238; x_wconf 90' lang='lat' dir='ltr'>Et</span> <span class='ocrx_word' id='word_1_140' title='bbox 409 2173 600 2239; x_wconf 83' lang='lat' dir='ltr'>Wakelinus</span> <span class='ocrx_word' id='word_1_141' title='bbox 626 2171 666 2235; x_wconf 91' lang='lat' dir='ltr'>de</span> <span class='ocrx_word' id='word_1_142' title='bbox 691 2170 792 2236; x_wconf 83' lang='lat' dir='ltr'>Stoke</span> <span class='ocrx_word' id='word_1_143' title='bbox 816 2169 910 2234; x_wconf 90' lang='lat' dir='ltr'>uenit</span> <span class='ocrx_word' id='word_1_144' title='bbox 932 2169 975 2234; x_wconf 85' lang='lat' dir='ltr'>ad</span> <span class='ocrx_word' id='word_1_145' title='bbox 1000 2169 1137 2235; x_wconf 79' lang='lat' dir='ltr'>eandem</span> <span class='ocrx_word' id='word_1_146' title='bbox 1163 2170 1285 2234; x_wconf 81' lang='lat' dir='ltr'>curiam</span> <span class='ocrx_word' id='word_1_147' title='bbox 1312 2179 1347 2235; x_wconf 92' lang='lat' dir='ltr'>et</span> <span class='ocrx_word' id='word_1_148' title='bbox 1373 2171 1457 2236; x_wconf 88' lang='lat' dir='ltr'>dicit</span> <span class='ocrx_word' id='word_1_149' title='bbox 1570 2227 1571 2238; x_wconf 67' lang='grc'>,</span> 
     </span>
    </p>
   </div>
   <div class='ocr_carea' id='block_1_4' title="bbox 286 2273 1459 4238">
    <p class='ocr_par' dir='ltr' id='par_1_5' title="bbox 286 2273 1459 4238">
     <span class='ocr_line' id='line_1_18' title="bbox 343 2273 1454 2364; baseline -0.002 -21"><span class='ocrx_word' id='word_1_150' title='bbox 343 2278 429 2364; x_wconf 92' lang='lat' dir='ltr'>quod</span> <span class='ocrx_word' id='word_1_151' title='bbox 444 2300 528 2363; x_wconf 83' lang='lat' dir='ltr'>equo</span> <span class='ocrx_word' id='word_1_152' title='bbox 542 2277 600 2341; x_wconf 81' lang='lat' dir='ltr'>ille</span> <span class='ocrx_word' id='word_1_153' title='bbox 614 2297 673 2340; x_wconf 80' lang='lat' dir='ltr'>suu</span> <span class='ocrx_word' id='word_1_154' title='bbox 687 2283 737 2340; x_wconf 82' lang='lat' dir='ltr'>est</span> <span class='ocrx_word' id='word_1_155' title='bbox 752 2284 786 2340; x_wconf 87' lang='lat' dir='ltr'>et</span> <span class='ocrx_word' id='word_1_156' title='bbox 807 2273 894 2361; x_wconf 93' lang='lat' dir='ltr'>quod</span> <span class='ocrx_word' id='word_1_157' title='bbox 913 2274 1049 2339; x_wconf 79' lang='lat' dir='ltr'>haberet</span> <span class='ocrx_word' id='word_1_158' title='bbox 1069 2274 1111 2339; x_wconf 79' lang='lat' dir='ltr'>ad</span> <span class='ocrx_word' id='word_1_159' title='bbox 1132 2273 1221 2339; x_wconf 90' lang='lat' dir='ltr'>diem</span> <span class='ocrx_word' id='word_1_160' title='bbox 1243 2274 1400 2361; x_wconf 89' lang='lat' dir='ltr'>quicquid</span> <span class='ocrx_word' id='word_1_161' title='bbox 1420 2276 1454 2341; x_wconf 88' lang='lat' dir='ltr'>ei</span> 
     </span>
     <span class='ocr_line' id='line_1_19' title="bbox 343 2375 1457 2463; baseline 0 -20"><span class='ocrx_word' id='word_1_162' title='bbox 343 2402 471 2445; x_wconf 84' lang='lat' dir='ltr'>necesse</span> <span class='ocrx_word' id='word_1_163' title='bbox 494 2380 576 2443; x_wconf 85' lang='lat' dir='ltr'>foret</span> <span class='ocrx_word' id='word_1_164' title='bbox 598 2376 684 2463; x_wconf 89' lang='lat' dir='ltr'>quod</span> <span class='ocrx_word' id='word_1_165' title='bbox 706 2400 765 2441; x_wconf 80' lang='lat' dir='ltr'>suu</span> <span class='ocrx_word' id='word_1_166' title='bbox 787 2376 894 2441; x_wconf 74' lang='lat' dir='ltr'>emet⁸.</span> <span class='ocrx_word' id='word_1_167' title='bbox 942 2376 986 2441; x_wconf 86' lang='lat' dir='ltr'>Et</span> <span class='ocrx_word' id='word_1_168' title='bbox 1006 2375 1150 2441; x_wconf 80' lang='lat' dir='ltr'>bellinus</span> <span class='ocrx_word' id='word_1_169' title='bbox 1163 2375 1255 2441; x_wconf 89' lang='lat' dir='ltr'>dedit</span> <span class='ocrx_word' id='word_1_170' title='bbox 1269 2376 1300 2441; x_wconf 87' lang='lat' dir='ltr'>ei</span> <span class='ocrx_word' id='word_1_171' title='bbox 1315 2376 1404 2441; x_wconf 91' lang='lat' dir='ltr'>diem</span> <span class='ocrx_word' id='word_1_172' title='bbox 1418 2378 1457 2443; x_wconf 93' lang='lat' dir='ltr'>in</span> 
     </span>
     <span class='ocr_line' id='line_1_20' title="bbox 344 2480 1458 2569; baseline -0.001 -20"><span class='ocrx_word' id='word_1_173' title='bbox 344 2508 393 2550; x_wconf 90' lang='lat' dir='ltr'>xv.</span> <span class='ocrx_word' id='word_1_174' title='bbox 417 2483 485 2548; x_wconf 84' lang='lat' dir='ltr'>dies</span> <span class='ocrx_word' id='word_1_175' title='bbox 508 2491 542 2548; x_wconf 89' lang='lat' dir='ltr'>et</span> <span class='ocrx_word' id='word_1_176' title='bbox 564 2481 650 2569; x_wconf 93' lang='lat' dir='ltr'>quod</span> <span class='ocrx_word' id='word_1_177' title='bbox 672 2489 751 2548; x_wconf 87' lang='lat' dir='ltr'>tunc</span> <span class='ocrx_word' id='word_1_178' title='bbox 773 2480 966 2568; x_wconf 78' lang='lat' dir='ltr'>produceret</span> <span class='ocrx_word' id='word_1_179' title='bbox 988 2490 1110 2546; x_wconf 77' lang='lat' dir='ltr'>sectam</span> <span class='ocrx_word' id='word_1_180' title='bbox 1132 2503 1225 2547; x_wconf 80' lang='lat' dir='ltr'>suem</span> <span class='ocrx_word' id='word_1_181' title='bbox 1247 2488 1282 2546; x_wconf 93' lang='lat' dir='ltr'>et</span> <span class='ocrx_word' id='word_1_182' title='bbox 1303 2481 1458 2548; x_wconf 81' lang='lat' dir='ltr'>similiter</span> 
     </span>
     <span class='ocr_line' id='line_1_21' title="bbox 344 2586 1456 2676; baseline 0 -23"><span class='ocrx_word' id='word_1_183' title='bbox 344 2587 488 2676; x_wconf 88' lang='lat' dir='ltr'>predicto</span> <span class='ocrx_word' id='word_1_184' title='bbox 510 2587 682 2653; x_wconf 78' lang='lat' dir='ltr'>willelmo.</span> <span class='ocrx_word' id='word_1_185' title='bbox 727 2586 780 2651; x_wconf 89' lang='lat' dir='ltr'>Ad</span> <span class='ocrx_word' id='word_1_186' title='bbox 800 2586 887 2651; x_wconf 91' lang='lat' dir='ltr'>diem</span> <span class='ocrx_word' id='word_1_187' title='bbox 908 2586 1001 2652; x_wconf 92' lang='lat' dir='ltr'>illum</span> <span class='ocrx_word' id='word_1_188' title='bbox 1022 2597 1185 2653; x_wconf 87' lang='lat' dir='ltr'>uenerunt</span> <span class='ocrx_word' id='word_1_189' title='bbox 1204 2595 1240 2653; x_wconf 87' lang='lat' dir='ltr'>et</span> <span class='ocrx_word' id='word_1_190' title='bbox 1259 2587 1456 2654; x_wconf 73' lang='lat' dir='ltr'>Wakelinus</span> 
     </span>
     <span class='ocr_line' id='line_1_22' title="bbox 344 2689 1456 2777; baseline 0.001 -20"><span class='ocrx_word' id='word_1_191' title='bbox 344 2701 379 2758; x_wconf 88' lang='lat' dir='ltr'>et</span> <span class='ocrx_word' id='word_1_192' title='bbox 394 2692 585 2769; x_wconf 72' lang='lat' dir='ltr'>Willelms,</span> <span class='ocrx_word' id='word_1_193' title='bbox 601 2699 636 2755; x_wconf 91' lang='lat' dir='ltr'>et</span> <span class='ocrx_word' id='word_1_194' title='bbox 651 2689 842 2755; x_wconf 78' lang='lat' dir='ltr'>Wakclinus</span> <span class='ocrx_word' id='word_1_195' title='bbox 856 2689 1005 2776; x_wconf 78' lang='lat' dir='ltr'>producit</span> <span class='ocrx_word' id='word_1_196' title='bbox 1019 2700 1141 2756; x_wconf 79' lang='lat' dir='ltr'>sectam</span> <span class='ocrx_word' id='word_1_197' title='bbox 1157 2690 1244 2777; x_wconf 91' lang='lat' dir='ltr'>quod</span> <span class='ocrx_word' id='word_1_198' title='bbox 1265 2715 1325 2757; x_wconf 81' lang='lat' dir='ltr'>suo</span> <span class='ocrx_word' id='word_1_199' title='bbox 1344 2702 1404 2770; x_wconf 83' lang='lat' dir='ltr'>cst,</span> <span class='ocrx_word' id='word_1_200' title='bbox 1419 2701 1456 2758; x_wconf 88' lang='lat' dir='ltr'>et</span> 
     </span>
     <span class='ocr_line' id='line_1_23' title="bbox 344 2795 1456 2884; baseline 0.002 -23"><span class='ocrx_word' id='word_1_201' title='bbox 344 2795 494 2862; x_wconf 83' lang='lat' dir='ltr'>similiter</span> <span class='ocrx_word' id='word_1_202' title='bbox 508 2795 693 2860; x_wconf 83' lang='lat' dir='ltr'>Willelmus</span> <span class='ocrx_word' id='word_1_203' title='bbox 707 2795 801 2859; x_wconf 90' lang='lat' dir='ltr'>uenit</span> <span class='ocrx_word' id='word_1_204' title='bbox 815 2817 889 2860; x_wconf 91' lang='lat' dir='ltr'>cum</span> <span class='ocrx_word' id='word_1_205' title='bbox 905 2805 993 2860; x_wconf 85' lang='lat' dir='ltr'>secta</span> <span class='ocrx_word' id='word_1_206' title='bbox 1007 2819 1067 2862; x_wconf 84' lang='lat' dir='ltr'>sua</span> <span class='ocrx_word' id='word_1_207' title='bbox 1081 2797 1192 2862; x_wconf 82' lang='lat' dir='ltr'>dicens</span> <span class='ocrx_word' id='word_1_208' title='bbox 1206 2796 1293 2884; x_wconf 91' lang='lat' dir='ltr'>quod</span> <span class='ocrx_word' id='word_1_209' title='bbox 1308 2819 1370 2863; x_wconf 81' lang='lat' dir='ltr'>suo</span> <span class='ocrx_word' id='word_1_210' title='bbox 1390 2799 1456 2863; x_wconf 86' lang='lat' dir='ltr'>fuit</span> 
     </span>
     <span class='ocr_line' id='line_1_24' title="bbox 286 2897 1455 2989; baseline 0.003 -23"><span class='ocrx_word' id='word_1_211' title='bbox 286 2897 288 2900; x_wconf 62' lang='grc'><strong>’</strong></span> <span class='ocrx_word' id='word_1_212' title='bbox 344 2900 607 2987; x_wconf 62' lang='lat' dir='ltr'>eteipullanato</span> <span class='ocrx_word' id='word_1_213' title='bbox 619 2908 737 2965; x_wconf 87' lang='lat' dir='ltr'>etcum</span> <span class='ocrx_word' id='word_1_214' title='bbox 750 2900 840 2965; x_wconf 83' lang='lat' dir='ltr'>curia</span> <span class='ocrx_word' id='word_1_215' title='bbox 849 2901 988 2966; x_wconf 82' lang='lat' dir='ltr'>nesciuit</span> <span class='ocrx_word' id='word_1_216' title='bbox 998 2901 1052 2967; x_wconf 90' lang='lat' dir='ltr'>cui</span> <span class='ocrx_word' id='word_1_217' title='bbox 1066 2902 1277 2968; x_wconf 79' lang='lat' dir='ltr'>incumbebat</span> <span class='ocrx_word' id='word_1_218' title='bbox 1291 2903 1455 2989; x_wconf 76' lang='lat' dir='ltr'>proboeio,</span> 
     </span>
     <span class='ocr_line' id='line_1_25' title="bbox 344 3003 1455 3094; baseline 0.003 -25"><span class='ocrx_word' id='word_1_219' title='bbox 344 3005 450 3091; x_wconf 80' lang='lat' dir='ltr'>posite</span> <span class='ocrx_word' id='word_1_220' title='bbox 464 3003 528 3068; x_wconf 88' lang='lat' dir='ltr'>fuit</span> <span class='ocrx_word' id='word_1_221' title='bbox 543 3003 670 3090; x_wconf 81' lang='lat' dir='ltr'>loquela</span> <span class='ocrx_word' id='word_1_222' title='bbox 681 3012 715 3067; x_wconf 92' lang='lat' dir='ltr'>et</span> <span class='ocrx_word' id='word_1_223' title='bbox 726 3003 883 3069; x_wconf 89' lang='lat' dir='ltr'>iudicium</span> <span class='ocrx_word' id='word_1_224' title='bbox 894 3004 929 3069; x_wconf 89' lang='lat' dir='ltr'>in</span> <span class='ocrx_word' id='word_1_225' title='bbox 940 3015 1123 3091; x_wconf 86' lang='lat' dir='ltr'>respectum</span> <span class='ocrx_word' id='word_1_226' title='bbox 1135 3030 1238 3093; x_wconf 85' lang='lat' dir='ltr'>usque</span> <span class='ocrx_word' id='word_1_227' title='bbox 1249 3006 1291 3071; x_wconf 76' lang='lat' dir='ltr'>od</span> <span class='ocrx_word' id='word_1_228' title='bbox 1302 3016 1455 3094; x_wconf 73' lang='lat' dir='ltr'>quartum</span> 
     </span>
     <span class='ocr_line' id='line_1_26' title="bbox 345 3106 1457 3196; baseline 0.003 -23"><span class='ocrx_word' id='word_1_229' title='bbox 345 3109 466 3174; x_wconf 82' lang='lat' dir='ltr'>curiam</span> <span class='ocrx_word' id='word_1_230' title='bbox 496 3130 555 3194; x_wconf 91' lang='lat' dir='ltr'>pro</span> <span class='ocrx_word' id='word_1_231' title='bbox 580 3106 821 3173; x_wconf 78' lang='lat' dir='ltr'>afforoiomento</span> <span class='ocrx_word' id='word_1_232' title='bbox 851 3107 1008 3186; x_wconf 80' lang='lat' dir='ltr'>habende,</span> <span class='ocrx_word' id='word_1_233' title='bbox 1031 3119 1066 3174; x_wconf 95' lang='lat' dir='ltr'>et</span> <span class='ocrx_word' id='word_1_234' title='bbox 1091 3109 1134 3174; x_wconf 85' lang='lat' dir='ltr'>ad</span> <span class='ocrx_word' id='word_1_235' title='bbox 1159 3119 1309 3196; x_wconf 77' lang='lat' dir='ltr'>quartum</span> <span class='ocrx_word' id='word_1_236' title='bbox 1332 3111 1457 3176; x_wconf 74' lang='lat' dir='ltr'>curiam</span> 
     </span>
     <span class='ocr_line' id='line_1_27' title="bbox 345 3209 1455 3300; baseline 0.002 -23"><span class='ocrx_word' id='word_1_237' title='bbox 345 3211 439 3277; x_wconf 88' lang='lat' dir='ltr'>uenit</span> <span class='ocrx_word' id='word_1_238' title='bbox 457 3209 650 3275; x_wconf 80' lang='lat' dir='ltr'>Wnkelinus</span> <span class='ocrx_word' id='word_1_239' title='bbox 670 3218 705 3274; x_wconf 90' lang='lat' dir='ltr'>et</span> <span class='ocrx_word' id='word_1_240' title='bbox 724 3210 803 3276; x_wconf 90' lang='lat' dir='ltr'>tulit</span> <span class='ocrx_word' id='word_1_241' title='bbox 823 3211 922 3276; x_wconf 89' lang='lat' dir='ltr'>breue</span> <span class='ocrx_word' id='word_1_242' title='bbox 942 3211 1036 3277; x_wconf 92' lang='lat' dir='ltr'>Dom.</span> <span class='ocrx_word' id='word_1_243' title='bbox 1058 3211 1159 3300; x_wconf 80' lang='lat' dir='ltr'>Regis</span> <span class='ocrx_word' id='word_1_244' title='bbox 1179 3212 1266 3298; x_wconf 95' lang='lat' dir='ltr'>quod</span> <span class='ocrx_word' id='word_1_245' title='bbox 1285 3214 1455 3279; x_wconf 85' lang='lat' dir='ltr'>recordnm</span> 
     </span>
     <span class='ocr_line' id='line_1_28' title="bbox 347 3315 1458 3404; baseline 0.003 -24"><span class='ocrx_word' id='word_1_246' title='bbox 347 3317 440 3382; x_wconf 86' lang='lat' dir='ltr'>fieret</span> <span class='ocrx_word' id='word_1_247' title='bbox 454 3325 488 3381; x_wconf 93' lang='lat' dir='ltr'>et</span> <span class='ocrx_word' id='word_1_248' title='bbox 504 3315 632 3380; x_wconf 89' lang='lat' dir='ltr'>ueniret</span> <span class='ocrx_word' id='word_1_249' title='bbox 647 3337 752 3381; x_wconf 85' lang='lat' dir='ltr'>coram</span> <span class='ocrx_word' id='word_1_250' title='bbox 774 3316 868 3380; x_wconf 92' lang='lat' dir='ltr'>Dom.</span> <span class='ocrx_word' id='word_1_251' title='bbox 884 3317 974 3404; x_wconf 83' lang='lat' dir='ltr'>Rege</span> <span class='ocrx_word' id='word_1_252' title='bbox 994 3325 1053 3383; x_wconf 82' lang='lat' dir='ltr'>etc</span> <span class='ocrx_word' id='word_1_253' title='bbox 1099 3317 1217 3382; x_wconf 74' lang='lat' dir='ltr'>Postea</span> <span class='ocrx_word' id='word_1_254' title='bbox 1236 3318 1326 3403; x_wconf 76' lang='lat' dir='ltr'>opud</span> <span class='ocrx_word' id='word_1_255' title='bbox 1347 3317 1458 3384; x_wconf 79' lang='lat' dir='ltr'>West</span> 
     </span>
     <span class='ocr_line' id='line_1_29' title="bbox 346 3418 1459 3507; baseline 0.003 -22"><span class='ocrx_word' id='word_1_256' title='bbox 346 3419 578 3485; x_wconf 74' lang='lat' dir='ltr'>monesterium</span> <span class='ocrx_word' id='word_1_257' title='bbox 598 3428 657 3486; x_wconf 87' lang='lat' dir='ltr'>etc.</span> <span class='ocrx_word' id='word_1_258' title='bbox 674 3420 734 3484; x_wconf 85' lang='lat' dir='ltr'>toli</span> <span class='ocrx_word' id='word_1_259' title='bbox 748 3418 802 3483; x_wconf 90' lang='lat' dir='ltr'>die</span> <span class='ocrx_word' id='word_1_260' title='bbox 817 3419 911 3484; x_wconf 91' lang='lat' dir='ltr'>uenit</span> <span class='ocrx_word' id='word_1_261' title='bbox 924 3418 1116 3485; x_wconf 82' lang='lat' dir='ltr'>Wnkelinus</span> <span class='ocrx_word' id='word_1_262' title='bbox 1135 3429 1210 3507; x_wconf 84' lang='lat' dir='ltr'>post</span> <span class='ocrx_word' id='word_1_263' title='bbox 1229 3420 1357 3486; x_wconf 71' lang='lat' dir='ltr'>cesonio</span> <span class='ocrx_word' id='word_1_264' title='bbox 1371 3423 1459 3488; x_wconf 74' lang='lat' dir='ltr'>facta</span> 
     </span>
     <span class='ocr_line' id='line_1_30' title="bbox 347 3522 1458 3611; baseline 0 -19"><span class='ocrx_word' id='word_1_265' title='bbox 347 3525 388 3592; x_wconf 80' lang='lat' dir='ltr'>ab</span> <span class='ocrx_word' id='word_1_266' title='bbox 408 3525 520 3590; x_wconf 90' lang='lat' dir='ltr'>eodem</span> <span class='ocrx_word' id='word_1_267' title='bbox 541 3524 715 3602; x_wconf 80' lang='lat' dir='ltr'>willelmo,</span> <span class='ocrx_word' id='word_1_268' title='bbox 735 3533 769 3589; x_wconf 89' lang='lat' dir='ltr'>et</span> <span class='ocrx_word' id='word_1_269' title='bbox 789 3522 974 3590; x_wconf 89' lang='lat' dir='ltr'>Willelmus</span> <span class='ocrx_word' id='word_1_270' title='bbox 994 3525 1146 3611; x_wconf 76' lang='lat' dir='ltr'>producit</span> <span class='ocrx_word' id='word_1_271' title='bbox 1165 3533 1287 3592; x_wconf 80' lang='lat' dir='ltr'>sectam</span> <span class='ocrx_word' id='word_1_272' title='bbox 1307 3549 1402 3592; x_wconf 76' lang='lat' dir='ltr'>suam</span> <span class='ocrx_word' id='word_1_273' title='bbox 1423 3536 1458 3592; x_wconf 91' lang='lat' dir='ltr'>et</span> 
     </span>
     <span class='ocr_line' id='line_1_31' title="bbox 347 3629 1458 3718; baseline 0.002 -22"><span class='ocrx_word' id='word_1_274' title='bbox 347 3631 410 3718; x_wconf 85' lang='lat' dir='ltr'>ipsi</span> <span class='ocrx_word' id='word_1_275' title='bbox 437 3653 516 3716; x_wconf 84' lang='lat' dir='ltr'>quos</span> <span class='ocrx_word' id='word_1_276' title='bbox 542 3629 694 3715; x_wconf 87' lang='lat' dir='ltr'>produxit</span> <span class='ocrx_word' id='word_1_277' title='bbox 720 3651 777 3716; x_wconf 90' lang='lat' dir='ltr'>pro</span> <span class='ocrx_word' id='word_1_278' title='bbox 804 3652 838 3695; x_wconf 79' lang='lat' dir='ltr'>se</span> <span class='ocrx_word' id='word_1_279' title='bbox 862 3629 1037 3696; x_wconf 80' lang='lat' dir='ltr'>discordati</span> <span class='ocrx_word' id='word_1_280' title='bbox 1062 3640 1140 3696; x_wconf 84' lang='lat' dir='ltr'>sunt</span> <span class='ocrx_word' id='word_1_281' title='bbox 1164 3632 1198 3696; x_wconf 91' lang='lat' dir='ltr'>in</span> <span class='ocrx_word' id='word_1_282' title='bbox 1221 3631 1336 3697; x_wconf 83' lang='lat' dir='ltr'>multis</span> <span class='ocrx_word' id='word_1_283' title='bbox 1362 3641 1398 3698; x_wconf 90' lang='lat' dir='ltr'>et</span> <span class='ocrx_word' id='word_1_284' title='bbox 1423 3633 1458 3698; x_wconf 91' lang='lat' dir='ltr'>in</span> 
     </span>
     <span class='ocr_line' id='line_1_32' title="bbox 349 3733 1458 3825; baseline 0.004 -25"><span class='ocrx_word' id='word_1_285' title='bbox 349 3743 493 3821; x_wconf 83' lang='lat' dir='ltr'>tempore</span> <span class='ocrx_word' id='word_1_286' title='bbox 508 3733 590 3799; x_wconf 87' lang='lat' dir='ltr'>etin</span> <span class='ocrx_word' id='word_1_287' title='bbox 612 3733 684 3798; x_wconf 81' lang='lat' dir='ltr'>aliis</span> <span class='ocrx_word' id='word_1_288' title='bbox 704 3733 965 3811; x_wconf 60' lang='lat' dir='ltr'>circumdandis,</span> <span class='ocrx_word' id='word_1_289' title='bbox 980 3734 1059 3821; x_wconf 82' lang='lat' dir='ltr'>quia</span> <span class='ocrx_word' id='word_1_290' title='bbox 1078 3735 1212 3822; x_wconf 78' lang='lat' dir='ltr'>quidam</span> <span class='ocrx_word' id='word_1_291' title='bbox 1234 3735 1350 3801; x_wconf 87' lang='lat' dir='ltr'>dicunt</span> <span class='ocrx_word' id='word_1_292' title='bbox 1371 3738 1458 3825; x_wconf 92' lang='lat' dir='ltr'>quod</span> 
     </span>
     <span class='ocr_line' id='line_1_33' title="bbox 349 3837 1458 3925; baseline 0.005 -23"><span class='ocrx_word' id='word_1_293' title='bbox 349 3837 488 3925; x_wconf 82' lang='lat' dir='ltr'>quedam</span> <span class='ocrx_word' id='word_1_294' title='bbox 512 3859 597 3923; x_wconf 81' lang='lat' dir='ltr'>equo</span> <span class='ocrx_word' id='word_1_295' title='bbox 619 3843 725 3902; x_wconf 82' lang='lat' dir='ltr'>meter</span> <span class='ocrx_word' id='word_1_296' title='bbox 752 3837 854 3923; x_wconf 80' lang='lat' dir='ltr'>ipsius</span> <span class='ocrx_word' id='word_1_297' title='bbox 883 3838 1009 3925; x_wconf 74' lang='lat' dir='ltr'>pulleni</span> <span class='ocrx_word' id='word_1_298' title='bbox 1038 3847 1150 3925; x_wconf 81' lang='lat' dir='ltr'>empta</span> <span class='ocrx_word' id='word_1_299' title='bbox 1178 3839 1242 3904; x_wconf 86' lang='lat' dir='ltr'>suit</span> <span class='ocrx_word' id='word_1_300' title='bbox 1270 3839 1313 3904; x_wconf 84' lang='lat' dir='ltr'>ob</span> <span class='ocrx_word' id='word_1_301' title='bbox 1343 3841 1458 3907; x_wconf 89' lang='lat' dir='ltr'>eodem</span> 
     </span>
     <span class='ocr_line' id='line_1_34' title="bbox 349 3940 1459 4032; baseline 0.005 -26"><span class='ocrx_word' id='word_1_302' title='bbox 349 3941 513 4006; x_wconf 90' lang='lat' dir='ltr'>Willelmo</span> <span class='ocrx_word' id='word_1_303' title='bbox 539 3940 596 4027; x_wconf 92' lang='lat' dir='ltr'>iiij.</span> <span class='ocrx_word' id='word_1_304' title='bbox 619 3940 713 4006; x_wconf 80' lang='lat' dir='ltr'>annis</span> <span class='ocrx_word' id='word_1_305' title='bbox 741 3942 859 4029; x_wconf 83' lang='lat' dir='ltr'>elapsis</span> <span class='ocrx_word' id='word_1_306' title='bbox 884 3950 919 4008; x_wconf 91' lang='lat' dir='ltr'>et</span> <span class='ocrx_word' id='word_1_307' title='bbox 941 3943 1027 4029; x_wconf 93' lang='lat' dir='ltr'>quod</span> <span class='ocrx_word' id='word_1_308' title='bbox 1051 3952 1131 4009; x_wconf 88' lang='lat' dir='ltr'>tunc</span> <span class='ocrx_word' id='word_1_309' title='bbox 1152 3943 1217 4008; x_wconf 86' lang='lat' dir='ltr'>fuit</span> <span class='ocrx_word' id='word_1_310' title='bbox 1238 3966 1401 4032; x_wconf 78' lang='lat' dir='ltr'>pregnans</span> <span class='ocrx_word' id='word_1_311' title='bbox 1423 3957 1459 4013; x_wconf 87' lang='lat' dir='ltr'>et</span> 
     </span>
     <span class='ocr_line' id='line_1_35' title="bbox 350 4043 1458 4136; baseline 0.008 -28"><span class='ocrx_word' id='word_1_312' title='bbox 350 4043 436 4130; x_wconf 91' lang='lat' dir='ltr'>quod</span> <span class='ocrx_word' id='word_1_313' title='bbox 465 4043 581 4109; x_wconf 82' lang='lat' dir='ltr'>habuit</span> <span class='ocrx_word' id='word_1_314' title='bbox 611 4044 773 4130; x_wconf 81' lang='lat' dir='ltr'>quandam</span> <span class='ocrx_word' id='word_1_315' title='bbox 801 4046 965 4111; x_wconf 78' lang='lat' dir='ltr'>stellulam</span> <span class='ocrx_word' id='word_1_316' title='bbox 994 4047 1029 4112; x_wconf 89' lang='lat' dir='ltr'>in</span> <span class='ocrx_word' id='word_1_317' title='bbox 1055 4048 1160 4114; x_wconf 85' lang='lat' dir='ltr'>fronte</span> <span class='ocrx_word' id='word_1_318' title='bbox 1183 4049 1301 4127; x_wconf 75' lang='lat' dir='ltr'>albam,</span> <span class='ocrx_word' id='word_1_319' title='bbox 1323 4050 1458 4136; x_wconf 74' lang='lat' dir='ltr'>quidum</span> 
     </span>
     <span class='ocr_line' id='line_1_36' title="bbox 349 4147 1459 4238; baseline 0.008 -27"><span class='ocrx_word' id='word_1_320' title='bbox 349 4147 464 4212; x_wconf 89' lang='lat' dir='ltr'>dicunt</span> <span class='ocrx_word' id='word_1_321' title='bbox 492 4147 579 4234; x_wconf 90' lang='lat' dir='ltr'>quod</span> <span class='ocrx_word' id='word_1_322' title='bbox 607 4171 662 4214; x_wconf 80' lang='lat' dir='ltr'>sex</span> <span class='ocrx_word' id='word_1_323' title='bbox 693 4149 787 4216; x_wconf 76' lang='lat' dir='ltr'>annis</span> <span class='ocrx_word' id='word_1_324' title='bbox 817 4158 852 4215; x_wconf 89' lang='lat' dir='ltr'>et</span> <span class='ocrx_word' id='word_1_325' title='bbox 878 4150 964 4238; x_wconf 90' lang='lat' dir='ltr'>quod</span> <span class='ocrx_word' id='word_1_326' title='bbox 990 4152 1115 4216; x_wconf 82' lang='lat' dir='ltr'>nullam</span> <span class='ocrx_word' id='word_1_327' title='bbox 1139 4152 1303 4218; x_wconf 72' lang='lat' dir='ltr'>stellulnm</span> <span class='ocrx_word' id='word_1_328' title='bbox 1331 4154 1459 4233; x_wconf 77' lang='lat' dir='ltr'>habuit,</span> 
     </span>
    </p>
   </div>
   <div class='ocr_carea' id='block_1_5' title="bbox 382 4287 1457 4433">
    <p class='ocr_par' dir='ltr' id='par_1_6' title="bbox 382 4287 1457 4433">
     <span class='ocr_line' id='line_1_37' title="bbox 383 4287 1457 4358; baseline 0.007 -19"><span class='ocrx_word' id='word_1_329' title='bbox 383 4288 393 4320; x_wconf 85' lang='lat'>1</span> <span class='ocrx_word' id='word_1_330' title='bbox 410 4287 599 4352; x_wconf 82' lang='lat' dir='ltr'>Supplyfinem‚</span> <span class='ocrx_word' id='word_1_331' title='bbox 611 4289 641 4339; x_wconf 85' lang='grc' dir='ltr'>Δ.</span> <span class='ocrx_word' id='word_1_332' title='bbox 960 4292 972 4324; x_wconf 83' lang='lat'>⁴</span> <span class='ocrx_word' id='word_1_333' title='bbox 987 4295 1061 4343; x_wconf 75' lang='lat' dir='ltr'>illam</span> <span class='ocrx_word' id='word_1_334' title='bbox 1072 4296 1107 4344; x_wconf 81' lang='lat' dir='ltr'>ad</span> <span class='ocrx_word' id='word_1_335' title='bbox 1117 4302 1211 4345; x_wconf 72' lang='lat' dir='ltr'>rectum</span> <span class='ocrx_word' id='word_1_336' title='bbox 1226 4297 1256 4345; x_wconf 74' lang='lat' dir='ltr'>in</span> <span class='ocrx_word' id='word_1_337' title='bbox 1271 4297 1358 4346; x_wconf 72' lang='grc' dir='ltr'>αιᾶιιι</span> <span class='ocrx_word' id='word_1_338' title='bbox 1373 4301 1457 4358; x_wconf 70' lang='lat' dir='ltr'>ceria,</span> 
     </span>
     <span class='ocr_line' id='line_1_38' title="bbox 382 4353 957 4433; baseline 0.009 -31"><span class='ocrx_word' id='word_1_339' title='bbox 382 4353 393 4384; x_wconf 77' lang='lat'>²</span> <span class='ocrx_word' id='word_1_340' title='bbox 408 4354 439 4405; x_wconf 84' lang='grc' dir='ltr'>Δ.</span> <span class='ocrx_word' id='word_1_341' title='bbox 464 4369 498 4403; x_wconf 91' lang='lat' dir='ltr'>m.</span> <span class='ocrx_word' id='word_1_342' title='bbox 522 4355 553 4404; x_wconf 80' lang='lat'>13</span> <span class='ocrx_word' id='word_1_343' title='bbox 575 4353 599 4405; x_wconf 89' lang='lat' dir='ltr'>d.</span> <span class='ocrx_word' id='word_1_344' title='bbox 645 4355 700 4405; x_wconf 83' lang='lat' dir='ltr'>&#39;I&#39;he</span> <span class='ocrx_word' id='word_1_345' title='bbox 720 4355 822 4433; x_wconf 75' lang='lat' dir='ltr'>Birhop</span> <span class='ocrx_word' id='word_1_346' title='bbox 849 4357 877 4407; x_wconf 82' lang='lat' dir='ltr'>oi</span> <span class='ocrx_word' id='word_1_347' title='bbox 926 4357 957 4406; x_wconf 78' lang='lat' dir='ltr'>A.</span> 
     </span>
    </p>
   </div>
   <div class='ocr_carea' id='block_1_6' title="bbox 352 4419 1457 4548">
    <p class='ocr_par' dir='ltr' id='par_1_7' title="bbox 352 4419 1457 4548">
     <span class='ocr_line' id='line_1_39' title="bbox 352 4419 1457 4491; baseline 0.007 -20"><span class='ocrx_word' id='word_1_348' title='bbox 352 4419 487 4484; x_wconf 75' lang='lat' dir='ltr'>salisbury</span> <span class='ocrx_word' id='word_1_349' title='bbox 498 4419 550 4470; x_wconf 77' lang='lat' dir='ltr'>hed</span> <span class='ocrx_word' id='word_1_350' title='bbox 561 4435 578 4470; x_wconf 76' lang='lat' dir='ltr'>u</span> <span class='ocrx_word' id='word_1_351' title='bbox 588 4420 677 4483; x_wconf 74' lang='lat' dir='ltr'>puluoe</span> <span class='ocrx_word' id='word_1_352' title='bbox 688 4423 716 4472; x_wconf 76' lang='lat' dir='ltr'>nt</span> <span class='ocrx_word' id='word_1_353' title='bbox 729 4421 854 4486; x_wconf 64' lang='lat' dir='ltr'>Bonnmg</span> <span class='ocrx_word' id='word_1_354' title='bbox 958 4423 969 4456; x_wconf 74' lang='lat'>³</span> <span class='ocrx_word' id='word_1_355' title='bbox 985 4423 1028 4473; x_wconf 84' lang='lat' dir='ltr'>He</span> <span class='ocrx_word' id='word_1_356' title='bbox 1038 4424 1165 4476; x_wconf 78' lang='lat' dir='ltr'>willhovo</span> <span class='ocrx_word' id='word_1_357' title='bbox 1173 4425 1302 4477; x_wconf 75' lang='lat' dir='ltr'>mffiuent</span> <span class='ocrx_word' id='word_1_358' title='bbox 1310 4427 1388 4491; x_wconf 73' lang='lat' dir='ltr'>prooi</span> <span class='ocrx_word' id='word_1_359' title='bbox 1397 4427 1457 4480; x_wconf 69' lang='lat' dir='ltr'>tho</span> 
     </span>
     <span class='ocr_line' id='line_1_40' title="bbox 382 4483 1152 4548; baseline 0.009 -14"><span class='ocrx_word' id='word_1_360' title='bbox 382 4483 393 4518; x_wconf 74' lang='lat'><strong>³</strong></span> <span class='ocrx_word' id='word_1_361' title='bbox 410 4485 537 4536; x_wconf 76' lang='lat' dir='ltr'>Itundredo</span> <span class='ocrx_word' id='word_1_362' title='bbox 548 4501 601 4548; x_wconf 76' lang='lat' dir='ltr'>ouo,</span> <span class='ocrx_word' id='word_1_363' title='bbox 614 4488 644 4536; x_wconf 78' lang='lat' dir='ltr'>A.</span> <span class='ocrx_word' id='word_1_364' title='bbox 928 4487 974 4539; x_wconf 86' lang='lat' dir='ltr'>the</span> <span class='ocrx_word' id='word_1_365' title='bbox 983 4503 1056 4540; x_wconf 76' lang='lat' dir='ltr'>mure</span> <span class='ocrx_word' id='word_1_366' title='bbox 1066 4489 1090 4540; x_wconf 73' lang='lat' dir='ltr'>is</span> <span class='ocrx_word' id='word_1_367' title='bbox 1101 4489 1152 4541; x_wconf 76' lang='lat' dir='ltr'>hir.</span> 
     </span>
    </p>
   </div>
   <div class='ocr_carea' id='block_1_7' title="bbox 0 0 1599 5075">
    <p class='ocr_par' dir='ltr' id='par_1_8' title="bbox 0 0 1599 5075">
     <span class='ocr_line' id='line_1_41' title="bbox 0 0 1599 5075; baseline 0 0"><span class='ocrx_word' id='word_1_368' title='bbox 0 0 1599 5075; x_wconf 95' lang='lat' dir='ltr'> </span> 
     </span>
    </p>
   </div>
  </div>
 </body>
</html>
