3167 5075
436 430 573 490 risum,
595 429 660 479 an.
686 415 778 490 1225,
800 428 864 479 aa
888 415 916 478 9.
1167 415 1228 479 121
1275 439 1278 445 ¹
1318 460 1322 467 .

134 602 212 669 unde
236 603 404 669 Johannes
428 602 470 668 de
496 602 642 689 Ouinges
668 610 762 689 pater
787 600 926 688 predicti
953 601 1110 668 Willelmi
1139 573 1285 680 ⁰1¹iuss
1385 582 1389 588 .

133 706 218 771 heres
238 706 308 793 ipse
331 713 381 771 est
403 704 467 771 fuit
489 704 619 771 saisitus
645 713 684 770 ut
705 704 746 771 de
766 704 860 769 feodo
880 704 933 770 die
954 727 1018 791 quo
1040 705 1131 783 obiit,
1145 706 1233 773 unde

131 810 211 877 idem
241 810 426 876 Willelmus
455 809 604 896 queritur
632 809 719 895 quod
748 809 876 874 desicut
901 809 970 895 ipss
996 817 1069 895 post
1095 818 1233 875 mortem

130 916 283 982 Johannis
311 916 414 1002 patris
442 914 493 980 sui
523 914 653 980 saisitus
682 914 746 979 fuit
775 914 816 979 de
850 913 965 979 eadem
999 922 1086 980 terra
1120 922 1159 980 ut
1193 913 1234 980 de

130 1020 305 1087 hereditate
328 1043 388 1085 sua
409 1019 524 1085 eadem
547 1019 670 1085 Felicia
696 1042 770 1085 cum
796 1018 1010 1085 multitudine
1036 1027 1234 1084 armatomm

131 1125 292 1191 hominum
316 1125 422 1190 loricis
444 1132 479 1190 et
501 1124 676 1211 purpuntis
697 1132 731 1188 et
751 1124 884 1209 capellis
903 1124 1015 1190 ferreis
1035 1133 1070 1190 et
1084 1124 1236 1189 omnibus

129 1230 220 1295 armis
242 1238 276 1295 et
299 1229 337 1295 ui
358 1228 454 1294 eiecit
476 1251 551 1293 eum
575 1236 609 1293 et
628 1228 747 1294 catalla
766 1250 826 1293 sua
844 1228 982 1292 inuenta
1004 1227 1040 1292 in
1059 1227 1155 1293 domo
1177 1249 1237 1292 sua

129 1334 268 1399 uastauit
292 1340 328 1399 ct
347 1332 510 1398 destruxit
529 1332 614 1397 sicut
634 1331 732 1397 blada
751 1352 819 1408 sua,
834 1332 917 1410 fena,
932 1331 1072 1419 formgia
1091 1340 1126 1397 et
1145 1332 1235 1417 quic·

129 1434 202 1523 quid
235 1436 282 1502 ibi
318 1435 517 1501 inuenerunt
552 1442 586 1499 et
619 1434 791 1522 gardinum
828 1435 1024 1521 exstirpauit
1059 1443 1094 1500 et
1123 1435 1235 1502 domos

127 1540 300 1626 prostrauit
315 1549 350 1606 et
365 1541 463 1606 aliam
478 1540 735 1605 destruccionem
751 1540 829 1605 feeit
843 1563 901 1626 per
918 1541 1004 1627 quod
1020 1540 1236 1607 deterioratos

129 1652 175 1709 est
195 1652 229 1709 et
251 1644 432 1731 dampnum
454 1644 555 1710 habet
577 1643 618 1709 ad
639 1644 822 1710 ualenciam
842 1645 882 1709 xl.
899 1667 1081 1710 marearum
1103 1654 1138 1709 et
1159 1646 1235 1711 inde

130 1749 276 1833 producit
291 1758 422 1815 sectam.

189 1854 232 1918 Et
254 1853 379 1919 Felicia
400 1854 494 1918 uenit
517 1859 551 1918 et
573 1851 719 1918 defendit
745 1854 815 1917 uim
841 1861 876 1918 et
897 1851 1050 1918 iniuriam
1073 1863 1108 1918 et
1131 1854 1234 1919 intru-

128 1957 255 2035 sionem,
270 1966 323 2023 set
342 1978 456 2023 reuera
475 1957 547 2043 ipsa
567 1965 659 2021 tenet
679 1964 800 2021 terram
820 1956 911 2021 illam
931 1965 970 2021 ut
989 1957 1041 2022 ius
1060 1965 1095 2023 et
1110 1958 1235 2023 heredi-

128 2070 227 2127 tatem
245 2084 348 2127 suam
394 2061 438 2125 Et
456 2059 585 2146 quesita
602 2062 630 2125 si
647 2062 671 2126 J
672 2062 815 2127 ohannes
833 2062 916 2127 obiit
937 2062 1068 2128 saisitus
1089 2063 1129 2129 de
1149 2072 1237 2129 terra

128 2166 182 2231 illa
204 2166 285 2232 dicit
311 2165 398 2253 quod
419 2188 535 2231 reuera
559 2165 641 2231 obiit
661 2166 799 2232 saisitus.
844 2168 889 2232 Et
909 2167 983 2232 ideo
998 2167 1235 2234 consideratum

128 2271 277 2359 estquod
292 2270 479 2336 Willelmus
494 2271 700 2357 recuperauit
720 2270 872 2335 saisinam
892 2293 985 2337 suam
1005 2280 1040 2337 et
1060 2273 1182 2339 Felicia
1201 2274 1237 2339 in
1274 2336 1278 2342 ,

130 2374 353 2441 misericordia

191 2480 388 2568 Preceptum
403 2486 454 2546 est
468 2478 653 2545 uieaeomiti
665 2478 751 2566 quod
762 2502 821 2566 per
830 2489 1068 2547 sacramentum
1083 2482 1237 2570 legalium

129 2585 296 2650 hominum
317 2583 493 2672 diligenter
511 2583 657 2669 inquirat
676 2583 763 2670 quod
783 2584 962 2672 dampnum
983 2584 1097 2651 eadem
1114 2587 1237 2653 Felicia

129 2689 238 2756 fecerit
252 2689 362 2756 eidem
377 2688 542 2755 Willelmo
557 2687 598 2754 de
618 2688 769 2754 domibus
788 2691 856 2755 suis
879 2689 1023 2777 gordinis
1046 2691 1182 2757 uiuariis
1202 2701 1237 2759 et

129 2794 196 2860 aliia
210 2795 310 2861 rebus
326 2803 385 2860 etc
402 2801 436 2860 et
451 2793 698 2879 inquisicionem
712 2793 803 2859 illam
818 2792 938 2858 habeat
953 2794 1012 2858 tali
1027 2793 1080 2860 die
1096 2804 1155 2862 etc.

29 2889 95 2956 1105.
189 2899 379 2964 Willelmus
408 2897 448 2962 de
479 2895 669 2963 Herdewioo
698 2919 756 2985 per
789 2905 991 2962 attomatum
1027 2921 1123 2965 suum
1151 2903 1238 2987 petit
1355 2941 1361 2952 ·

129 3023 239 3066 uersus
269 2999 448 3066 Ricardum
477 2999 518 3064 da
547 2997 702 3066 Oaldicot'
727 2999 752 3087 j.
779 3000 861 3088 uirg.
887 3009 972 3066 terre
997 3024 1073 3067 cum
1098 3005 1238 3090 pertin

130 3101 247 3168 Caldic'
275 3109 317 3167 ut
346 3101 398 3166 ius
427 3124 523 3167 suum
549 3102 636 3166 unde
662 3100 840 3167 Mauricius
865 3105 1047 3170 auunculus
1071 3127 1149 3171 suus
1174 3107 1239 3172 fuit

130 3207 257 3272 seisitus
271 3214 314 3272 ut
329 3205 369 3270 de
385 3205 477 3271 feodo
492 3212 527 3271 et
541 3205 611 3271 iure
628 3213 662 3270 at
681 3205 717 3270 in
737 3206 898 3272 dominico
920 3217 1065 3294 tempora
1080 3209 1122 3275 R
1138 3209 1238 3297 Regis

130 3310 182 3374 aui
197 3310 294 3376 Dom.
311 3308 413 3396 Regis
431 3307 586 3395 capiendo
606 3307 683 3373 inde
705 3310 837 3395 expleta
849 3333 878 3376 v.
894 3311 961 3390 aol.,
976 3320 1011 3376 et
1024 3311 1066 3378 de
1081 3313 1238 3380 Mauricio

131 3414 204 3499 quia
228 3413 316 3479 obiit
345 3413 415 3478 sine
441 3413 560 3478 herede
586 3413 626 3478 da
652 3435 686 3478 sa
711 3414 828 3480 debuit
853 3414 1046 3482 descendere
1071 3425 1157 3482 terra
1182 3419 1239 3484 illa

131 3519 279 3586 Huberto
301 3518 394 3583 fratri
414 3540 480 3595 suo,
495 3526 547 3583 set
568 3517 675 3584 Alicio
697 3541 778 3584 uxor
799 3519 937 3606 predicti
959 3521 1109 3586 Mauricii
1130 3523 1238 3590 tenuit

131 3633 245 3690 terram
267 3624 361 3689 illam
381 3623 416 3688 in
436 3623 546 3688 dotem
569 3632 604 3690 et
625 3624 711 3689 uixit
733 3624 861 3690 diucius
885 3648 981 3712 quam
1009 3626 1178 3704 Hubertus
1204 3636 1239 3693 et

131 3728 199 3795 ideo
228 3729 332 3796 debet
362 3737 448 3794 terra
476 3729 534 3794 illa
561 3729 754 3795 descendere
784 3729 889 3794 eidem
916 3729 1079 3795 Willelmo
1108 3739 1147 3795 ut
1172 3732 1239 3798 filio

131 3833 229 3920 ipsius
253 3835 403 3901 Huberti
428 3843 463 3900 et
488 3834 608 3912 heredi,
636 3844 671 3900 et
695 3835 730 3901 in
756 3858 854 3921 quam
879 3835 967 3901 idem
993 3836 1151 3903 Ricardus
1173 3861 1239 3904 non

133 3935 227 4004 habet
241 3939 427 4028 ingressum
441 3939 505 4004 nisi
519 3947 724 4026 perpetrem
744 3962 841 4006 suum
864 3939 916 4004 cui
937 3939 1044 4004 Alicia
1064 3964 1147 4007 uxor
1166 3964 1239 4028 pra-

133 4041 208 4108 dicti
221 4043 375 4110 Mauricii
390 4065 453 4131 que
468 4045 559 4109 illam
575 4044 684 4110 tenuit
698 4045 733 4109 in
748 4045 858 4110 dotem
874 4045 904 4110 ei
919 4044 1044 4111 dimisit
1058 4055 1118 4112 etc.

194 4147 237 4212 Et
266 4147 427 4215 Ricardus
453 4148 546 4214 uenit
572 4157 607 4214 et
632 4147 779 4214 defendit
804 4149 855 4213 ius
880 4158 1033 4215 suamet
1055 4149 1238 4237 predictum

133 4249 310 4338 ingressum
325 4261 360 4318 et
374 4252 455 4319 dicit
470 4253 555 4340 quod
571 4252 612 4318 de
628 4251 702 4317 dim.
718 4251 800 4340 uirg.
816 4261 900 4318 terre
915 4253 1032 4319 habuit
1049 4255 1239 4321 Thurkillus

134 4363 222 4437 pater
250 4377 331 4422 suus
361 4355 555 4444 ingressum¹
585 4355 620 4421 in
650 4364 769 4421 tanam
799 4355 889 4421 illam
919 4355 1073 4421 ax‘dono
1100 4358 1238 4444 predicti

586 4482 596 4516 ¹
613 4483 678 4547 Stop
689 4482 717 4532 in
728 4483 784 4534 MS.
