3167 5075
418 398 571 460 rammi,
592 398 657 448 xo.
683 386 778 462 1220,
800 399 862 450 an
887 387 915 449 4.
1157 390 1221 453 395

128 574 321 652 escambium,
334 582 370 639 et
384 574 477 639 Isaac
490 574 660 660 perquirat
673 595 709 638 se
723 595 838 639 uersus
857 572 981 639 curiam
1001 573 1042 638 de
1062 572 1174 639 debito
1189 581 1224 639 et

129 678 213 742 uadio
227 700 284 743 suo
300 678 373 743 etc¹

62 804 98 865 45¹
183 778 354 845 'ltadnlfus
368 780 503 845 Musard
522 780 646 866 optulit
664 802 700 845 se
719 780 800 866 iiijl'.
817 780 870 846 die
890 802 1003 845 uersus
1021 780 1224 846 Willelmum
1281 784 1356 846 nunc

127 881 162 947 de
176 884 312 949 Gurdino
327 885 368 949 de
382 884 504 971 placito
523 885 611 971 quod
630 885 790 950 deliberet
811 884 842 950 ei
862 886 973 949 aueria
991 906 1051 949 sua
1070 906 1134 971 que
1154 885 1224 970 ipse

126 983 203 1071 capit
216 995 250 1051 et
264 987 387 1053 iniuste
402 989 530 1054 detinet
544 995 584 1052 ut
598 988 679 1054 dicit
694 996 753 1054 etc.
792 989 837 1052 Et
851 988 1037 1053 Willelmus
1051 1011 1116 1052 non
1131 988 1225 1053 uenit

127 1097 187 1165 etc,
207 1098 241 1154 et
263 1100 456 1176 preceptum
479 1091 544 1155 fuit
567 1091 753 1157 uiceccmiti
776 1090 969 1156 Bedefordie
994 1090 1116 1177 pluries
1138 1090 1225 1177 quod

125 1192 249 1258 haberet
273 1217 388 1280 corpus
410 1195 482 1260 eius
505 1204 540 1261 et
563 1196 742 1261 uicecomee
765 1193 935 1260 mandauit
961 1193 1047 1279 quod
1069 1216 1136 1258 non
1160 1193 1225 1258 fuit

125 1297 277 1365 inuentus
320 1301 366 1365 Et
380 1299 454 1365 ideo
468 1308 660 1386 preceptum
675 1310 725 1365 est
739 1299 925 1364 uiceccmiti
944 1297 1031 1385 quod
1050 1296 1225 1385 distringat

126 1424 193 1467 eum
205 1426 264 1488 per
278 1412 381 1469 terras
396 1411 431 1469 et
445 1404 563 1469 catalla
577 1426 637 1469 sua
651 1412 711 1469 etc
727 1404 814 1489 quod
829 1403 873 1467 sit
888 1412 948 1467 etc.

61 1508 96 1575 47.
181 1504 361 1571 ³lohannes
390 1505 477 1569 filius
506 1506 659 1570 Nicholai
688 1527 882 1592 cognoscens
912 1527 946 1570 se
970 1526 1039 1569 esse
1064 1505 1224 1569 latronem
1335 1558 1342 1571 .

125 1609 256 1695 appellat
282 1608 506 1674 Alexandrum
532 1609 573 1673 de
596 1608 746 1674 Hecchc⁴
767 1609 854 1694 quod
877 1609 947 1695 ipse
969 1608 1067 1673 simul
1089 1630 1163 1673 cum
1186 1630 1224 1671 eo

123 1712 239 1778 sumtus
258 1713 325 1778 fuit
345 1721 418 1777 octo
438 1734 539 1798 equos
558 1711 647 1798 apud
665 1712 906 1777 Blanefordiam
922 1712 1008 1778 unde
1023 1712 1092 1798 ipse
1108 1711 1225 1776 habuit

124 1817 160 1882 ad
179 1827 305 1904 partem
328 1840 422 1883 suam
447 1840 498 1882 xx
523 1817 588 1895 sol,
611 1826 646 1882 et
667 1818 728 1883 hoc
750 1818 846 1882 offert
868 1818 1002 1903 probare
1026 1839 1085 1902 per
1110 1837 1224 1901 corpus

124 1942 208 1987 sunm
236 1931 336 2009 prout
365 1922 456 1987 curia
484 1930 545 1988 etc.
601 1922 645 1986 Et
674 1921 861 1987 Alexander
890 1920 983 1986 uenit
1013 1928 1049 1985 ct
1077 1920 1223 1985 defendit

123 2026 304 2091 societatem
330 2026 400 2091 eius
426 2034 461 2090 et
487 2025 693 2090 latrocinium
719 2033 754 2090 et
780 2048 937 2111 equorum
964 2032 998 2089 et
1029 2024 1155 2091 totum⁵.
1181 2024 1222 2089 de

123 2128 211 2193 uerbo
224 2130 261 2194 in
278 2129 417 2194 uerbum
431 2150 619 2215 percorpus
638 2150 735 2192 suum
755 2136 852 2213 prout
868 2136 927 2193 etc.
974 2126 1222 2193 Consideratum

122 2232 273 2318 estquod
296 2231 443 2297 duellum
469 2231 513 2295 sit
539 2232 627 2295 inter
649 2252 713 2307 eos,
737 2239 772 2295 et
796 2230 982 2295 Alexander
1004 2230 1062 2295 det
1088 2230 1222 2295 uadium

121 2334 309 2402 defendendi
329 2359 364 2401 se
386 2344 421 2401 et
443 2336 610 2401 Johannes
631 2336 797 2420 probandi,
818 2336 964 2423 plegium
987 2356 1098 2399 eorum
1120 2334 1221 2420 gaola

122 2438 254 2505 Veniant
275 2440 337 2504 tali
356 2440 409 2505 die
428 2439 556 2516 armati,
574 2447 609 2504 et
630 2439 755 2503 Editha
777 2461 857 2503 uxor
878 2439 948 2504 eius
971 2446 1067 2524 capta
1088 2460 1162 2501 cum
1185 2459 1223 2502 eo

121 2543 293 2611 deliberata
308 2554 368 2622 est,
383 2545 540 2631 quianon
554 2544 619 2609 fuit
634 2545 746 2610 seisita
765 2545 805 2610 de
826 2545 935 2631 aliquo
955 2545 1042 2609 furto
1063 2551 1097 2608 et
1117 2543 1224 2608 Alicia

119 2667 198 2712 soror
211 2649 336 2714 Edithe
354 2646 527 2713 similiter⁰.
581 2647 768 2713 Alexander
788 2647 898 2712 uictus
921 2656 971 2713 est
994 2655 1028 2713 et
1050 2669 1223 2733 suspensus

120 2760 173 2815 etc.

61 2857 89 2923 e,
176 2855 312 2922 'Jurata
340 2856 434 2921 uenit
463 2855 505 2920 ad
533 2853 826 2942 recognoscendum
856 2876 936 2939 quae
972 2853 1222 2919 consuetudines
1297 2891 1311 2920 u

119 2961 292 3025 manerium
315 2958 356 3025 de
376 2959 527 3045 Neuport
546 2957 699 3044 Paynelle
721 2957 825 3022 facere
847 2956 1017 3022 consueuit
1039 2955 1223 3021 uiceccmiti

118 3063 211 3129 Buck
242 3063 448 3150 temporibus
476 3071 715 3128 antecessorum
746 3062 839 3126 Dom.
868 3061 970 3148 Regis
995 3068 1033 3126 ut
1060 3061 1100 3126 de
1126 3060 1222 3126 sectis

119 3170 287 3235 comitatus
301 3179 337 3235 et
351 3167 515 3235 hundredi
529 3176 563 3232 et
580 3175 620 3232 ut
640 3166 682 3232 de
702 3166 776 3231 uisu
799 3165 900 3231 franci
921 3166 1022 3252 plegii
1045 3173 1079 3230 et
1100 3163 1222 3229 auxilio

118 3272 322 3351 nioecomitis,
337 3272 426 3338 unde
446 3271 630 3336 Willelmua
649 3271 690 3336 de
710 3270 803 3336 Bello
824 3271 949 3356 Campo
969 3269 1116 3356 queritur
1135 3267 1222 3353 quod

120 3374 292 3441 uieeeomes
307 3376 429 3441 iniuste
448 3399 525 3440 eum
545 3384 652 3441 uexat
698 3376 837 3440 Ponitur
857 3375 893 3439 in
914 3381 1097 3459 respectum
1119 3393 1222 3457 usque

118 3479 156 3542 ad
168 3481 270 3545 talem
290 3480 378 3546 diem
398 3481 476 3566 quia
495 3502 607 3545 omnes
626 3479 845 3566 recognitores
864 3485 1059 3542 amouentur
1078 3498 1115 3540 eo
1135 3473 1222 3561 quod

119 3581 246 3650 inutiles
276 3584 418 3660 fuerunt,
450 3592 485 3648 et
514 3584 589 3648 idco
617 3591 809 3669 preceptum
838 3590 889 3646 est
919 3579 1103 3645 uiceccmiti
1135 3579 1222 3664 quod

118 3696 318 3753 summoneat
337 3687 392 3772 xij.
408 3687 529 3774 legales
548 3686 671 3752 milites
690 3687 731 3751 de
751 3685 898 3772 proximo
917 3685 1045 3750 uisneto
1065 3705 1123 3768 per
1142 3704 1222 3767 quos
1268 3748 1270 3756 ,
1355 3701 1358 3708 “

118 3798 171 3856 ete
193 3792 236 3857 ad
261 3792 556 3878 recognoscendum
582 3799 651 3867 etc,
675 3800 710 3857 et
732 3791 761 3855 si
785 3790 865 3876 quid
890 3790 978 3875 cepit
1006 3789 1047 3853 de
1076 3787 1222 3874 predicto

118 3891 277 3960 Willelmo
304 3902 480 3980 postquam
509 3902 698 3981 preceptum
728 3894 823 3959 Dom.
850 3893 950 3980 Regis
976 3892 1093 3957 habuit
1122 3898 1161 3955 ut
1190 3889 1222 3955 ei

144 4149 156 4180 ¹
169 4150 203 4200 In
219 4151 253 4203 B.
274 4151 320 4201 the
337 4154 439 4213 greater
457 4153 517 4213 part
539 4150 568 4199 ol
588 4150 642 4200 this
724 4150 736 4184 ⁸
751 4149 782 4198 A.
796 4165 832 4199 m.
845 4151 891 4208 23;
910 4149 941 4198 B.
953 4163 988 4201 m.
1006 4148 1049 4198 14.

117 4214 248 4278 indgment
275 4217 300 4266 is
326 4221 375 4266 not
401 4215 492 4266 lound.
534 4215 560 4265 It
592 4216 643 4266 has
725 4216 843 4272 ‘Hetlra
856 4215 886 4274 A,
899 4215 929 4265 B.

117 4279 643 4394 iiptehingrothedisoreditorrhejustioor
725 4280 737 4376 ἰ
754 4280 857 4395 ἓὲΘΑΒς
874 4280 976 4394 ἶὲἰτθιι
987 4295 1111 4343 equorum,
1125 4279 1156 4328 B.

146 4361 516 4473 dimanare.
726 4409 783 4461 Ἀ.
798 4360 989 4470 orariis
1006 4410 1045 4460 13.
