3167 5075
464 390 600 452 unsrun
624 389 689 440 nn.
712 377 807 452 1226,
830 391 892 440 aa.
917 377 970 442 102
1211 377 1274 441 589

168 571 203 628 ct
232 562 410 627 Robertum
439 560 480 626 da
510 563 655 626 Boetona
679 569 807 647 patrem
831 561 1050 647 predictarum
1077 559 1215 627 Iaobelle
1240 571 1275 627 et

168 665 307 731 Aueline
330 665 422 730 cuius
445 664 579 730 heredes
599 665 667 750 ipse
691 672 768 730 sunt
788 666 830 731 de
849 665 1063 730 aduocaoione
1083 666 1214 731 ecclesie
1234 666 1276 731 de

170 768 423 855 Horingefeldia,
432 769 521 834 unde
532 769 756 856 cirographum
768 778 836 848 etc,
848 772 934 856 quod
949 771 1036 835 idem
1052 770 1143 835 Prior
1156 773 1277 858 profert

167 879 201 935 et
215 871 302 957 quod
317 880 468 950 testatur,
482 872 569 959 quod
584 873 750 959 predictus
765 873 929 938 Robertua
948 873 989 939 de
1010 875 1155 940 Bootona
1168 897 1276 962 recog·

166 977 260 1040 nouit
282 975 530 1042 aduooacionem
553 976 698 1042 eiusdem
725 976 857 1042 ecclesie
880 1000 950 1042 esse
975 977 1027 1042 ius
1051 979 1276 1044 canonicorum

166 1079 206 1145 de
231 1081 335 1146 Ledes
360 1103 399 1146 ex
423 1081 508 1146 dono
528 1080 664 1146 Henrici
684 1081 725 1146 de
746 1083 892 1146 Bootona
906 1081 1081 1168 patrissui,
1098 1090 1187 1147 etex
1202 1105 1277 1147 con·

166 1183 351 1248 firmaoione
365 1184 468 1270 ipsius
487 1184 632 1260 Roberti,
648 1192 682 1249 et
704 1185 809 1271 ipsam
829 1184 1077 1250 aduocationem
1097 1185 1222 1250 remisit
1242 1196 1276 1252 et

166 1289 313 1374 quietam
327 1288 483 1354 clamauit
497 1297 567 1366 ete,
582 1289 658 1353 inde
674 1289 760 1354 idem
777 1287 868 1353 Prior
887 1289 1036 1375 queritur
1056 1291 1143 1375 quod
1165 1299 1278 1357 contra

165 1393 265 1458 finem
285 1392 379 1457 illum
400 1393 584 1478 impediunt
604 1392 667 1477 ipsi
687 1392 850 1456 Robertue
864 1399 899 1456 et
914 1392 1067 1457 Isobella¹
1081 1394 1276 1479 presentaci-

165 1519 260 1562 onem
276 1520 369 1562 suam
383 1497 426 1562 ad
440 1497 576 1562 eandem
592 1496 768 1562 ecclesiam.

231 1603 277 1666 Et
292 1602 454 1666 Robertua
469 1609 503 1666 et
517 1601 574 1666 alii
588 1601 728 1665 ueniunt
744 1608 778 1664 et
798 1609 996 1686 cognoscunt
1017 1601 1116 1665 finem
1140 1609 1174 1666 et
1196 1601 1275 1666 ciro·

164 1705 336 1792 graphum,
350 1713 401 1770 set
422 1727 536 1768 reuera
556 1711 630 1789 post
652 1703 750 1767 linem
773 1702 867 1767 illum
888 1703 1091 1789 presentauit
1113 1704 1276 1769 Bobertus

164 1817 260 1895 pater
283 1831 393 1873 earum
415 1831 583 1894 personam
607 1830 670 1893 que
693 1808 811 1873 ultimo
832 1808 915 1872 obiit
936 1808 1001 1873 scil
1017 1808 1219 1873 Willelmum
1234 1809 1275 1875 de

165 1912 340 1998 Reingnes‚
356 1921 390 1976 et
405 1911 478 1976 ideo
492 1911 736 1996 impediuerunt
751 1911 814 1996 ipsi
829 1911 1104 1996 presentaoionem
1119 1935 1220 1977 suam.

231 2017 277 2080 Et
300 2017 391 2080 Prior
408 2016 489 2080 dicit
508 2015 595 2101 qnod
610 2014 795 2080 Willelmus
816 2036 881 2078 non
904 2013 968 2079 fuit
989 2024 1196 2099 presentatus
1216 2039 1276 2102 per

163 2121 309 2208 aliquem
325 2122 528 2196 aduocatum,
544 2127 593 2183 set
608 2141 723 2183 reuera
738 2119 881 2205 Legatus
903 2118 1115 2206 Pandulphus
1137 2120 1274 2184 auctori·

163 2235 235 2292 tate
251 2225 425 2312 legacionis
440 2247 498 2290 sue
512 2223 653 2289 contulit
666 2223 757 2287 illam
771 2223 937 2288 eccleciam
948 2224 1094 2310 predicto
1103 2225 1275 2292 Willelmo.

230 2332 277 2396 Et
292 2331 369 2417 quia
383 2337 579 2416 cognoscunt
594 2327 692 2392 finem
708 2337 743 2392 et
758 2327 985 2414 cirographum
1002 2336 1038 2392 et
1052 2328 1153 2393 nichil
1168 2338 1274 2394 osten·

162 2436 249 2501 dunt
265 2436 352 2520 quod
367 2435 457 2499 Prior
471 2440 545 2519 post
559 2433 658 2496 linem
673 2432 767 2496 illum
781 2432 937 2498 concessit
958 2432 1005 2497 eis
1018 2433 1275 2511 aduooacionem,

163 2539 405 2605 consideratum
420 2537 571 2623 estquod
587 2534 661 2600 finis
676 2543 835 2601 teneatur.
880 2535 997 2601 Postea
1010 2537 1150 2601 ueniunt
1164 2560 1276 2603 omnes

163 2651 197 2708 et
223 2643 310 2708 bene
336 2641 516 2706 concedunt
542 2640 648 2705 eidem
674 2639 776 2703 Priori
802 2640 1078 2725 presentacionem
1103 2663 1196 2705 auam
1225 2664 1275 2707 ae·

163 2747 310 2812 eundum
332 2746 430 2810 finem
453 2745 604 2809 illumin
626 2753 830 2830 perpetuum.
876 2745 920 2808 Et
941 2744 1014 2809 ideo
1040 2745 1131 2809 Prior
1155 2745 1275 2810 habeat

162 2852 265 2916 breue
281 2857 340 2914 etc.
390 2884 392 2889 ·

120 3001 127 3017 .
228 2953 414 3019 ’Johannes
429 2953 470 3018 de
486 2953 598 3017 Monte
613 2955 720 3019 Acuto
736 2963 770 3019 et
786 2954 887 3019 Lucia
901 2976 982 3018 uxor
1000 2953 1070 3018 eius
1084 2952 1274 3018 summoniti
1397 3006 1402 3015 .

163 3060 299 3123 fuerunt
322 3058 364 3122 ad
386 3058 645 3144 respondendum
667 3059 834 3124 Willelmo
855 3060 896 3125 de
918 3060 1031 3124 Monte
1052 3060 1160 3124 Acuto
1181 3058 1275 3124 fratri

163 3162 312 3228 eiusdem
322 3164 346 3227 J
347 3163 482 3227 ohannis
492 3164 662 3250 quare'ipsi
670 3164 795 3230 nutrire
805 3162 1273 3229 faciuntadexheredacionem

162 3266 267 3352 ipsius
290 3266 448 3330 Willelmi
462 3267 636 3353 quamdam
659 3268 799 3355 garciam
823 3267 1016 3332 Katerinam
1038 3266 1168 3330 nomine
1189 3274 1273 3330 tam·

163 3392 263 3456 quam
279 3368 381 3433 filiam
397 3378 430 3434 et
446 3370 597 3435 heredem
614 3393 725 3435 eorum
736 3370 866 3435 deeicut
880 3370 951 3456 ipsa
970 3391 1035 3434 non
1054 3376 1104 3433 est
1125 3368 1193 3432 filia
1213 3391 1274 3433 nec

162 3474 257 3539 heres
288 3496 408 3551 eorum,
439 3496 499 3538 nec
524 3474 614 3539 idem
646 3474 813 3539 Johannes
848 3474 949 3537 alium
986 3472 1086 3536 habet
1122 3472 1274 3537 heredem

161 3585 378 3665 apparentem
393 3600 491 3663 quam
505 3578 613 3663 ipsum
629 3577 829 3643 Willelmum
845 3585 884 3641 ut
898 3576 985 3641 idem
996 3575 1179 3640 Willelmus
1193 3576 1274 3641 dicit

163 3692 222 3749 etc

227 3786 275 3851 Et
289 3784 474 3850 Willelmus
489 3784 583 3850 uenit
599 3793 633 3849 et
648 3784 727 3849 dicit
743 3783 829 3870 quod
845 3783 968 3848 nullam
988 3782 1129 3869 garciam
1148 3782 1274 3848 nutrire

163 3890 241 3955 lacit
255 3912 318 3954 nec
334 3888 525 3954 Katerinam
546 3912 605 3953 nec
625 3888 731 3965 aliam,
746 3888 825 3974 quia
845 3908 1012 3973 mmquam
1034 3886 1135 3951 liliam
1157 3886 1274 3952 habuit

163 4015 222 4058 neo
237 3992 341 4057 alium
356 3991 508 4057 heredem
521 3992 624 4057 habet
639 4014 737 4077 quam
752 3991 935 4079 predictum
945 3988 1155 4066 willelmum,
1164 3998 1199 4054 et
1213 3989 1274 4055 hoc

164 4096 258 4161 offert
275 4103 335 4160 eto.

230 4200 277 4264 Et
291 4199 393 4264 Lucia
406 4198 487 4264 dicit
503 4199 588 4287 quod
604 4222 718 4265 reuera
732 4200 849 4265 habuit
867 4221 966 4263 unam
980 4198 1091 4276 filiam,
1105 4207 1156 4265 set
1170 4200 1274 4265 nescit

362 4404 372 4436 ¹
391 4405 489 4468 Supply
501 4412 524 4455 et
536 4407 594 4464 olli,
607 4406 637 4456 B.
891 4406 903 4438 ²
918 4407 949 4455 B.
961 4421 996 4456 m.
1010 4408 1050 4458 17.
