3167 5075
319 403 554 467 munuum,
575 403 640 457 al).
664 391 758 467 1223,
779 403 843 454 alt
860 389 960 457 7-8.
1129 389 1191 453 491

111 575 182 662 quod
195 577 252 664 ipai
266 577 390 643 nnllam
405 597 611 642 oommnnam
626 575 746 642 habere
765 585 902 664 possunt
921 577 957 642 in
976 586 1065 642 terra
1083 576 1141 642 illa
1160 583 1196 642 at

111 681 207 745 sintin
219 681 435 746 misericordia
448 701 508 766 pro
521 679 602 744 falso
616 679 770 744 elamore¹
785 687 846 745 ete

61 791 81 850 5.
162 783 352 848 ’Willelmua
395 782 610 868 Rainguillun
646 782 824 847 eeaoniator
860 781 1011 870 Hugonia
1048 781 1196 849 Grandin
1259 795 1311 837 M

109 889 244 973 attornati
265 888 401 954 Hemiei
420 889 461 953 de
483 887 661 954 Glannilla⁸
680 888 803 974 optulit
822 911 856 953 ae
879 909 992 955 uersus
1016 888 1196 955 Henrioum

108 991 141 1056 de
154 992 314 1058 Naffordia
327 1001 362 1058 at
382 991 580 1057 Matillidem
597 1013 732 1057 uxorem
752 992 823 1058 eius
843 993 884 1058 de
903 993 1024 1079 placito
1041 991 1198 1059 audiendi

108 1093 296 1159 eleccionem‘
310 1094 351 1159 de
366 1101 453 1158 terra
465 1093 507 1158 de
522 1092 676 1180 Aapeleia
686 1102 746 1172 ete
785 1094 828 1160 Et
841 1094 1003 1160 Henriuua
1015 1103 1050 1160 et
1061 1094 1198 1160 Matillis

108 1219 161 1261 non
174 1206 330 1263 uenerunt
344 1207 403 1263 etu
420 1206 455 1263 et
469 1198 603 1262 fuerunt
622 1204 773 1283 petentes
793 1205 828 1262 et
847 1188 1033 1264 habuerunt
1054 1198 1142 1264 diem
1162 1199 1197 1264 in

107 1301 201 1379 banuo,
219 1315 253 1368 et
275 1301 348 1368 ideo
367 1301 545 1368 esaoniator
563 1302 633 1366 sine
653 1300 707 1366 die
726 1309 761 1365 et
782 1300 945 1367 Henrious
963 1301 1005 1368 da
1029 1301 1199 1368 Naffonlia

107 1405 136 1468 in
148 1407 365 1472 misericordia

61 1529 77 1592 p
161 1508 334 1574 'Robertns
349 1509 390 1573 de
406 1507 566 1574 Coleuilla
579 1516 615 1572 et
629 1506 790 1572 Radulfun
809 1507 849 1572 de
870 1507 1056 1574 Waleaham
1078 1509 1197 1574 aaroni·
1275 1540 1291 1570 a

107 1621 197 1677 atores
205 1613 346 1700 Agnetis
356 1613 397 1677 de
409 1611 648 1698 Grentingham
660 1611 851 1697 optulerunt
862 1635 895 1677 ae
908 1635 1021 1678 uersus
1032 1614 1196 1700 Rogerum

74 1715 79 1727 '
105 1715 140 1779 de
158 1715 291 1781 llohaut
313 1715 353 1780 de
375 1715 495 1801 placito
517 1713 672 1780 audiendi
694 1715 888 1781 elaocionem
915 1716 956 1782 de
982 1717 1197 1782 aduoeaeione

105 1816 220 1882 ecclesie
234 1818 278 1884 de
293 1815 532 1903 Grentingham
546 1824 607 1882 eta
653 1816 697 1881 Et
712 1817 858 1904 Rogerus
876 1839 941 1882 non
962 1819 1064 1896 uenit,
1081 1827 1115 1884 et
1133 1819 1199 1885 fuit

104 1933 213 2006 petens,
227 1932 263 1989 et
279 1922 354 1988 ideo
368 1921 546 1986 easoniator
559 1921 629 1986 sine
644 1920 698 1985 die
713 1930 749 1986 et
763 1922 910 2008 Rogerus
926 1930 960 1987 et
975 1923 1075 2010 plegii
1090 1923 1142 1988 aui
1156 1923 1197 1990 da

104 2025 310 2112 prosequendo
337 2025 373 2089 in
398 2023 624 2092 misericordia
667 2024 787 2090 Postea
815 2025 894 2089 tulit
920 2025 1067 2112 Rogems
1095 2027 1195 2092 breue

103 2129 183 2195 Dom
202 2130 304 2217 Regis
323 2129 365 2194 de
379 2129 536 2194 warentia
556 2129 646 2195 illius
668 2129 790 2195 defalte
813 2130 892 2216 qnia
913 2131 979 2195 fuit
1003 2131 1038 2196 in
1061 2131 1197 2197 seruioio

101 2231 183 2298 Dom
207 2233 309 2320 Regia
332 2233 367 2299 in
391 2233 520 2310 Wallia,
543 2238 578 2298 et
601 2232 675 2299 ideo
697 2243 978 2300 resummoneatur
1001 2236 1113 2323 Agnes
1136 2244 1196 2303 ete

102 2335 176 2421 qnod
190 2338 232 2402 nit
247 2338 309 2403 tali
324 2337 377 2403 die
393 2345 453 2402 eta.

59 2459 73 2521 t,
156 2442 280 2508 'Amisa
316 2442 411 2506 uenit
445 2441 651 2529 recognitura
686 2441 715 2506 si
743 2441 911 2507 Johannea
939 2442 980 2507 de
1011 2441 1196 2508 Onoushale

101 2546 269 2611 auunculus
289 2544 426 2611 Henrioi
445 2544 510 2610 fuit
530 2544 661 2610 aeiaitus
680 2545 715 2609 in
734 2544 896 2609 dominico
914 2568 973 2610 suo
993 2554 1053 2610 eto
1075 2545 1116 2611 de
1140 2547 1194 2632 xij.

100 2648 172 2713 aeria
185 2657 270 2715 terre
285 2658 347 2714 etc.
361 2649 398 2713 in
414 2648 474 2713 tali
487 2648 577 2724 uilla,
591 2648 645 2712 die
660 2656 729 2724 eta,
743 2670 843 2733 quam
863 2656 985 2713 terram
999 2650 1141 2715 Jacobus
1155 2650 1197 2716 de

101 2752 226 2818 Tohulla
238 2764 275 2820 et
290 2752 429 2819 Alditha
442 2774 524 2817 uxor
537 2752 608 2818 eiua
623 2761 747 2818 tenent.
792 2752 859 2832 Qui
873 2754 1014 2818 ueniunt
1028 2762 1063 2819 et
1083 2753 1198 2820 dieunt

100 2857 176 2940 qnod
194 2858 258 2944 ipsi
277 2857 369 2944 prius
389 2864 589 2921 uocauerunt
608 2856 651 2920 ad
670 2863 851 2921 warantum
873 2856 979 2923 Adam
994 2858 1197 2944 capellanum

100 2958 136 3023 de
158 2961 340 3027 Gnoushale
365 2960 492 3047 etipse
514 2968 662 3025 mortuus
683 2968 742 3038 est,
765 2969 800 3026 et
822 2959 895 3026 ideo
917 2972 1036 3027 uocant
1057 2963 1134 3028 inde
1156 2964 1198 3029 ad

99 3074 268 3129 warantum
299 3063 457 3129 'llromam
486 3085 656 3150 pomonam
685 3063 726 3129 de
756 3063 949 3144 Onoushale,
976 3066 1055 3152 quia
1083 3075 1198 3131 tenent

100 3174 207 3231 terram
222 3168 315 3233 illam
330 3167 371 3232 de
386 3190 434 3233 eo.

156 3273 198 3337 Et
213 3272 377 3338 Hem-iens
391 3272 472 3337 dicit
486 3271 573 3358 qnod
588 3271 745 3337 warentia
758 3294 822 3337 non
839 3273 933 3351 iaaet,
954 3273 1031 3359 quia
1050 3272 1119 3359 ipae
1138 3274 1197 3339 ali·

100 3376 217 3458 qnando
238 3376 321 3440 tulit
340 3376 441 3439 breue
459 3374 501 3439 de
523 3375 624 3439 asama
643 3374 758 3439 mortis
779 3377 990 3442 antecessoris
1012 3399 1111 3463 super
1124 3401 1197 3464 pre·

99 3476 213 3545 dictum
227 3480 347 3557 Adam,
361 3477 411 3544 ita
424 3478 512 3565 quod
526 3478 634 3543 Adam
649 3479 743 3544 uenit
756 3502 865 3545 eoram
879 3480 1066 3547 iusticiariia
1081 3488 1141 3548 eto.
1162 3492 1197 3549 et

99 3580 174 3647 dixit
201 3584 290 3671 quod
320 3584 389 3669 ipae
418 3604 485 3647 non
514 3583 623 3649 tenuit
652 3592 774 3648 terram
801 3583 892 3648 illam
920 3584 1021 3649 immo
1049 3584 1197 3671 predicta

99 3684 226 3751 Alditha
239 3687 331 3751 illam
346 3685 456 3751 tenuit
470 3686 506 3751 in
520 3686 615 3752 feodo
627 3686 669 3751 de
684 3709 732 3764 eo,
745 3708 805 3773 per
819 3687 905 3773 quod
920 3687 989 3773 ipae
1003 3688 1196 3775 impetrauit

99 3784 189 3854 breue
210 3812 312 3875 super
333 3789 446 3875 ipsam,
460 3790 509 3854 ita
531 3790 618 3876 quod
641 3790 713 3876 ipsa
734 3791 829 3856 uenit
853 3798 888 3855 et
911 3790 970 3855 hoe
995 3792 1148 3878 cognouit
1162 3801 1197 3859 et

98 3892 220 3957 nouauit
234 3892 313 3960 inde
327 3893 370 3957 ad
384 3902 566 3959 warantum
581 3894 764 3980 predictum
779 3893 896 3959 Adam.
942 3895 986 3960 Et
1005 3896 1148 3962 Jacobus
1162 3906 1198 3963 et

97 3994 226 4061 Alditha
248 3996 372 4082 qneaiti
396 3996 556 4082 quomodo
579 4005 716 4062 teneant
739 4005 860 4061 terram
884 3997 974 4061 illam
997 3996 1037 4063 de
1053 3999 1197 4084 predicto

98 4098 221 4178 Thoma‚
235 4100 354 4165 dieunt
368 4099 455 4185 qnod
469 4099 512 4164 ad
532 4100 739 4164 uoluntatem
760 4099 907 4165 eiusdem
929 4100 1053 4166 Thome
1075 4110 1110 4167 et
1132 4124 1197 4167 non

125 4215 548 4281 momproinimradeterwmne,
560 4217 590 4269 Δ.
669 4215 761 4267 nitore.

126 4281 293 4333 ’ΔΑΜ
701 4281 842 4331 'amu

126 4344 294 4406 'Glanum
305 4346 338 4397 A.
701 4346 759 4397 οΔ.
772 4362 806 4397 m
821 4349 846 4397 3.

125 4412 136 4443 ⁴
150 4413 187 4463 To
205 4412 271 4463 hear
290 4412 335 4463 the
355 4411 464 4463 elaotion
486 4413 514 4462 ol
534 4426 618 4475 reoog·
