3167 5075
356 341 421 406 496
589 359 824 420 monimum,
847 359 912 408 nn.
938 345 1031 420 1223,
1055 361 1118 409 nn.
1142 346 1233 414 7-8.

354 542 423 598 tam
439 557 496 620 pro
510 535 616 621 prims
630 537 753 602 defalta
767 558 866 623 quam
881 537 938 622 pro
954 537 1014 602 hac
1029 537 1155 616 ultima,
1167 537 1385 603 consideratum
1396 551 1443 602 est

354 639 440 723 quod
470 639 590 704 Vitalis
619 641 825 727 recuperauit
854 640 1006 706 saisinam
1037 663 1129 706 suam
1158 663 1217 728 per
1244 641 1385 706 delutum
1413 651 1445 707 et

353 742 519 808 Galfiidus
533 744 566 808 in
583 744 809 810 misericoulia.
855 745 900 809 Et
914 745 1081 810 sciendum
1097 746 1182 832 quod
1197 746 1282 812 idem
1297 747 1445 812 Galfridus

352 855 505 931 posuerat
519 870 553 913 se
568 848 603 912 in
618 871 770 935 magnam
785 849 918 913 assisam
934 849 1026 914 Dom.
1044 850 1144 936 Regis
1166 849 1206 915 de
1228 851 1336 916 endem
1355 852 1447 915 adue

352 949 481 1015 cacione
503 959 679 1037 antequam
702 951 780 1016 fecit
802 951 957 1016 defaltam
980 950 1029 1016 ita
1051 952 1137 1038 quod
1159 952 1217 1039 iiij.
1232 953 1348 1018 militas
1366 975 1447 1017 sum-

352 1052 471 1117 moniti
485 1055 618 1118 fuerunt
631 1053 675 1119 cd
689 1055 877 1140 eligendum
893 1054 947 1140 xij.
964 1063 1025 1119 etc.

417 1156 542 1221 ¹Assisa
563 1156 657 1221 uenit
679 1157 885 1245 recognitum
907 1157 980 1243 quis
1001 1158 1179 1223 aduncatus
1200 1167 1342 1244 tempore
1367 1159 1448 1244 pacis

351 1260 555 1346 presentauit
569 1269 629 1324 etc
645 1260 687 1324 ad
702 1260 871 1326 ecclesiam
885 1261 926 1326 de
943 1261 1085 1328 Suttona
1099 1285 1162 1347 que
1178 1271 1274 1328 uacat
1287 1271 1355 1336 etc,
1365 1263 1449 1327 cuius

350 1363 599 1430 aduocacionem
630 1364 813 1430 Willelmus
843 1365 929 1430 filius
958 1365 1118 1454 Drogonis
1147 1365 1187 1431 de
1215 1367 1326 1431 Monte
1351 1367 1450 1431 Acuto

350 1467 470 1532 clamat
484 1490 597 1532 uersus
612 1468 782 1532 Matheum
799 1469 839 1534 dc
856 1467 1044 1546 Oliuedona‚
1055 1468 1112 1554 qui
1126 1469 1219 1533 uenit
1234 1478 1269 1534 et
1282 1469 1451 1556 dicitquod

349 1570 449 1635 assisa
459 1593 525 1636 non
536 1572 634 1637 debet
645 1573 721 1638 inde
732 1573 811 1651 fieri,
822 1574 899 1658 quia
909 1573 992 1638 benc
1004 1574 1168 1660 cognoscit
1179 1574 1265 1659 quod
1277 1573 1451 1640 Willelmus

350 1674 391 1739 de
406 1675 519 1740 Monte
533 1677 642 1741 Acuto
656 1700 739 1741 auus
753 1676 893 1763 predicti
912 1675 1067 1741 Willelmi
1086 1677 1289 1762 presentauit
1308 1678 1451 1742 ultimam

349 1799 518 1863 personam
533 1778 656 1844 scilicet
670 1779 771 1845 telem
786 1788 857 1857 etc,
872 1787 923 1845 set
937 1787 1051 1880 postea
1064 1778 1156 1844 dedit
1170 1779 1258 1845 idem
1279 1781 1453 1846 Willelmus

349 1877 597 1944 aduocacionem
613 1879 758 1944 eiusdem
773 1879 905 1945 ecclesie
926 1901 1001 1944 cum
1024 1879 1097 1944 aliis
1117 1879 1212 1944 tomis
1232 1879 1399 1946 Gileberto
1416 1882 1453 1946 de

353 1982 419 2068 Say
439 1982 476 2047 in
497 1983 636 2048 liberum
657 1984 867 2070 maritagium
889 2005 963 2048 cnm
987 1982 1148 2048 Matillide
1173 1992 1272 2069 nepte
1301 2007 1363 2049 sua
1390 1985 1455 2050 filis

350 2086 495 2151 eiusdem
517 2086 652 2165 Mathai,
673 2095 709 2153 et
731 2086 807 2152 inde
830 2087 951 2173 profert
973 2095 1096 2153 cartam
1125 2087 1271 2153 eiusdem
1302 2089 1454 2154 willelmi

350 2213 413 2276 que
435 2190 557 2256 donum
578 2191 661 2257 illud
683 2200 831 2257 testatur.
878 2191 922 2256 Et
944 2191 1081 2256 Matillis
1102 2213 1233 2278 poescns
1255 2201 1305 2258 est
1334 2201 1368 2259 at
1397 2195 1453 2259 hoc

350 2295 437 2360 idam
452 2295 539 2361 dicit.

414 2398 457 2463 Et
479 2398 663 2464 Willelmus
684 2399 779 2464 uenit
800 2399 858 2484 qui
879 2409 929 2463 est
951 2397 1034 2463 inim
1056 2407 1178 2464 etatem
1201 2409 1236 2464 et
1262 2399 1343 2465 dicit
1370 2401 1454 2487 quod

349 2510 438 2567 carta
452 2501 509 2566 illa
523 2524 588 2567 non
601 2500 701 2567 debet
715 2502 747 2567 ei
760 2523 883 2579 nocere,
906 2501 984 2588 quia
1005 2501 1170 2588 predictus
1194 2503 1381 2571 Gilebertus
1404 2507 1453 2571 uel

348 2604 419 2690 ipsa
432 2604 569 2669 Matillis
584 2626 750 2690 nunquam
765 2604 916 2670 saisinam
931 2605 1117 2670 habuerunt
1139 2628 1199 2691 per
1220 2616 1344 2673 cartam
1365 2608 1453 2674 illam

347 2710 388 2773 de
402 2710 616 2774 aduocacione
630 2709 688 2775 illa
701 2709 817 2775 neoda
837 2710 947 2796 aliqua
967 2718 1054 2774 term
1073 2708 1127 2774 uel
1147 2711 1285 2775 seniicio
1303 2721 1455 2779 contento

346 2813 381 2877 in
396 2822 485 2878 carta
499 2814 564 2891 illa,
578 2821 612 2878 et
626 2813 703 2878 inde
717 2812 811 2899 ponit
826 2836 860 2877 sa
875 2836 972 2899 super
991 2813 1138 2879 iumtsm.
1184 2814 1229 2879 Et
1250 2815 1403 2882 Matheus
1422 2828 1455 2883 et

347 2917 484 2982 Matillis
492 2916 651 2983 similiter.
689 2916 733 2980 Et
744 2915 881 2981 Matillis
896 2916 1025 3002 quesita
1038 2916 1067 2980 si
1081 2938 1237 3002 umquam
1253 2922 1454 3004 pmsentauit

346 3022 499 3086 cle1icum
513 3044 618 3098 suum,
633 3019 713 3086 dicit
728 3020 815 3107 quod
829 3042 902 3097 non,
917 3041 977 3084 nec
991 3020 1116 3084 mencio
1131 3021 1170 3085 fit
1185 3020 1227 3086 de
1242 3044 1282 3087 aa
1298 3022 1335 3087 in
1353 3024 1454 3099 hreni,

346 3125 411 3189 nisi
430 3133 563 3190 tantum
582 3124 624 3190 do
643 3124 778 3190 Matheo
799 3124 856 3210 qui
875 3124 1038 3210 cognoscit
1058 3146 1117 3210 per
1134 3132 1338 3192 ottomatum
1357 3150 1452 3193 suum

347 3228 433 3314 quod
454 3228 540 3314 ipse'
553 3228 757 3314 presentsuit
771 3227 923 3293 clericum
938 3250 1035 3292 sunm
1050 3236 1085 3293 et
1100 3238 1173 3314 post
1189 3232 1352 3317 cognoscit
1366 3232 1452 3317 quod

346 3332 446 3397 nichil
460 3333 580 3397 clamat
594 3333 629 3397 in
644 3332 701 3397 illa
714 3332 935 3397 aduocacione.
981 3332 1026 3397 Et
1047 3331 1120 3397 ideo
1142 3333 1381 3398 considamtum
1404 3348 1452 3401 ast

346 3437 434 3522 quod
456 3437 640 3502 Willelmus
661 3436 866 3523 recuperauit
887 3435 1038 3501 saisinam
1060 3458 1152 3503 suam
1175 3445 1211 3502 et
1236 3438 1391 3503 Matheus
1418 3440 1454 3504 in

345 3541 382 3604 in
396 3540 614 3606 misericordia
628 3549 687 3606 etc

216 3649 309 3712 1636.
411 3644 543 3709 ’Petrus
572 3643 612 3710 de
644 3644 802 3731 Kyrkeby
827 3643 948 3729 optulit
977 3666 1012 3708 se
1041 3652 1101 3708 etc
1128 3664 1243 3707 uersus
1267 3644 1453 3709 Johannem

234 3747 288 3788 Μ·
348 3753 523 3819 Wastineis
548 3752 589 3818 de
614 3752 734 3838 placito
759 3750 847 3837 pacis
872 3748 996 3814 domini
1022 3748 1122 3835 Regis
1151 3750 1230 3814 etc‘
1257 3749 1344 3814 unde
1375 3772 1453 3814 eum

347 3858 491 3946 appellat
523 3864 584 3921 etc.
629 3857 673 3920 Et
705 3855 872 3920 Johannes
897 3876 963 3918 non
985 3852 1079 3918 uenit
1101 3861 1135 3918 et
1161 3852 1361 3918 attachistus
1389 3855 1454 3918 fuit

347 3985 406 4048 per
433 3962 516 4026 tales
541 3969 600 4027 etc
627 3968 662 4025 et
687 3960 760 4025 ideo
785 3966 926 4043 ponstur
950 3979 1009 4043 per
1034 3955 1182 4021 meliores
1208 3964 1266 4021 etc
1294 3954 1383 4041 quod
1410 3958 1454 4021 sit

229 4080 289 4131 [ml
348 4076 407 4132 etc
428 4065 433 4153 Ι

557 4292 695 4358 ssiblyuon
705 4308 873 4356 cronopium
955 4224 966 4323 1
982 4227 1119 4352 11111111,
1132 4293 1161 4342 Δ.

378 4380 393 4414 ο
491 4360 617 4424 supplied.
