3167 5075
350 355 414 420 456
661 367 803 430 mnanr,
825 368 890 419 nn.
915 353 1009 430 1223,
1030 367 1093 418 aa
1115 350 1145 420 7.

350 542 512 608 Comitem
528 540 764 618 Maresoallnm,
778 549 813 606 et
828 541 888 605 hoo
903 540 998 606 offert
1011 539 1184 606 defendere
1199 545 1258 604 eta
1304 538 1365 604 Ἐὐ
1385 537 1458 604 ideo

350 647 588 712 consideratum
619 654 669 711 est
697 645 785 732 quod
815 644 931 711 Comes
960 643 1114 709 defendat
1143 667 1179 710 se
1208 643 1263 730 xij.
1293 667 1395 708 manu
1425 653 1460 710 et

348 749 462 816 ueniat
477 749 537 814 tali
551 750 604 814 die
619 757 681 814 eto.

413 853 613 918 'Willelmus
636 852 757 938 Paynel
786 873 846 937 per
874 855 1076 917 attornatum
1106 875 1202 918 suum
1230 852 1315 938 petit
1345 876 1461 920 uersus

279 980 301 1009 a
349 957 531 1022 Walterum
546 956 587 1022 de
603 955 783 1022 Sonewella
797 956 873 1021 dim.
888 955 970 1042 uirg.
988 963 1073 1021 terre
1088 979 1163 1021 cum
1177 965 1258 1042 pert
1273 955 1309 1020 in
1324 958 1410 1022 Broc
1425 969 1460 1024 et

347 1084 451 1126 unum
473 1059 647 1146 ferlingum
669 1068 755 1125 terre
777 1082 851 1124 oum
873 1067 955 1145 pert.
972 1060 1007 1124 in
1023 1061 1267 1126 Smithenecota
1281 1071 1315 1127 et
1330 1072 1460 1149 septem

347 1187 436 1230 acras
456 1174 541 1230 terre
556 1187 629 1229 cum
641 1173 722 1250 pert
738 1163 773 1227 in
788 1164 930 1228 Hammo
947 1173 985 1228 ut
999 1164 1051 1228 ius
1065 1185 1170 1230 suum.

413 1269 457 1333 Et
479 1269 642 1334 Robertua
662 1268 704 1332 de
727 1267 907 1332 Sonewella
929 1267 1016 1332 lilius
1037 1267 1140 1353 ipsius
1154 1267 1291 1334 Walteri
1313 1270 1411 1335 uenit
1427 1279 1462 1336 et

348 1372 529 1458 dicitquod
544 1372 709 1437 Walter-us
722 1379 818 1458 pater
831 1393 910 1436 suus
924 1370 1101 1436 essoniauit
1116 1393 1150 1436 se
1165 1372 1206 1436 de
1222 1372 1306 1436 malo
1328 1373 1409 1438 lecti
1428 1383 1462 1438 et

348 1476 465 1541 habuit
479 1476 666 1563 languorem
681 1485 716 1541 et
729 1475 837 1542 adhuc
852 1475 1026 1562 languidus
1040 1483 1089 1542 est
1105 1484 1140 1541 et
1159 1475 1266 1562 ipsum
1286 1476 1377 1542 misit
1402 1500 1461 1563 pro

349 1603 387 1645 eo
409 1588 447 1645 ut
468 1580 684 1666 responsalem
709 1602 806 1645 sunm
836 1581 878 1644 ad
907 1580 1167 1667 respondendum
1196 1603 1254 1667 pro
1283 1605 1322 1646 eo
1351 1589 1389 1646 et
1420 1583 1461 1647 ad

348 1685 537 1750 lucrandum
552 1684 606 1749 uel
620 1685 830 1771 perdendum.
876 1685 920 1750 Et
934 1685 1015 1750 dicit
1038 1685 1125 1772 quod
1146 1687 1259 1752 Abbas
1281 1687 1322 1752 de
1344 1687 1460 1752 Dune-

347 1788 498 1854 keswella
519 1789 617 1853 debet
638 1789 670 1854 ei
690 1797 811 1854 terram
834 1788 923 1855 illam
946 1791 1163 1868 warantizare,
1192 1800 1226 1857 et
1256 1791 1332 1857 inde
1359 1804 1459 1858 uocat

348 1915 423 1958 eum
437 1892 481 1957 ad
496 1900 682 1957 warantum
727 1892 861 1958 Habeat
876 1915 952 1957 eum
966 1894 1028 1958 tali
1042 1894 1096 1958 die
1110 1916 1169 1979 per
1183 1895 1343 1960 auxilium
1357 1897 1457 1962 curie.

348 1996 392 2060 Et
406 1995 586 2061 uieeoomes
599 1995 713 2061 mittat
728 1995 785 2082 iiij.
802 1996 924 2061 milites
938 1997 981 2062 ad
1003 1997 1186 2082 predictum
1209 1999 1396 2064 Walterum
1420 1999 1458 2064 ad

347 2099 545 2164 audiendum
560 2098 709 2185 si'ipsum
724 2100 905 2165 Robertum
921 2099 1011 2165 misit
1025 2122 1083 2186 pro
1095 2123 1133 2166 eo
1144 2102 1186 2167 ad
1197 2103 1458 2188 respondendum

347 2211 382 2268 et
396 2203 424 2268 si
438 2211 546 2268 ratum
561 2202 680 2268 habeat
695 2202 755 2268 hoc
769 2203 858 2289 quod
872 2203 941 2289 ipse
956 2204 1120 2290 respond⁸
1135 2213 1170 2271 et
1183 2205 1213 2271 si
1228 2229 1304 2271 eum
1324 2208 1460 2272 ottorn'⁴

346 2317 406 2374 etc

411 2412 545 2478 ‘Auiola
572 2435 636 2500 que
665 2413 729 2478 fuit
759 2437 841 2478 uxor
869 2415 1021 2502 Hugonis
1049 2415 1081 2480 le
1108 2415 1215 2502 Heyr⁸
1235 2417 1321 2503 petit
1342 2441 1458 2484 uersus

246 2548 261 2577 a
346 2516 530 2583 Johannem
552 2517 583 2583 le
606 2517 728 2583 Enfant
749 2518 886 2584 terciam
908 2527 1034 2606 partem
1050 2519 1103 2607 xij.
1120 2543 1265 2587 aerarum
1281 2531 1368 2587 terne
1384 2546 1457 2589 cum

346 2630 426 2707 pert.
443 2622 477 2687 in
493 2622 677 2688 Haremede
691 2630 731 2687 ut
745 2623 856 2688 dotem
871 2647 964 2689 suam
979 2634 1039 2690 ete.
1059 2623 1063 2711 Ι

412 2725 456 2789 Et
478 2725 501 2789 J
502 2726 645 2790 ohannes
666 2726 759 2790 uenit
782 2735 817 2791 et
838 2726 919 2792 dicit
941 2727 1028 2814 quod
1042 2751 1106 2793 non
1122 2737 1213 2795 tenet
1228 2738 1349 2795 terram
1365 2731 1456 2796 illam

346 2827 409 2893 nisi
434 2830 477 2893 ad
504 2829 682 2894 terminum
710 2829 799 2916 xviij.
834 2853 992 2895 annorum
1029 2840 1063 2897 et
1099 2831 1200 2896 nichil
1236 2832 1357 2899 clamat
1395 2834 1460 2899 nisi

346 2932 522 2998 terminum
551 2956 657 3011 suum,
685 2940 720 2997 et
749 2933 826 2998 inde
855 2934 977 3019 profert
1006 2935 1242 3021 cyrographum
1274 2936 1364 3021 quod
1399 2936 1459 3001 hoe

346 3045 495 3116 testatur,
517 3045 551 3102 et
572 3037 650 3102 inde
671 3045 767 3101 uocat
789 3037 831 3102 ad
854 3045 1034 3103 warantum
1058 3037 1262 3103 Gilebertum
1284 3038 1394 3105 filiurn
1425 3050 1459 3105 et

345 3140 497 3208 herodem
525 3142 663 3227 predicti
693 3140 844 3227 Hugonis
873 3142 931 3227 qui
961 3150 1011 3207 est
1043 3142 1078 3207 in
1114 3142 1262 3207 custodia
1298 3143 1459 3211 Willelmi

346 3245 533 3311 Maresoalli
579 3245 710 3310 Habeat
725 3268 801 3309 eum
816 3266 874 3330 per
887 3245 1047 3310 auxilium
1061 3246 1150 3311 curie
1164 3246 1225 3311 tali
1239 3246 1294 3312 die
1306 3258 1366 3313 etr.
1414 3248 1459 3313 Et

345 3358 424 3415 tunc
445 3350 637 3437 respondeat
660 3349 844 3415 Willclmus
866 3350 1074 3416 Marescallus
1095 3351 1137 3415 de
1159 3350 1286 3416 catallis
1309 3352 1458 3417 eiusdem

343 3453 368 3519 J
368 3455 504 3520 ohannis
518 3455 691 3542 asportatis
706 3463 767 3521 ete.

212 3563 306 3633 1577.
409 3557 538 3623 'Simon
554 3557 812 3624 Grubbeheuede
827 3558 947 3643 optulit
961 3580 996 3623 se
1008 3557 1080 3645 iiijw
1090 3557 1143 3623 die
1155 3580 1269 3623 uersus
1280 3558 1460 3624 Rieordum

225 3666 287 3706 ¹⁴¹⁰ss
344 3660 448 3725 filium
470 3660 601 3726 Ricardi
622 3661 663 3726 de
686 3662 829 3726 Lathum
852 3661 909 3747 qui
930 3684 964 3727 se
987 3660 1163 3726 essoniauit
1192 3662 1234 3726 de
1263 3662 1347 3727 malo
1380 3662 1462 3727 lecti

344 3787 457 3829 uersus
471 3787 546 3829 eum
560 3765 602 3829 de
616 3764 736 3851 placito
751 3773 836 3829 terre
851 3774 910 3831 eto
956 3766 999 3830 Et
1015 3765 1173 3830 Ricardus
1187 3788 1253 3831 non
1269 3766 1360 3831 uenit
1386 3776 1460 3845 eto,

344 3877 394 3933 set
416 3876 556 3956 quatuor
576 3868 699 3933 milites
720 3869 763 3932 ad
785 3892 861 3933 eum
883 3868 973 3934 missi
988 3869 1112 3934 seilicet
1126 3868 1225 3935 tales⁸
1239 3880 1298 3936 ete
1313 3872 1462 3938 ueniunt

344 3981 379 4037 et
393 3972 507 4037 dicunt
522 3972 609 4058 quod
624 3974 757 4037 fuerunt
770 3973 859 4059 apud
874 3972 1018 4038 Lathum
1032 3973 1212 4040 secundum
1234 3974 1330 4040 breue
1353 3976 1459 4045 Dom.

377 4128 387 4159 1
403 4126 434 4175 B.
457 4122 507 4175 has
529 4128 576 4175 not
598 4124 652 4175 this
672 4124 809 4189 judgment
827 4126 875 4177 bnt
958 4126 969 4160 ⁴
984 4136 1115 4178 ultor-nore
1127 4130 1246 4192 uoluerit,
1258 4129 1288 4179 B.

344 4191 414 4254 gives
424 4206 459 4240 an
471 4191 660 4254 adjonrnmont.
695 4192 806 4242 Observe
815 4193 874 4243 that
957 4192 968 4223 ³
984 4192 1014 4243 B.
1027 4208 1062 4242 m.
1074 4195 1099 4243 3.

345 4255 798 4371 thppsslm'nrpugistomskehislaw.
956 4257 1058 4374 :gliti
1069 4258 1100 4372 133

377 4356 602 4450 mammaea.
955 4360 1159 4439 mindun.
