3167 5075
382 368 445 431 416
567 381 700 429 666666
721 382 796 429 mn
818 381 957 441 666666,
978 382 1045 431 en.
1069 368 1162 442 1221,
1183 381 1245 430 66
1269 370 1295 429 5.

380 550 444 616 fuit
472 551 560 616 inter
584 573 638 616 eos
661 559 828 617 remaneat
850 552 921 617 6166
948 550 1010 628 die,
1034 550 1112 637 6616
1137 551 1280 616 Hawisie
1302 549 1383 615 obiit.
1419 550 1451 612 Et

379 652 546 721 sciendum
561 653 647 739 quod
661 654 825 719 Robertus
839 652 880 718 de
896 653 981 718 Pirie
996 652 1173 718 essonieuit
1191 676 1226 717 se
1246 652 1287 717 de
1305 652 1381 716 melo
1393 650 1452 714 lecti

378 756 526 823 6116166
540 757 654 823 161161
674 757 794 844 longor,
809 766 844 821 et
865 756 1057 822 mandatum
1079 765 1131 822 est
1150 757 1182 822 ei
1201 756 1287 843 6661
1307 763 1413 843 surget,
1428 763 1453 819 61

379 870 434 928 661
448 861 525 927 1616
539 862 609 928 6166
624 862 685 927 die.

445 965 571 1031 ¹Abbes
585 966 627 1031 de
642 965 833 1051 Nuteleghe
847 966 932 1051 petit
947 987 1060 1030 uersus
1074 964 1239 1053 Agnetem
1250 966 1343 1031 Wsoe
1356 963 1455 1029 medie·

379 1077 483 1134 tatem
509 1068 645 1133 manerii
669 1068 711 1132 de
733 1067 980 1133 Winehendona
1002 1091 1077 1133 eum
1102 1078 1183 1155 pert
1211 1078 1251 1135 ut
1276 1070 1325 1135 ius
1347 1066 1454 1134 66616616

259 1214 265 1226 ·
378 1197 437 1239 sue
452 1182 512 1240 eto.
527 1182 562 1238 et
576 1172 663 1237 6616
677 1172 812 1237 ecclesie
826 1194 886 1237 666
907 1172 971 1237 fuit
991 1171 1102 1237 6616116
1123 1181 1162 1237 61
1182 1172 1223 1238 16
1248 1173 1336 1238 16616
1355 1180 1386 1237 61
1401 1172 1455 1235 iure

379 1286 414 1343 et
437 1278 472 1342 in
497 1276 657 1342 dominico
681 1287 827 1362 tempore
851 1298 916 1362 qno
941 1275 1075 1362 quidam
1104 1276 1264 1343 Osbertus
1293 1277 1351 1341 fnit
1376 1275 1456 1341 abbas

379 1389 440 1447 ete
469 1390 615 1467 tempore
644 1379 688 1445 Η,
719 1378 820 1465 Regis
849 1379 953 1465 petn's
981 1378 1077 1445 Dom.
1106 1378 1221 1466 Regis¹
1259 1388 1318 1445 616.
1350 1390 1382 1443 61
1409 1378 1456 1441 hoo

379 1485 474 1551 offert
488 1494 548 1551 ete.

444 1589 489 1652 Et
502 1587 612 1675 Agnes
627 1587 720 1652 uenit
740 1594 775 1651 et
795 1585 941 1651 defendit
962 1585 1014 1651 ius
1033 1608 1128 1651 snum
1152 1592 1187 1650 et
1207 1585 1289 1651 dicit
1311 1584 1456 1672 6661666

378 1692 479 1758 debet
501 1692 533 1757 ei
556 1692 599 1757 ed
624 1692 685 1757 hoe
707 1691 807 1756 breue
831 1690 1033 1776 respondere,
1055 1691 1224 1777 66161666
1246 1690 1359 1755 hebere
1379 1689 1456 1753 debet

379 1818 492 1882 paoem
515 1795 555 1861 de
582 1795 701 1881 pleeito
725 1795 782 1859 illo
806 1802 877 1859 tota
903 1794 1057 1861 6116666
1085 1816 1143 1880 per
1165 1794 1305 1859 oertem⁸
1327 1796 1410 1859 Dom
1433 1793 1456 1856 J.

379 1900 479 1987 Regis
504 1922 602 1986 quem
627 1900 750 1986 profert
769 1907 804 1964 et
826 1922 890 1985 666
912 1907 1054 1966 testetur
1075 1899 1160 1987 quod
1183 1900 1338 1965 concessit
1357 1898 1458 1985 Agneti

379 2004 477 2069 Weoe
503 2003 589 2089 quod
619 2011 731 2068 teneat
759 2002 801 2068 16
828 2002 923 2067 eoin
949 2002 1056 2088 capite
1079 2011 1199 2067 termm
1221 2003 1263 2069 (16
1285 2002 1459 2068 Wiehedom

378 2133 479 2196 quam
492 2110 677 2176 Willelmus
690 2109 731 2174 de
747 2110 875 2175 Humet
889 2117 984 2194 peter
994 2130 1072 2173 6666
1083 2108 1174 2173 dedit
1186 2108 1217 2173 ei
1227 2108 1264 2173 in
1275 2108 1459 2193 mmitnginn

377 2236 437 2301 per
455 2236 570 2279 manus
588 2214 631 2279 H.
652 2213 753 2300 Regis
773 2212 877 2300 petris
898 2212 957 2289 sui,
973 2220 1007 2277 et
1029 2212 1115 2299 6661
1136 2234 1252 2298 paoem
1273 2212 1387 2277 habent
1405 2220 1459 2273 1616

380 2318 453 2383 6116
475 2341 535 2384 666
557 2319 598 2383 (16
619 2318 739 2404 placito
762 2316 849 2402 quod
871 2324 921 2381 est
943 2316 1030 2400 inter
1050 2315 1156 2401 ipsum
1181 2325 1216 2382 et
1239 2316 1398 2381 Abbetem
1416 2329 1443 2379 et

379 2421 546 2486 canonicos
561 2421 601 2486 (16
617 2420 807 2507 Nutelegha
821 2420 862 2485 de
878 2420 991 2485 eedem
1003 2428 1098 2497 1666,
1108 2428 1142 2484 61
1156 2419 1309 2507 prohibet
1323 2419 1459 2507 6661666

379 2525 491 2590 Abbas
513 2533 572 2590 661
593 2524 737 2591 66666161
756 2547 817 2590 666
836 2524 954 2612 aliquis
973 2525 1056 2590 61166
1075 2547 1148 2590 eam
1168 2533 1282 2591 eontra
1303 2524 1360 2590 hoo
1380 2540 1460 2589 nexet

379 2630 448 2694 ‘uel
471 2629 645 2715 quiequam
660 2630 693 2694 ei
712 2630 846 2694 moleste
868 2629 988 2707 faoiat‘‚
1012 2637 1047 2694 et
1069 2629 1128 2694 hee
1150 2631 1278 2695 racione
1300 2628 1461 2694 6661616

378 2733 454 2798 1616
469 2734 660 2819 respondere
674 2741 745 2799 1616
758 2733 831 2798 6116
845 2755 911 2799 666

444 2835 488 2899 Et
502 2835 614 2900 Abbas
627 2859 686 2922 per
696 2844 899 2901 attornatum
914 2859 1009 2901 suum
1024 2836 1104 2901 dicit
1125 2838 1211 2923 quod
1226 2837 1288 2902 hoe
1303 2838 1397 2903 breue
1410 2859 1459 2900 666

378 2938 476 3003 debet
490 2938 522 3002 ei
535 2961 658 3016 nocere,
679 2938 757 3024 6616
776 2939 870 3003 Dom
891 2939 963 3004 Rex
983 2939 1025 3004 11
1047 2961 1213 3025 nunquam
1235 2940 1289 3004 166
1313 2939 1419 3005 hebuit
1435 2939 1461 3001 16

379 3051 498 3108 ten-nm
513 3042 613 3120 illem,
626 3043 689 3108 nisi
703 3043 788 3107 sieut
809 3041 845 3108 in
864 3049 984 3107 terrem
1003 3043 1140 3108 eliorum
1160 3043 1320 3108 baronum
1340 3065 1461 3110 suomm.

378 3147 456 3234 6616
484 3155 603 3212 terrem
633 3147 723 3211 illem
754 3145 871 3211 habuit
900 3146 1034 3211 eeclesia
1062 3169 1122 3211 666
1151 3169 1191 3210 ex
1227 3146 1314 3212 (1666
1344 3145 1461 3214 Comitis

262 3297 266 3306 -
378 3250 539 3327 Giffndi⁶‚
553 3260 587 3315 et
602 3272 674 3315 eam
689 3261 800 3315 tenere
815 3251 934 3314 elamet
948 3250 989 3314 de
1010 3249 1182 3316 heredibus
1200 3251 1269 3316 suis
1288 3252 1324 3316 16
1346 3253 1461 3316 libemm

378 3355 585 3420 elemosinam
601 3363 636 3419 et
650 3377 714 3419 non
730 3354 770 3418 de
785 3355 879 3421 Dom.
894 3355 993 3441 Rege.

445 3460 489 3523 Et
503 3461 614 3546 Agnes
628 3458 756 3544 quesita
770 3481 829 3544 per
843 3458 929 3543 6661
949 3458 1122 3524 semieium
1142 3467 1234 3525 tenet
1255 3469 1376 3526 tenum
1392 3463 1463 3526 11166

379 3563 420 3628 16
434 3563 528 3628 Dom.
544 3562 642 3648 Rege,
657 3561 838 3647 dicitquod
853 3562 980 3626 nullum
1000 3562 1172 3627 sernieium
1193 3563 1225 3628 ei
1245 3564 1321 3630 1616
1337 3565 1418 3639 feeit,
1434 3585 1465 3628 eo

380 3668 465 3754 quod
480 3675 572 3732 tenet
586 3667 675 3730 illam
690 3666 725 3729 16
740 3665 949 3752 montegium
964 3689 1004 3730 ex
1019 3666 1102 3731 dono
1122 3667 1224 3751 petris
1244 3668 1306 3746 661,
1320 3669 1464 3755 66111166

379 3773 657 3839 166666161166
681 3779 782 3836 terras
807 3770 915 3835 tenuit
938 3769 978 3835 de
1002 3771 1096 3835 Dom.
1123 3771 1214 3857 Rege
1237 3772 1273 3836 in
1294 3774 1400 3859 eapite
1420 3793 1466 3858 per

380 3876 553 3943 seruioium
568 3875 654 3961 quod
668 3883 754 3940 esset
769 3873 1026 3940 constabulen'us
1040 3895 1118 3938 suus
1132 3873 1167 3937 16
1183 3873 1386 3942 Normennia
1398 3876 1466 3940 etin

377 3981 501 4074 Anglia
514 3988 575 4044 616.

410 4132 607 4194 1Δ.6ι.1;Β.
619 4146 654 4181 m.
667 4132 688 4182 1.
954 4129 1083 4180 BotPot.

409 4200 421 4232 ¹
438 4199 536 4262 Supply
545 4199 678 4256 (16166616,
690 4197 722 4245 Β.
836 4192 841 4200 '
986 4197 997 4228 ¹⁵
1013 4195 1101 4259 Abbey
1110 4196 1140 4244 61
1148 4195 1252 4260 Nntley,
1264 4197 1360 4257 Bucks,
1369 4197 1467 4248 1666161

409 4263 648 4325 ³R0t.1>at.p.7o.
681 4259 900 4320 2311666161207.
955 4259 989 4322 by
1010 4260 1074 4312 Esrl
1095 4259 1194 4312 Walter
1220 4261 1330 4313 Gifferd.
1368 4265 1467 4314 116666.

408 4329 449 4364 Η
463 4329 775 4390 meutiquammolatiam
781 4329 903 4390 61166161,
955 4327 1005 4377 vol.
1018 4327 1042 4385 6,
1053 4341 1079 4388 p.
1091 4327 1148 4378 277.

377 4396 414 4456 B;
436 4396 478 4445 uel
494 4396 625 4458 quicquam
642 4396 666 4442 ei
682 4395 791 4442 nwtestie
807 4393 900 4454 faeiat,
