3167 5075
347 409 581 470 mensurnus,
604 409 668 458 an.
694 397 787 472 1219,
810 411 873 459 aa.
899 398 993 461 3-4.
1182 397 1244 464 721

138 595 360 674 cognouerunt
376 584 462 672 quod
482 585 621 672 quedam
642 584 817 650 conuencio
835 586 922 650 sacta
944 586 1007 650 fuit
1030 584 1116 651 inter
1138 609 1192 651 eos
1211 587 1247 652 in

140 689 231 754 curia
245 689 338 754 Dom.
356 687 600 754 Cantuariensis
616 685 677 754 eto.
753 763 756 769 .

205 792 249 856 Et
279 790 357 878 qnia
386 799 477 856 carta
505 812 603 876 quam
633 789 719 854 idem
751 789 935 855 Euersrdus
958 791 1080 876 profert
1102 790 1249 877 loquitur

137 894 332 980 simpliciter
345 893 386 959 de
401 893 485 958 dono
499 915 558 958 suo
572 915 631 979 pro
652 892 804 979 homagio
822 902 857 958 et
874 893 1010 959 seruicio
1029 916 1088 959 suo
1102 902 1138 960 et
1156 895 1248 961 nulla

137 999 265 1065 mencio
285 999 372 1063 facta
391 1006 441 1062 est
463 997 504 1062 de
526 995 752 1074 conuencione,
768 1005 803 1062 et
824 1005 973 1083 preterea
993 996 1062 1082 ipse
1084 1000 1247 1085 cognoscit

136 1101 225 1187 quod
239 1099 339 1166 assisa
352 1123 436 1165 noue
448 1099 615 1165 disseisine
630 1108 727 1186 capta
741 1099 815 1177 fuit,
830 1099 1080 1166 consideratum
1096 1109 1146 1166 est
1160 1101 1247 1188 quod

137 1205 309 1292 Philippus
324 1212 379 1269 eat
397 1203 529 1290 quietus
547 1203 588 1270 de
608 1203 668 1268 hoc
687 1203 788 1269 breue
812 1211 847 1268 et
867 1205 1050 1270 Eborardus
1067 1204 1103 1269 in
1122 1205 1247 1271 miscri-

65 1319 69 1326 '
136 1309 246 1376 cordia
267 1331 326 1396 pro
349 1309 473 1384 iniusta
497 1308 667 1373 exaccione
693 1316 728 1372 et
752 1308 920 1394 perquirat
949 1331 983 1374 se
1007 1309 1071 1373 alio
1095 1309 1190 1374 modo
1219 1311 1246 1375 si

140 1413 290 1479 uoluerit.
590 1427 594 1434 '
696 1475 703 1484 .

47 1569 54 1581 .
202 1515 329 1581 ¹Assisa
343 1515 436 1581 uenit
451 1516 657 1603 recognitum
670 1516 698 1580 si
713 1515 896 1581 Gilibertus
911 1516 953 1581 de
968 1517 1143 1582 Lundreis‘
1152 1525 1247 1604 pate-r
1319 1555 1363 1584 un.

136 1621 161 1684 J
162 1619 298 1684 ohannis
313 1617 378 1684 fuit
392 1619 522 1683 seisitus
536 1618 571 1682 in
586 1618 746 1683 dominico
760 1640 820 1683 suo
834 1627 874 1683 ut
888 1616 930 1684 de
945 1617 1037 1684 feodo
1052 1619 1093 1684 de
1110 1619 1248 1685 dimidia

137 1721 218 1788 hida
231 1730 316 1787 terre
332 1744 406 1787 cum
422 1721 631 1808 pertinenciis
645 1722 681 1792 in
696 1719 813 1807 Bergh'
828 1721 882 1786 die
897 1745 963 1808 qua
981 1723 1064 1788 obiit
1084 1733 1154 1801 etc„
1169 1733 1204 1790 et
1218 1725 1246 1789 si

135 1835 208 1902 ete,
222 1847 320 1910 quam
336 1833 456 1889 terram
475 1823 638 1890 Robertus
657 1823 698 1890 de
720 1823 900 1890 Ohetwude
920 1834 1020 1890 tenet.
1065 1826 1133 1906 Qui
1153 1828 1246 1893 uenit

136 1938 173 1994 et
188 1929 273 1994 dixit
287 1927 371 2014 quod
387 1927 487 1992 sssiss
501 1949 565 1991 non
580 1926 696 1998 debuit
711 1927 787 1991 inde
804 1926 975 2012 procedere
995 1929 1073 2015 quia
1087 1925 1245 1995 Osbertus

137 2031 240 2096 frater
268 2029 369 2116 ipsius
397 2027 558 2094 Johannis
585 2029 823 2114 primogenitus
851 2030 1070 2116 implacitauit
1098 2053 1173 2097 eum
1211 2034 1246 2098 in

136 2133 230 2198 curia
248 2132 341 2197 Dom
363 2131 463 2219 Regis
482 2131 650 2208 Johannis,
671 2131 720 2198 ita
739 2132 825 2218 quod
845 2154 905 2218 per
923 2132 1080 2198 iudicium
1100 2135 1245 2201 eiusdem

136 2235 228 2300 curie
249 2232 382 2299 recessit
403 2233 473 2319 ipse
495 2233 659 2298 Robertus
681 2233 757 2300 inde
780 2233 919 2318 quietus,
942 2242 977 2298 et
998 2234 1074 2299 inde
1097 2236 1189 2320 ponit
1211 2259 1245 2301 se

135 2362 236 2426 super
260 2335 426 2404 recordum
451 2339 538 2402 curie
563 2346 597 2402 et
624 2360 720 2426 super
745 2338 874 2402 rotulos
920 2338 1052 2403 Habeat
1077 2340 1244 2405 recordum

136 2453 198 2510 etc.

204 2548 248 2612 Et
273 2546 363 2613 curia
388 2546 574 2612 recordatur
599 2546 684 2632 quod
714 2546 795 2611 alias
819 2548 883 2611 fuit
912 2547 1069 2631 placitum
1098 2548 1246 2620 incuria

135 2653 231 2717 Dom.
262 2649 362 2740 Regis
399 2652 557 2717 Johannis
594 2651 635 2715 de
672 2650 785 2715 eadem
822 2660 911 2716 terra
945 2652 1032 2717 inter
1068 2652 1243 2718 Osbertum

137 2757 351 2843 Capelianum
377 2756 512 2820 fratrem
539 2755 641 2841 ipsius
666 2753 827 2820 Johannis
853 2756 996 2840 petentis
1025 2765 1060 2820 et
1089 2756 1243 2842 quosdam

136 2859 341 2946 Stephanum
371 2859 412 2924 de
442 2858 605 2923 Norwude
640 2865 676 2922 et
710 2856 887 2923 Feidenam
917 2882 1050 2924 uxorem
1080 2861 1158 2936 eius,
1188 2862 1245 2947 qui

136 2976 256 3030 terram
271 2964 361 3029 illam
377 2970 554 3028 tenuerunt
569 2962 604 3026 in
619 2962 728 3027 dotem
744 2962 846 3048 ipsius
858 2962 999 3029 Feidene
1011 2962 1051 3029 de
1064 2964 1244 3031 hereditate

136 3068 275 3155 predicti
311 3066 447 3133 Roberti
462 3150 463 3153 Ἴ
476 3088 539 3151 que
570 3066 601 3129 ei
629 3075 743 3151 postea
772 3066 947 3143 descendit,
977 3076 1012 3131 et
1041 3068 1128 3132 unde
1158 3068 1244 3132 idem

136 3172 300 3237 Rohertus
322 3180 456 3235 uocatus
476 3170 540 3234 fuit
559 3169 601 3234 ad
620 3178 810 3246 warantum,
825 3171 882 3256 qui
902 3169 986 3235 dixit
1005 3170 1091 3256 quod
1112 3169 1244 3257 quidam

134 3274 303 3339 Johannes
318 3272 441 3357 primus
455 3270 507 3335 uir
526 3270 628 3357 ipsius
648 3270 783 3337 Feidine
804 3280 923 3336 terram
943 3271 1033 3337 illam
1053 3273 1244 3337 disraciona-

134 3384 230 3442 uerat
253 3376 287 3440 in
311 3374 401 3439 curia
423 3374 517 3439 Dom.
540 3372 782 3440 Cantuariensis
806 3394 865 3457 per
886 3374 985 3437 finem
1009 3374 1109 3438 duelli
1133 3396 1246 3439 uersus

134 3480 333 3546 Gilihertum
349 3485 475 3563 patrem
491 3498 601 3541 eorum
607 3475 626 3553 ⁸,
637 3476 686 3541 ita
696 3476 781 3562 quod
794 3476 884 3541 curia
895 3476 989 3543 Dom.
1001 3476 1246 3542 cantuariensis

131 3584 258 3649 scilieet
274 3581 387 3648 Sancti
399 3580 521 3646 Thome
533 3580 731 3645 summonita
741 3579 784 3645 ad
795 3580 978 3645 faciendum
990 3579 1066 3646 inde
1077 3582 1245 3647 recordum

132 3688 197 3751 hoc
218 3685 304 3749 idem
327 3682 494 3748 recordata
514 3682 599 3747 fuiti
647 3682 690 3747 Et
716 3682 789 3746 ideo
813 3690 892 3747 tunc
918 3682 1155 3748 consideratum
1180 3684 1245 3749 fuit

132 3789 202 3853 scil.
214 3810 299 3853 anno
314 3787 407 3873 regni
422 3786 523 3873 Regis
537 3786 560 3851 J
561 3786 697 3851 ohannis
712 3786 790 3872 viij0.
803 3786 890 3871 quod
902 3786 1096 3871 Stephanus,
1109 3787 1246 3852 Feidina

132 3901 172 3957 et
186 3892 349 3956 Robertus
364 3898 442 3955 eant
457 3888 562 3974 quieti
577 3898 612 3953 et
628 3888 787 3954 Osbertus
802 3888 838 3952 in
857 3888 1081 3954 misericordia
1128 3890 1246 3954 Postea

132 4005 248 4062 autem
267 4017 353 4060 anno
375 3994 475 4080 Regis
497 3992 643 4058 eiusdem
666 4002 728 4057 xv⁰.
748 3993 955 4078 inplacitauit
977 3994 1064 4058 idem
1087 3994 1245 4059 Osbertus

131 4098 265 4164 eosdem
281 4097 486 4183 Stephanum
502 4106 537 4161 et
557 4096 727 4161 Feidinam
748 4096 789 4160 de
810 4096 924 4161 eadem
945 4106 1039 4174 terra,
1054 4097 1111 4184 qui
1131 4097 1244 4161 eodem

168 4240 178 4272 ¹
195 4241 225 4290 A.
238 4255 274 4290 m.
287 4242 330 4300 15;
346 4239 376 4291 B.
392 4254 427 4288 rn.
441 4239 508 4289 11d.
747 4241 758 4272 ⁴
776 4240 853 4290 Ssint
862 4240 976 4290 Thomas
984 4241 1013 4289 oi
1022 4256 1111 4291 course
1119 4255 1171 4289 was
1180 4240 1245 4289 dead

168 4306 179 4337 ¹
195 4308 306 4355 London'
318 4306 349 4354 Β.
715 4304 798 4367 when,
810 4305 881 4355 what
890 4320 942 4356 was
950 4306 1005 4355 still
1013 4304 1105 4363 called,
1117 4306 1159 4354 his
1170 4312 1244 4354 court

167 4372 178 4404 θ
195 4370 291 4420 Fathsr
313 4371 341 4419 oi
361 4370 455 4420 Osbert
474 4369 525 4419 and
546 4370 573 4418 oi
593 4369 664 4418 John
715 4369 767 4419 had
779 4374 807 4419 to
818 4370 878 4420 bear
889 4371 977 4419 record
989 4370 1017 4419 in
1029 4370 1074 4419 the
1085 4370 1174 4431 eighth
1185 4386 1244 4432 year

130 4438 178 4488 the
189 4435 311 4499 plsintiff.
715 4435 744 4483 oi
752 4436 832 4484 John.

226 4553 260 4599 M.
278 4552 326 4599 111.
1116 4542 1156 4600 4ss
