3167 5075
359 398 422 463 222
574 402 699 463 consu
715 413 815 474 11111,
836 412 902 461 nn.
927 397 1086 492 12116-7,
1109 412 1170 463 sn
1195 400 1245 464 11.

355 586 512 651 Joclanus
545 595 581 652 et
614 608 725 653 omnes
759 586 816 653 clii
849 597 961 674 preter
989 588 1169 653 Henricum
1198 589 1230 653 le
1259 588 1374 674 Moyne
1400 586 1448 671 qul

355 689 502 756 infirmus
517 699 567 755 est
582 690 721 756 ueniunt
736 699 771 755 ct
785 690 901 756 dicunt
919 688 978 777 pro
992 690 1107 756 eodem
1123 691 1265 756 Henrico
1280 690 1366 777 quod
1383 710 1448 754 cum

354 793 455 858 assisa
468 794 525 858 ille
539 794 697 858 emmiata
711 801 797 858 esset
810 816 924 858 uersus
938 793 1122 880 predictum
1136 793 1317 858 Henricum
1338 800 1372 857 et
1388 792 1448 877 ipse

353 895 562 982 responderet
585 894 671 981 quod
694 896 796 961 assisa
819 918 884 960 non
909 894 1026 960 debuit
1049 896 1127 960 inde
1155 896 1228 961 fieri
1255 896 1335 981 quia
1361 894 1449 959 nichil

353 999 509 1065 clamauit
532 999 573 1065 de
598 1007 786 1064 tenemento
809 999 867 1065 illo
890 999 953 1064 nisi
975 999 1018 1064 ed
1043 1000 1222 1065 terminum
1247 999 1288 1065 de
1316 999 1449 1086 predicto

354 1103 501 1168 Jocllano
525 1110 560 1167 et
583 1102 670 1167 idem
690 1104 859 1169 Joellenus
877 1126 1009 1190 presens
1028 1112 1115 1169 esset
1133 1104 1357 1169 eteduocsret
1370 1112 1450 1168 tene·

354 1215 503 1272 mentum
529 1206 612 1272 illud
637 1214 673 1273 11
701 1206 788 1291 quod
817 1206 984 1293 predictus
1014 1206 1178 1271 Henricus
1205 1229 1264 1293 per
1292 1229 1369 1272 eum
1395 1205 1450 1270 fuit

353 1310 389 1375 in
404 1318 592 1376 tenemento
607 1310 664 1375 illo
677 1318 713 1375 ct
726 1311 815 1396 quod
830 1320 1056 1375 tenementum
1076 1332 1173 1376 suum
1192 1311 1257 1376 fuit
1275 1310 1362 1375 sicut
1379 1306 1452 1375 illud

353 1414 440 1501 quod
466 1414 497 1479 ei
522 1414 690 1479 descendit
713 1414 754 1480 de
778 1414 919 1501 quodam
943 1414 1118 1479 Lemberto
1139 1414 1303 1479 auunculo
1325 1436 1383 1479 suo
1402 1413 1451 1478 he·

354 1518 505 1583 reditarie
520 1517 581 1583 hoc
595 1518 625 1583 ei
641 1541 706 1582 non
721 1518 831 1605 potuit
845 1518 983 1583 allocari

418 1622 464 1686 Et
485 1622 650 1708 predictus
672 1622 841 1687 Joellenus
862 1622 1015 1687 similiter
1034 1632 1171 1708 questus
1189 1621 1255 1687 fuit
1275 1622 1364 1709 quod
1376 1622 1453 1687 iure·

354 1731 440 1789 tores
474 1725 559 1790 mule
593 1726 785 1791 iurauerunt
815 1724 894 1812 quis
927 1724 1081 1790 dixerunt
1114 1724 1202 1811 quod
1235 1726 1307 1811 ipse
1342 1725 1453 1791 iniuste

353 1827 530 1893 disseisiuit
541 1828 723 1915 predictum
735 1828 948 1893 Lambertum
956 1826 1258 1913 desicutpredictus
1266 1828 1455 1893 Lembertus

353 1932 536 1997 auunculus
558 1954 638 1997 suus
658 1931 750 1997 cuius
771 1932 864 1996 heres
884 1932 954 2019 ipse
974 1930 1040 1997 est¹
1060 1931 1143 1996 obiit
1162 1930 1294 1996 scisitus
1314 1931 1357 1996 de
1371 1940 1455 1995 tene

353 2043 465 2102 mento
488 2036 544 2101 illo
564 2045 599 2102 11
618 2036 687 2123 ipse
707 2045 843 2123 poneret
862 2058 897 2101 se
916 2036 953 2099 in
972 2044 1200 2101 tenementum
1217 2034 1302 2100 illud
1325 2032 1456 2100 sicutin

354 2140 570 2207 hereditatem
599 2164 700 2220 suem,
730 2150 765 2205 11
794 2139 875 2206 dicit
904 2140 991 2227 quod
1024 2140 1074 2205 ite
1102 2139 1185 2205 obiit
1213 2139 1349 2205 11111111
1377 2136 1456 2225 quod

354 2243 478 2330 legauit
493 2244 591 2310 bledo
606 2253 641 2310 11
656 2243 811 2309 utensilia
825 2251 860 2308 11
874 2243 978 2308 eciam
991 2242 1076 2307 fimo

420 2347 464 2411 Et
488 2346 682 2412 Lcmbertus
702 2347 788 2411 filius
808 2345 977 2411 Lamberti
996 2345 1055 2433 qui
1068 2346 1147 2411 tulit
1161 2344 1279 2410 assises
1292 2344 1370 2410 illus
1383 2343 1458 2409 dicit
1545 2433 1546 2436 Ἴ

354 2447 441 2535 quod
463 2448 628 2535 predictus
652 2450 847 2515 Lambcrtus
870 2458 965 2537 puter
987 2472 1065 2515 suus
1083 2450 1115 2515 ei
1129 2449 1220 2514 dedit
1234 2457 1459 2514 tenementum

353 2553 437 2621 illud
460 2555 513 2641 vij.
538 2555 633 2621 annis
655 2564 732 2620 ente
756 2562 896 2619 mortem
920 2577 1014 2620 susm
1037 2563 1072 2620 11
1095 2554 1172 2620 inde
1195 2553 1259 2618 luit
1283 2553 1323 2618 in
1345 2553 1459 2618 seisins

354 2667 500 2745 tempore
525 2659 692 2725 Lemberti
715 2658 820 2745 putris
842 2659 893 2723 sui
914 2658 1004 2723 etin
1024 2657 1096 2722 uita
1109 2665 1218 2722 suaet
1231 2656 1286 2721 die
1301 2679 1370 2743 quo
1384 2657 1461 2721 obiit

354 2761 456 2827 donec
479 2785 537 2848 per
559 2762 720 2848 predictos
743 2771 779 2826 et
807 2761 995 2826 Joellenum
1024 2769 1060 2826 et
1088 2760 1169 2826 elios
1196 2761 1261 2826 fuit
1289 2761 1372 2827 inde
1400 2760 1460 2825 dis·

353 2865 490 2931 scisitus.

419 2970 463 3034 Et
471 2969 628 3034 iuratores
637 2967 969 3055 quesitisipredictus
978 2966 1173 3032 Lcmbertus
1182 2967 1266 3033 obiit
1273 2967 1326 3033 ita
1333 2967 1463 3034 scisitus

353 3073 441 3159 quod
470 3073 594 3161 legeuit
622 3074 720 3139 blada
747 3072 903 3138 utensilia
932 3082 967 3137 et
995 3072 1082 3148 fimo,
1107 3071 1223 3137 dicunt
1248 3075 1339 3159 quod
1365 3074 1464 3140 nichil

308 3257 310 3262 Ι
353 3175 462 3241 sciunt
491 3183 542 3241 set
571 3182 768 3263 cognoscunt
793 3175 880 3261 quod
903 3175 986 3240 obiit
1014 3175 1051 3240 in
1078 3183 1268 3240 tenemento
1297 3178 1358 3244 illo
1382 3179 1464 3244 11111

354 3281 469 3368 hospes
485 3282 574 3346 etde
589 3281 698 3368 gracie
716 3279 856 3367 predicti
871 3279 1039 3345 Lumberti
1052 3280 1113 3345 filii
1127 3281 1180 3346 sui
1193 3289 1229 3346 11
1248 3281 1336 3348 bene
1357 3284 1464 3349 sciunt

354 3387 441 3473 quod
464 3386 629 3473 predictus
652 3386 847 3450 Lambertus
871 3385 903 3450 11
925 3385 1018 3450 dedit
1040 3393 1162 3450 terram
1190 3385 1282 3451 illem
1307 3395 1346 3452 et
1376 3397 1464 3452 tene·

354 3499 504 3555 mentum
528 3489 580 3576 vij.
602 3487 696 3554 ermis
719 3497 797 3554 unte
821 3497 960 3554 mortem
983 3512 1076 3554 susm
1099 3489 1207 3555 11111
1229 3487 1312 3553 fuit’
1335 3490 1374 3555 in
1397 3491 1465 3556 uite

354 3615 414 3659 sus
442 3593 543 3658 donec
572 3613 630 3678 per
658 3590 820 3678 predictos
850 3591 1030 3657 Henricum
1055 3599 1090 3656 11
1111 3591 1301 3656 Joellenum
1325 3601 1364 3658 et
1388 3592 1466 3658 elios

354 3697 535 3763 disseisitus
558 3697 622 3762 fuit
646 3705 680 3762 et
703 3697 882 3762 secundum
906 3698 992 3783 quod
1015 3696 1051 3762 in
1073 3695 1219 3762 recordo⁸
1239 3697 1374 3781 plenius
1393 3719 1464 3763 con-

354 3801 486 3867 tinetur.
506 3799 511 3887 Ι

418 3904 535 3969 Postea
548 3902 663 3968 dicunt
677 3901 763 3989 quod
783 3903 948 3990 predictus
967 3902 1162 3968 Lambertus
1180 3900 1274 3968 dedit
1293 3911 1465 3970 tenemen-

354 4017 427 4075 tum
463 4008 545 4073 illud
574 4006 720 4094 predicto
750 4005 925 4072 Lemberto
953 4007 1021 4073 filio
1049 4029 1109 4073 suo
1136 4014 1172 4072 et
1200 4006 1329 4073 dimisit
1360 4031 1398 4075 se
1427 4008 1467 4074 de

379 4234 395 4268 '¹
412 4233 534 4284 humbert
549 4232 664 4297 pleintifl
680 4232 708 4282 in
724 4231 882 4285 1111111111
931 4233 1048 4286 lifotime.

354 4302 425 4350 must
436 4299 501 4349 have
512 4297 728 4349 beensbsstnrd.
963 4300 1047 4350 ’Tho
1074 4300 1162 4351 record
1189 4301 1219 4351 ol
1249 4301 1295 4352 tho
1321 4303 1413 4355 111111
1439 4319 1469 4355 ιι

385 4365 397 4398 ¹
414 4365 513 4428 supply
522 4365 624 4414 reiritru
635 4363 676 4428 (t).
705 4363 831 4414 humbert
837 4363 882 4415 the
931 4364 1069 4428 originally
1080 4366 1167 4416 tehen.

353 4445 467 4494 younger
488 4442 541 4479 uss
563 4427 694 4479 11111ᾶὶ1
713 4429 756 4479 his
773 4429 882 4481 father's
