3167 5075
302 410 420 459 conen
443 410 543 469 rnen,
564 410 629 458 nn.
653 397 812 471 1234-5,
835 410 897 458 nn
923 396 1058 460 18-19.
1170 396 1239 460 139

138 580 175 645 ad
193 579 448 665 respondendnm
468 580 562 645 Dom.
583 580 668 667 Regi
688 602 752 666 quo
771 588 914 646 werento
935 588 1029 645 tenet
1052 580 1127 666 xvij.
1149 602 1240 646 acrae

138 697 215 749 terre
230 707 304 749 cnm
319 692 398 770 pert.
415 684 449 748 in
465 684 653 771 Haueringe
668 692 703 749 et
718 683 774 749 elii
789 693 849 749 etc
865 691 926 749 etc.
942 692 977 748 et
991 682 1098 749 iniret

197 790 239 853 Et
253 789 394 855 Ieobelle
408 798 442 853 et
454 811 565 853 omnee
576 788 632 853 alii
644 788 783 853 ueniunt
794 797 829 853 et
840 787 954 852 dicunt
963 787 1049 874 quod
1058 796 1240 854 tenuerunt

137 903 231 960 terren
246 896 318 961 illae
332 894 373 961 de
389 895 531 960 Henrico
553 894 620 959 filio
640 894 784 959 Aucheri
804 892 979 979 aliquando
999 892 1078 958 dum
1099 892 1184 957 uixit
1206 902 1240 958 et

137 1000 199 1086 ipee
213 1001 247 1065 in
262 1001 335 1065 uita
348 1024 408 1066 sua
421 1002 602 1066 attornauit
622 1000 760 1066 seruicia
780 1000 924 1085 ipsorum
943 998 1129 1064 Alexandro
1148 998 1189 1064 (16
1210 999 1242 1064 la

137 1104 220 1169 More
235 1113 269 1169 et
284 1104 399 1170 dicunt
413 1105 500 1191 quod
515 1104 640 1169 faciunt
656 1104 686 1169 ei
704 1104 842 1169 seruicia
860 1126 921 1168 suc
940 1110 975 1167 et
994 1111 1113 1169 uocant
1132 1102 1241 1189 ipsum

137 1206 267 1273 indeed
289 1216 478 1273 warantum
525 1208 569 1273 Et
591 1208 660 1295 ipse
683 1230 815 1294 presens
837 1216 887 1273 est
909 1216 944 1272 ct
966 1207 1046 1272 dicit
1068 1207 1155 1294 quod
1175 1230 1241 1272 non

137 1311 230 1375 hebet
244 1310 332 1375 diem
348 1311 390 1376 ed
405 1310 680 1377 warantizendum
696 1320 730 1377 et
745 1312 832 1397 petit
847 1310 943 1387 diem,
959 1319 994 1375 et
1009 1310 1106 1375 datus
1123 1318 1174 1375 eet
1194 1309 1241 1375 eie

136 1415 200 1481 dice
221 1438 328 1481 coram
351 1416 446 1483 Dom.
465 1416 555 1503 Rege
578 1416 775 1501 ubicumque
798 1423 858 1480 etc.
904 1414 948 1478 Et
970 1414 1012 1479 de
1034 1422 1121 1479 terra
1143 1437 1241 1501 quam

136 1521 199 1607 ipee
214 1529 308 1586 tenet
322 1522 408 1607 petit
423 1521 531 1585 uisum
547 1530 582 1585 et
597 1520 705 1587 habet.
751 1520 845 1585 Idem
865 1519 935 1585 dies
955 1519 1052 1585 datus
1073 1528 1123 1585 est
1138 1519 1169 1584 ei
1184 1520 1241 1605 qni

136 1624 249 1711 eupm',
265 1632 302 1689 et
316 1624 449 1689 interim
465 1632 526 1689 etc.

33 1725 103 1788 1120.
196 1726 319 1792 ⁸Adam
335 1727 424 1791 filine
439 1727 565 1792 Hernei
582 1736 617 1792 et
636 1727 771 1792 Juliene
791 1749 873 1791 uxor
894 1727 964 1791 eine
986 1735 1106 1812 petunt
1128 1748 1241 1792 uerene
1320 1746 1333 1775 ⁰

137 1830 324 1897 Geufridum
340 1832 444 1897 filium
463 1832 487 1897 J
488 1832 623 1897 ohannis
643 1832 824 1897 manerium
845 1830 886 1896 de
909 1831 1056 1917 Ornesby
1071 1854 1145 1896 cum
1160 1839 1240 1916 pert.

136 1944 172 1999 ut
185 1936 235 2001 ius
250 1959 349 2001 suum
365 1944 399 2001 et
414 1936 455 2002 de
471 1959 534 2023 quo
548 1937 572 2002 J
573 1936 715 2002 ohannes
727 1936 813 2001 filius
824 1936 976 2023 Hngonie
989 1945 1084 2022 peter
1097 1936 1241 2022 predicte

135 2038 261 2104 Juiinne
276 2039 370 2105 cuius
384 2039 477 2105 heres
495 2039 566 2125 ipse
586 2048 636 2103 est
656 2040 719 2103 fuit
739 2039 870 2104 seieitue
892 2039 927 2103 in
947 2039 1106 2104 dominico
1125 2062 1184 2104 eno
1204 2048 1243 2104 ut

136 2142 173 2207 de
192 2142 284 2207 feodo
304 2142 359 2208 die
380 2166 443 2229 quc
464 2144 528 2208 iter
549 2143 687 2229 arripnit
708 2165 821 2207 uersus
842 2151 962 2207 terrem
984 2151 1129 2208 sanctam
1151 2152 1186 2208 et
1207 2142 1242 2208 in

136 2270 196 2332 quo
211 2247 329 2312 itinere
353 2246 435 2311 obiit
455 2255 495 2311 ut
516 2246 690 2311 dicitur'et
712 2245 799 2312 unde
825 2247 979 2312 Gunnora
1000 2246 1243 2334 (1611611163664

137 2372 212 2415 uxor
225 2350 366 2435 predicti
380 2349 539 2415 «Iohannis
559 2350 619 2414 filii
639 2350 790 2438 Hugonis
810 2358 845 2415 et
864 2359 970 2415 meter
988 2350 1090 2437 ipsius
1108 2351 1242 2417 Juliene

137 2464 243 2542 postea
263 2457 300 2521 in
322 2456 413 2521 curia
433 2464 543 2521 nostra
562 2478 668 2521 coram
688 2456 874 2521 iusticiariis
894 2457 1012 2521 nostris
1031 2456 1119 2543 apud
1134 2456 1241 2521 West

137 2563 365 2628 monasterium
387 2561 592 2648 recuperauit
614 2562 723 2627 dotem
744 2585 836 2627 suam
856 2585 969 2627 uerene
989 2561 1183 2627 Metillidem
1201 2561 1242 2627 de

138 2667 269 2732 Berners
291 2689 357 2753 que
379 2689 414 2731 ee
435 2665 529 2732 facit⁵
551 2689 685 2731 uxorem
707 2666 847 2753 predicti
868 2666 1035 2744 Jchannie,
1058 2675 1093 2731 ct
1119 2689 1182 2752 que
1207 2666 1242 2730 in

138 2770 243 2836 eedem
274 2769 366 2835 curia
395 2770 513 2834 obiecit
542 2769 648 2835 eidem
687 2769 817 2834 Gunore
853 2769 940 2855 quod
975 2792 1140 2856 nunquam
1180 2769 1243 2834 fuit

137 2875 276 2960 predicto
291 2875 437 2941 Johanni
451 2875 614 2962 legittimo
634 2875 840 2940 matrimonio
860 2875 1018 2961 copulata,
1032 2897 1096 2961 que
1112 2875 1244 2940 Gunore

138 2979 339 3064 postmodum
356 3001 413 3065 per
427 2979 487 3044 hoc
502 2977 588 3065 quod
603 3001 675 3044 eam
690 2977 837 3043 misimus
851 2978 893 3043 ed
907 2978 1028 3043 curiam
1049 2978 1242 3044 cristianita-

140 3084 178 3148 tis
191 3083 345 3170 probauit
359 3083 520 3169 sponsalia
534 3104 593 3146 sua
607 3089 646 3145 ut
660 3081 780 3146 dicitur
795 3081 868 3146 etc!

198 3189 242 3252 Et
257 3187 425 3254 Gelfiidus
440 3186 533 3252 uenit
548 3195 582 3252 et
597 3185 743 3251 defendit
758 3185 809 3250 ius
824 3209 919 3250 suum
934 3194 969 3250 et
982 3185 1063 3250 dicit
1077 3186 1163 3272 quod
1178 3210 1243 3251 non

139 3291 230 3357 debet
245 3293 276 3357 ei
290 3289 485 3376 respondere
500 3289 540 3354 de
556 3289 698 3355 manerio
712 3290 769 3354 illo
788 3313 864 3355 cum
884 3299 964 3376 pert.
980 3292 1057 3377 quie
1070 3313 1135 3355 non
1150 3299 1243 3356 tenet

141 3405 240 3462 totum
254 3395 439 3462 manerium
454 3393 545 3472 illud,
560 3394 637 3479 quia
651 3393 836 3459 Willelmus
850 3394 1018 3482 Anguilyn
1033 3402 1125 3459 tenet
1140 3418 1243 3460 unum

140 3501 338 3588 mesuagium
352 3508 387 3564 et
403 3497 585 3562 Willelmue
600 3497 640 3563 de
656 3498 814 3584 Spnrham
829 3506 922 3564 tenet
936 3497 1025 3562 aliud
1040 3499 1242 3584 mesuagium

141 3603 172 3666 in
185 3605 296 3669 eedem
312 3602 394 3667 uilla
408 3609 443 3666 et
459 3609 578 3665 terram
598 3599 639 3665 de
659 3600 777 3686 quibus
796 3601 866 3687 ipse
886 3600 983 3666 nichil
1010 3609 1102 3666 tenet
1125 3623 1184 3666 nec
1207 3602 1243 3666 in

142 3707 268 3773 seruicio
291 3728 354 3771 nec
377 3705 412 3769 in
436 3703 605 3778 deminico¹
632 3711 666 3768 et
691 3703 817 3768 deeicut
846 3727 912 3768 non
940 3711 1033 3769 tenet
1061 3705 1243 3770 manerium

142 3819 241 3876 totum
268 3834 337 3876 non
367 3810 441 3874 uult
469 3809 660 3895 respondere
690 3809 753 3873 nisi
778 3809 868 3874 curia
896 3808 1154 3874 consideraucrit.
1199 3810 1243 3874 Et

143 3913 241 3979 Adam
270 3923 305 3979 et
335 3913 358 3978 J
362 3913 469 3978 ulinna
498 3935 562 3977 non
599 3921 734 3999 possunt
771 3913 833 3978 hoc
869 3912 1025 3992 dedicere,
1054 3922 1089 3978 et
1124 3922 1244 4000 petunt

144 4017 301 4086 licenciam
328 4017 500 4084 recedendi
524 4017 565 4083 de
591 4017 684 4083 breui
709 4040 776 4096 eu0,
799 4025 834 4082 et
855 4017 987 4096 habent,
1009 4025 1044 4082 et
1069 4018 1142 4084 ideo
1167 4019 1243 4086 inde

147 4181 254 4296 roim
268 4183 521 4300 Otldthiirectspndrucei:
534 4199 579 4298 cpe
600 4183 664 4234 eued
714 4182 1050 4310 enflfflrtlipffllrtmrngtop
1057 4183 1076 4233 1.
1088 4185 1143 4235 29⁸.

175 4263 512 4366 ’ffimdaneirhoae
520 4286 663 4366 demorare
746 4314 757 4347 ⁸
773 4284 844 4365 Gerr:
852 4316 928 4377 serit,
940 4313 970 4362 Δ.
1001 4283 1008 4306 ’

148 4377 229 4438 ebore,
241 4382 271 4430 A.
746 4379 756 4411 ⁶
772 4379 809 4428 As
821 4383 848 4428 to
859 4378 904 4428 the
912 4379 1001 4428 action
1010 4379 1125 4429 between
1133 4380 1241 4432 Gnnore

176 4443 186 4475 ²
200 4445 228 4496 Δ.
237 4461 272 4494 m.
283 4445 348 4498 led.
372 4445 562 4508 westminster,
572 4449 663 4496 octcve
715 4444 767 4494 end
779 4443 866 4503 Mend
880 4458 922 4494 666
932 4445 976 4493 Br.
986 4444 1005 4493 1.
1017 4444 1066 4494 306
1077 4445 1102 4496 b.
