3167 5075
334 392 396 455 150
504 403 622 453 consu
644 403 742 466 uror,
764 404 830 453 nn.
855 390 1013 466 1234-5,
1037 405 1100 454 sn
1125 392 1262 455 18-19.

331 579 424 657 perte
454 570 524 657 qui¹
550 570 608 636 ubi
633 570 747 636 dicunt
773 571 860 657 quod
888 570 1027 657 predicti
1053 571 1219 637 Wolterus
1245 579 1280 637 et
1306 572 1448 639 Mobilis

332 672 571 741 concesserunt¹
605 674 640 739 in
674 674 937 740 emensurecione
973 673 1121 740 socienda
1155 683 1191 741 et
1220 674 1308 762 quod
1341 676 1447 743 nichil
1561 667 1562 676 ἵ

332 778 485 844 dixerunt
500 800 598 865 quere
613 778 834 845 emensurecio
848 779 907 843 ille
923 802 988 843 non
1008 778 1204 865 procederet,
1219 779 1336 845 dicunt
1357 779 1447 867 quod
1561 821 1562 834 ι

332 907 397 950 ιιοιι
417 884 500 949 bene
523 883 732 949 recordentur
753 883 832 970 quis
852 887 1019 969 nunqua'm
1041 883 1078 948 in
1099 884 1365 950 emensurecione
1386 885 1447 949 illa

332 997 562 1055 consenserunt
576 996 611 1054 et
625 1012 700 1054 cum
720 985 806 1074 ipse·
820 988 977 1073 proferret
996 987 1096 1053 breue
1116 986 1158 1052 de
1178 989 1447 1055 emensumcione
1561 995 1562 1000 ’

331 1093 367 1158 in
395 1093 554 1158 comitatu
583 1082 753 1179 pecierunt
781 1094 847 1180 ipsi
872 1093 1031 1159 iudicium
1056 1094 1085 1159 'si
1110 1094 1283 1181 precedere
1310 1094 1448 1161 deberet
1561 1079 1562 1106 ¹

332 1200 551 1265 emensuracio
566 1222 662 1285 super
677 1222 731 1265 eos
745 1198 873 1265 desicut
886 1200 958 1285 ipse
976 1200 1077 1265 nichil
1097 1201 1207 1267 tenuit
1229 1201 1264 1265 in
1286 1201 1370 1266 uilla
1388 1202 1449 1267 illa
1561 1223 1562 1278 ¹

332 1302 396 1367 nisi
410 1303 451 1368 od
466 1304 572 1369 uitem
587 1326 679 1368 suem
695 1310 730 1368 et
744 1303 875 1368 nomine
889 1302 976 1369 dotis
990 1313 1026 1369 et
1040 1304 1166 1370 desicut
1181 1306 1244 1393 ipsi
1258 1306 1449 1371 habuerunt
1561 1291 1562 1320 ³

333 1406 528 1472 dominium⁴
543 1416 577 1473 et
592 1431 657 1472 non
671 1416 850 1494 potuerunt
865 1408 1020 1487 exaudiri,
1034 1418 1069 1475 et
1089 1432 1187 1496 super
1205 1408 1266 1474 hoc
1289 1408 1450 1496 processit
1561 1443 1562 1494 p

333 1510 507 1577 comitatus
531 1519 565 1575 et
586 1509 787 1575 adiudiceuit
807 1509 1126 1577 admensurecionem
1142 1512 1332 1589 faciendum,
1347 1519 1384 1576 et
1398 1511 1450 1576 ite
1561 1501 1562 1562 l

334 1615 421 1704 quod
433 1618 520 1683 facta
533 1616 597 1681 suit
611 1614 854 1680 admensuracio
874 1623 908 1680 et
928 1615 1150 1682 adiudicatum
1170 1638 1229 1703 per
1251 1615 1448 1681 comitatum

316 1728 408 1807 ¹post
428 1717 724 1785 emensurecionem
745 1716 832 1803 quod
847 1717 1013 1783 Walterus
1035 1727 1069 1783 et
1091 1718 1228 1783 Mabilia
1248 1718 1449 1804 superhone·

334 1820 505 1889 reuemnt'
527 1828 562 1887 et
583 1819 670 1907 quod
692 1821 785 1887 fieret
807 1823 1029 1888 emensurecio
1044 1831 1079 1888 et
1093 1823 1180 1909 quod
1195 1822 1258 1909 ipsi
1272 1820 1451 1888 redderent
1464 1896 1468 1900 ,

335 1927 442 1993 eidem
457 1924 581 2013 Agneti
596 1947 654 2011 pro
668 1924 818 2011 dampnis
832 1926 864 2011 ij.
880 1949 1012 2005 merces,
1027 1935 1062 1992 et
1080 1926 1129 1991 ita
1148 1926 1235 2013 quod
1254 1948 1314 2013 per
1331 1926 1450 1992 iudici·

336 2054 393 2099 um
414 2030 589 2096 comitatus
609 2029 687 2095 facti
703 2030 836 2095 luerunt
850 2030 974 2096 denarii
988 2030 1038 2096 illi
1053 2039 1123 2110 etc,
1133 2030 1184 2097 ‘’et
1198 2030 1285 2117 quod
1300 2032 1369 2096 tole
1384 2032 1450 2097 fuit

336 2135 505 2202 recordum
525 2134 610 2200 sicut
630 2134 693 2220 ipsi
712 2134 828 2199 dicunt
842 2143 877 2199 et
891 2157 956 2200 non
970 2135 1056 2200 sicut
1070 2134 1245 2201 comitatus
1260 2135 1451 2201 recordetur
1561 2159 1562 2184 ¹

336 2240 430 2305 offert
459 2238 671 2304 dismcionere
698 2261 884 2325 perunum
910 2238 1100 2305 audientem
1126 2248 1161 2305 et
1186 2240 1358 2305 uidentem
1382 2241 1450 2307 scil.
1561 2305 1562 2330 p

336 2343 452 2409 talem'
474 2351 533 2409 etc.
557 2343 614 2429 qui
636 2343 696 2409 hoc
718 2343 813 2409 offert
833 2352 893 2409 etc.
938 2344 983 2409 Et
1002 2344 1060 2431 iiij
1080 2344 1202 2410 milites
1222 2344 1340 2410 dicunt
1361 2346 1450 2433 quod
1561 2391 1562 2434 ¹

337 2449 403 2514 tele
419 2448 483 2512 fuit
498 2447 664 2513 recordum
681 2448 766 2513 sicut
780 2448 844 2533 ipsi
858 2448 973 2513 dicunt
987 2458 1022 2513 et
1037 2448 1097 2514 hoc
1111 2449 1254 2514 offerunt
1268 2457 1329 2515 etc.

402 2555 518 2619 Postea
531 2553 684 2618 conuenit
697 2554 784 2619 inter
799 2576 852 2618 eos
867 2553 907 2618 de
922 2575 1078 2618 consensu
1093 2554 1238 2640 parcium
1255 2562 1314 2620 etc

205 2655 298 2722 1131.
401 2657 600 2723 ⁸Willelmus
629 2656 751 2723 Scissor
774 2656 992 2722 summonitus
1020 2657 1085 2721 fuit
1113 2657 1155 2722 ed
1185 2657 1449 2744 respondendum
1561 2728 1562 2753 χ

215 2760 282 2799 ⁰¹⁰²
337 2760 511 2848 Redulpho
536 2761 644 2827 Jowes
672 2761 730 2848 qui
755 2762 852 2848 plene
878 2762 977 2826 etatis
1003 2770 1054 2826 est
1075 2784 1175 2848 quere
1197 2785 1263 2828 non
1285 2763 1396 2830 reddit
1417 2765 1451 2829 ei
1561 2758 1562 2763 ¹

336 2866 466 2931 feodum
490 2866 515 2952 j.
539 2865 653 2930 militis
682 2888 757 2931 cum
786 2875 867 2952 pert.
897 2866 933 2931 in
962 2867 1119 2932 Neutons
1147 2867 1234 2954 quod
1264 2868 1384 2933 hebuit
1413 2869 1449 2934 in
1561 2892 1562 2913 ¹

337 2967 483 3034 custodia
516 2968 557 3033 de
592 2967 774 3034 hereditate
804 2969 943 3055 predicti
972 2970 1139 3056 Redulphi
1168 2970 1209 3036 de
1239 2971 1324 3037 dono
1353 2973 1449 3039 Dom.
1561 3028 1562 3059 ι

336 3073 435 3160 Regis
450 3081 484 3138 et
499 3072 584 3159 quod
599 3072 775 3138 satisfaciet
791 3073 897 3138 eidem
918 3073 1091 3159 Redulpho
1112 3074 1153 3140 de
1174 3084 1269 3140 ussto
1294 3084 1330 3142 et
1350 3077 1451 3143 exilio

337 3178 503 3243 domorum
526 3185 560 3242 et
582 3175 708 3265 gardini
730 3200 794 3263 que
818 3178 895 3243 lecit
917 3177 952 3242 in
974 3177 1119 3263 predicto
1139 3179 1233 3244 feodo
1252 3180 1295 3246 ed
1314 3181 1450 3247 exhere-

337 3283 503 3348 decionem
529 3280 666 3368 predicti
692 3281 859 3367 Radulphi
884 3289 923 3346 ut
948 3282 1070 3349 dicitur
1094 3291 1165 3362 etc,
1188 3291 1223 3349 et
1249 3284 1337 3350 unde
1360 3286 1450 3353 idem
1561 3334 1562 3363 r

336 3386 528 3473 Redulphus
558 3385 705 3473 queritur
733 3385 819 3472 quod
848 3385 960 3452 domos
988 3387 1166 3473 prostrauit
1201 3396 1236 3454 et
1265 3391 1452 3475 asportemt
1561 3470 1562 3481 χ

337 3499 371 3557 et
399 3491 571 3578 gardinum
601 3489 795 3575 exstirpeuit
824 3498 859 3555 ct
887 3491 985 3556 aliem
1014 3492 1093 3558 fecit
1121 3493 1380 3560 destruccionem
1406 3495 1450 3561 ed
1561 3486 1562 3557 l

337 3595 516 3661 uelenciam
532 3594 573 3658 xl.
589 3615 770 3658 morcarum
785 3601 847 3659 etc.
1561 3602 1562 3675 l

403 3699 447 3763 ne
462 3697 646 3763 willermus
661 3697 754 3762 uenit
774 3706 810 3762 et
830 3697 910 3764 sicit
930 3700 1017 3785 quoe
1036 3709 1125 3766 erra
1143 3701 1202 3766 nra
1216 3703 1281 3767 fuit
1295 3703 1452 3769 esetoee

339 3802 432 3867 Dom.
455 3799 555 3887 Regis
576 3823 636 3888 per
657 3800 808 3866 feloniem
830 3825 929 3888 quam
951 3803 975 3868 J
976 3805 1118 3870 ohannes
1140 3805 1181 3869 de
1205 3805 1350 3871 Breeute
1372 3807 1452 3874 fecit
1561 3830 1562 3833 ’

339 3914 373 3972 et
383 3906 476 3971 Dom
489 3904 559 3969 Rex
571 3904 602 3970 ei
617 3905 724 3971 dedit⁹
739 3905 919 3972 custodium
934 3915 1019 3972 terre
1034 3915 1069 3973 et
1084 3907 1294 3996 mmitogium
1309 3909 1452 3996 predicti

372 4061 471 4111 1(ἕοιι.
482 4063 555 4124 quie,
567 4061 597 4111 A.
950 4064 1040 4113 ⁸Neu
1049 4064 1449 4127 pnregrsphinMS.sndinA.

372 4125 470 4177 ¹00rr.
483 4137 666 4179 conseruerunt.
950 4129 1374 4181 ⁷Ablsnkleltlornsmeinl.

372 4191 383 4226 ⁸
397 4192 471 4242 Gerr.
484 4194 549 4254 ipro.
950 4194 962 4228 ⁸
977 4195 1009 4243 Δ.
1021 4210 1056 4244 ιιι.
1069 4196 1094 4246 ὅ.

373 4257 384 4290 ⁴
402 4257 532 4320 Seemingl
558 4257 626 4308 eoin
637 4259 660 4307 Δ
671 4259 736 4309 eleo.
871 4313 875 4321 ,
952 4259 1039 4310 υΒοι.
1051 4260 1092 4310 cl.
1103 4261 1155 4310 vol.
1168 4261 1192 4319 1,
1207 4275 1233 4324 p.
1250 4259 1299 4310 om
1317 4261 1345 4311 b.
1380 4262 1452 4313 John

373 4323 384 4356 ⁵
400 4322 473 4385 They
562 4323 715 4387 eumhnmsd
737 4323 782 4374 the
799 4339 868 4375 eom-
920 4325 947 4376 ol
957 4326 1069 4376 Breeute
1079 4340 1133 4376 was
1143 4325 1333 4376 skinsmnnol
1342 4327 1452 4379 Ferrea

342 4387 595 4505 populinpsqtpffiuch
613 4405 647 4440 cn
663 4388 751 4440 aetion
767 4405 798 4440 cs
814 4390 869 4440 this
919 4390 1044 4506 ppffltook
1054 4394 1114 4454 pert
1125 4392 1154 4441 in
1169 4391 1215 4442 the
1229 4391 1371 4443 insuneon
1362 4393 1407 4444 'on
1424 4395 1454 4444 ol
