3167 5075
391 417 532 480 1111111,
554 415 620 466 111
645 404 738 478 1226,
760 418 824 467 aa
848 406 899 468 10.
1135 406 1198 468 565

99 593 183 679 apud
202 591 388 658 Norwieum
408 592 495 656 inter
514 591 695 657 Robertum
715 591 819 656 filium
836 592 972 657 Aluredi
986 601 1113 679 patrem
1128 614 1199 679 pre·

99 697 349 762 diotiWillelmi
368 696 573 762 11111111111
594 696 662 783 ipse
684 705 733 761 est
756 703 815 762 otc
831 704 999 781 petentem
1021 704 1056 761 11
1078 695 1200 760 Halde-

99 824 174 866 uum
198 801 302 866 filium
327 801 458 866 Suetini
479 810 606 887 patrem
632 801 747 864 Emma
774 800 815 864 de
838 799 965 864 Lodnes
990 801 1083 865 11111
1108 800 1200 864 heres

97 905 164 990 ipsa
183 912 234 990 est
254 914 431 985 tenentem,
451 905 539 970 unde
561 905 786 992 cirographum
810 906 932 970 factum
953 906 1017 970 fuit
1038 905 1201 970 intereos

97 1008 129 1071 in
156 1008 284 1093 prefata
318 1008 415 1085 11111,
446 1009 533 1073 unde
562 993 727 1093 predictus
756 1008 942 1073 Willelmus
969 1009 1091 1094 profert
1120 1007 1199 1073 ciro-

95 1111 253 1197 graphum
279 1109 366 1196 quod
391 1119 534 1175 testatur
557 1109 643 1196 quod
666 1110 707 1174 de
731 1110 796 1174 illis
818 1134 891 1176 xxx.
915 1111 997 1176 acris
1020 1120 1104 1176 terre
1128 1133 1199 1197 pre·

95 1213 199 1276 dictus
218 1211 365 1276 Aldenus
385 1212 573 1298 recognouit
593 1219 627 1276 11
648 1213 805 1277 concessit
823 1213 928 1277 eidem
951 1214 1094 1279 Roberto
1113 1213 1200 1299 xxvj.

95 1340 189 1394 acras,
206 1324 241 1382 11
256 1316 341 1402 petit
356 1317 507 1382 saisinam
523 1340 616 1382 suam
632 1317 673 1382 de
688 1317 753 1382 illis
767 1317 853 1403 xxvj.
869 1319 951 1383 acris
965 1327 1058 1384 terre.

156 1423 201 1487 Et
225 1422 411 1486 Willelmus
430 1422 471 1486 de
495 1422 622 1486 Lodues
641 1422 700 1508 qui
722 1445 755 1486 11
778 1422 857 1487 facit
881 1431 1083 1488 attomatum
1110 1423 1200 1488 Goda

94 1549 148 1612 per
161 1526 220 1610 iiij.
236 1526 358 1612 milites
373 1526 415 1590 ad
435 1547 507 1590 eam
529 1525 641 1590 missos
661 1533 720 1590 etc.
737 1524 830 1589 uenit
850 1533 884 1590 et
906 1527 1069 1612 cognoscit
1090 1526 1198 1604 finem,

94 1639 140 1693 set
165 1630 248 1694 dicit
274 1629 360 1717 quod
385 1637 472 1694 terra
497 1629 554 1694 illa
579 1627 643 1692 fuit
669 1628 832 1694 hereditas
860 1629 963 1714 ipsius
993 1631 1082 1696 Gode
1111 1629 1199 1695 unde

94 1733 263 1798 Haldenus
288 1733 341 1797 uir
369 1755 447 1798 suus
473 1755 537 1797 non
564 1733 674 1818 potuit
699 1733 799 1797 finem
825 1733 928 1800 facere
955 1733 996 1798 de
1021 1743 1108 1800 terra
1131 1757 1199 1812 sua,

94 1846 125 1902 11
139 1838 226 1924 petit
241 1838 318 1902 inde
335 1821 502 1902 iudicium.
549 1835 608 1901 Set
628 1835 706 1922 quia
726 1836 871 1901 nescitur
889 1845 1001 1901 utrum
1016 1838 1200 1904 Willelmus

93 1941 133 2010 sit
156 1948 344 2006 attornatus
365 1961 452 2016 suus,
475 1947 665 2024 preceptum
689 1946 739 2002 est
763 1938 948 2003 uicecomiti
971 1939 1056 2026 quod
1080 1939 1200 2007 habeat

93 2067 221 2130 corpora
235 2044 294 2130 111]Ι
309 2043 453 2108 militum
468 2043 528 2108 tali
543 2043 595 2107 die
611 2051 670 2108 etc.
687 2042 728 2107 ad
743 2042 985 2108 testificandum
1000 2052 1059 2110 etc

40 2163 60 2225 1,
154 2149 367 2234 ¹Preceptum
383 2146 448 2212 fuit
462 2147 646 2212 uicecomiti
661 2147 747 2233 quod
768 2156 853 2212 esset
873 2170 980 2213 coram
998 2149 1092 2213 Dom
1108 2149 1199 2236 Rege
1298 2167 1315 2194 ²

93 2273 163 2316 cum
178 2259 322 2338 quatuor
337 2250 497 2315 militibus
511 2251 553 2315 de
573 2251 731 2315 comitatu
751 2275 810 2317 suo
830 2251 977 2316 discretis
992 2260 1026 2316 et
1040 2252 1199 2337 legalibus

93 2363 124 2420 et
138 2355 234 2420 Dom.
252 2354 337 2440 Regi
352 2354 503 2419 fidelibus
519 2362 640 2419 etcum
662 2363 802 2441 quatuor
822 2356 1079 2421 discrescioribus
1099 2357 1199 2421 serui·

92 2459 222 2524 entibus
242 2458 310 2523 suis
330 2457 371 2522 ad
392 2458 636 2524 certificandum
658 2459 751 2524 Dom.
768 2460 893 2547 Regem
916 2460 1075 2547 quomodo
1096 2460 1200 2525 Theo·

92 2563 205 2628 baldus
229 2563 364 2654 Auteyn
388 2572 423 2627 ct
446 2564 547 2649 Hugo
576 2564 616 2627 de
639 2563 783 2650 Huneby
805 2587 840 2629 se
865 2573 1035 2651 gesserunt
1060 2573 1095 2629 et
1119 2587 1200 2650 quos

92 2668 233 2732 lautores
250 2667 289 2731 de
306 2667 464 2732 comitatu
479 2667 665 2733 habuerunt
680 2668 721 2733 ad
736 2668 805 2745 hoc,
815 2667 903 2733 unde
918 2669 981 2755 ipsi
995 2668 1201 2734 Theobeldus

92 2780 123 2835 et
146 2772 250 2859 Hugo
271 2772 462 2836 summoniti
484 2780 561 2837 sunt
584 2770 626 2837 ed
645 2771 882 2837 ostendendum
903 2794 967 2857 quo
983 2780 1123 2836 waranto
1142 2772 1203 2837 im·

91 2876 290 2961 pediuerunt
319 2876 544 2940 uicecomitem
574 2888 608 2940 et
637 2876 717 2940 11111
746 2876 886 2941 balliuos
915 2877 1008 2941 Dom.
1035 2876 1136 2963 Regis
1161 2877 1202 2941 de

92 2982 251 3045 comitatu
272 2980 437 3044 Lincolnie
459 2988 570 3044 tenere
593 2980 766 3045 comitatus
788 2988 823 3044 et
841 2978 999 3071 theping’¹
1019 2988 1054 3045 et
1074 3004 1202 3067 wapen-

93 3087 174 3151 tacia
197 3086 286 3151 11111
308 3084 414 3149 teneri
436 3084 557 3149 debent
584 3092 618 3149 et
643 3084 756 3161 solent,
781 3092 815 3149 et
845 3106 945 3170 quare
974 3107 1039 3148 non
1068 3085 1203 3171 permit·

93 3199 166 3255 tunt
181 3200 310 3256 rectum
325 3190 431 3255 teneri
445 3189 486 3254 de
501 3188 628 3253 iniuriis
643 3188 690 3253 eis
705 3188 805 3253 illatis
820 3197 879 3253 etc.
925 3189 969 3252 Et
983 3189 1006 3253 J
1007 3188 1146 3254 ordanus
1160 3189 1201 3254 de

93 3294 214 3381 Esseby
230 3301 266 3359 et
280 3293 362 3358 tales
384 3302 444 3359 etc.
461 3302 600 3379 quatuor
620 3292 741 3357 milites
760 3291 802 3357 de
822 3293 980 3358 comitatu
1001 3293 1151 3371 ueniunt,
1167 3302 1202 3360 et

94 3396 272 3461 uicecomes
287 3395 388 3473 uenit,
404 3404 439 3460 11
456 3395 569 3459 dicunt
590 3396 675 3481 quod
696 3395 916 3460 interfuerunt
935 3396 1105 3461 comitatui
1124 3396 1201 3460 Lin-

93 3502 193 3567 colnie
215 3500 276 3566 ubi
294 3499 473 3564 uicecomes
493 3499 602 3563 tenuit
621 3499 742 3584 placita
756 3522 776 3564 1
791 3522 917 3564 summo
932 3522 1028 3565 mane
1042 3523 1145 3587 usque
1160 3501 1202 3565 ad

94 3626 253 3691 uesperas,
270 3611 306 3668 11
328 3602 431 3667 multe
454 3610 678 3667 remanserunt
700 3601 746 3666 ibi
769 3602 895 3688 loquele
916 3625 980 3689 que
1001 3626 1067 3668 non
1088 3612 1203 3689 potue-

94 3720 169 3773 runt
187 3730 227 3773 eo
243 3708 296 3773 die
311 3705 480 3771 terminari
499 3728 558 3793 pro
579 3705 708 3770 defectu
730 3706 806 3784 diei,
821 3715 856 3771 et
876 3730 951 3771 cum
971 3720 1204 3793 conquerentes

91 3820 126 3895 et
141 3812 205 3899 ipsi
219 3812 262 3876 de
278 3812 396 3897 quibus
412 3810 692 3896 conquerebantur
711 3809 965 3897 interrogassent
978 3833 1000 3875 a
1013 3810 1203 3876 uicecomite

95 3916 171 4000 quid
186 3917 331 3981 facerent
351 3913 392 3980 de
413 3913 552 4001 querelis
571 3913 645 3991 suis,
662 3913 840 3979 uicecomes
862 3915 1028 4000 respondit
1049 3915 1096 3979 eis
1117 3914 1204 4000 quod

95 4017 128 4081 in
143 4020 285 4084 crastino
299 4040 426 4083 summo
441 4038 535 4081 manc
551 4016 703 4081 uenirent
723 4024 759 4080 et
777 4015 826 4081 eis
844 4016 1008 4082 iusticiam
1028 4017 1203 4095 exhiberet,

97 4132 129 4187 11
144 4123 231 4187 dixit
245 4122 396 4187 omnibus
416 4120 607 4197 senescallis‚
623 4120 783 4185 militibus
799 4128 833 4185 et
850 4121 922 4186 aliis
937 4122 978 4186 de
992 4122 1150 4188 comitatu
1164 4133 1204 4188 11

97 4250 223 4292 summo
238 4248 332 4292 mane
348 4225 560 4291 conuenirent
575 4234 609 4289 et
624 4225 771 4311 querelas
785 4225 937 4291 audirent
948 4234 983 4291 et
993 4227 1070 4292 inde
1083 4227 1205 4293 iudicia

129 4372 137 4403 ¹
153 4372 185 4420 B.
198 4386 235 4420 m.
247 4373 286 4423 19.
673 4376 747 4421 court
759 4370 787 4419 11
797 4370 843 4419 the
855 4370 963 4433 trithing
975 4387 1004 4421 or
1015 4372 1108 4435 riding,
1118 4378 1165 4425 not
1176 4374 1205 4425 11

128 4437 284 4499 ’tractatu
316 4438 346 4485 B.
398 4436 544 4500 Seemingly
577 4436 622 4487 the
675 4436 719 4487 the
731 4435 845 4499 tything.
