3167 5075
350 377 413 443 286
556 388 673 443 cornu
696 388 795 452 cnon,
816 387 881 441 nn.
907 378 1087 453 1239-40,
1108 391 1171 441 nn
1196 378 1247 441 24.

347 562 388 627 de
410 562 520 648 aliquo
541 584 713 629 commune
734 564 813 651 quie
833 565 958 629 nullam
986 566 1104 630 hebuit
1132 564 1179 630 ibi
1209 587 1268 631 nec
1298 588 1433 652 umquam

347 667 412 732 fnit
433 667 468 733 in
489 668 609 735 seisino
629 669 669 736 de
692 668 806 735 endem
829 691 1001 735 commune
1022 678 1153 755 pestnre
1173 679 1208 734 et
1222 669 1298 734 inde
1311 670 1434 756 ponitse

346 794 444 861 super
459 772 608 839 iuratam.

411 877 580 945 Juretores
608 876 723 943 dicunt
753 878 840 964 quod
868 878 1035 966 predictus
1070 880 1217 967 Rogems
1252 878 1365 944 hahuit
1395 877 1432 942 rti

344 1003 550 1047 communem
581 988 615 1047 et
644 990 772 1069 semper
800 984 848 1050 ibi
876 985 1129 1069 communicauit
1158 994 1210 1050 set
1238 986 1382 1052 nesciunt
1410 984 1433 1048 si

344 1094 478 1171 pastura
507 1085 565 1150 illo
592 1086 757 1172 pertineat
785 1087 827 1152 ad
856 1087 995 1152 liberum
1025 1096 1250 1153 tenementum
1286 1110 1375 1153 snum
1404 1086 1432 1151 in

344 1189 519 1255 Abefeldio
532 1197 583 1257 set
597 1190 680 1255 bene
696 1190 804 1255 sciunt
819 1191 906 1277 quod
921 1191 1067 1256 homines
1082 1192 1183 1278 ipsius
1198 1191 1318 1280 Rogeri
1331 1190 1433 1276 etipse

345 1290 492 1379 Rogems
506 1291 657 1357 similiter
671 1290 711 1357 de
728 1292 920 1358 Eustowode
936 1294 1175 1359 communicent
1189 1295 1225 1357 in
1244 1294 1337 1359 bosco
1357 1303 1388 1357 et
1404 1291 1436 1355 in

345 1402 433 1461 terre
455 1396 557 1483 ipsius
581 1396 731 1462 Ruweldi
755 1397 882 1483 etipse
906 1397 1078 1462 Rowaldus
1102 1405 1137 1462 et
1163 1396 1310 1462 homines
1333 1396 1380 1462 sni
1400 1395 1437 1459 de

344 1498 518 1565 Ahefeldin
538 1500 779 1564 communicant
801 1522 874 1564 cum
897 1500 967 1586 ipso
989 1500 1115 1587 Rogero
1137 1508 1172 1564 et
1186 1499 1367 1565 hominibus
1379 1499 1438 1564 suis

344 1600 380 1665 in
401 1611 488 1667 terra-
510 1600 611 1689 ipsius
633 1602 754 1691 Rogeri
776 1610 827 1667 set
848 1623 913 1667 non
934 1609 1012 1668 sunt
1034 1603 1074 1667 de
1096 1600 1208 1667 eodem
1231 1602 1323 1667 feodo
1336 1624 1391 1667 nec
1403 1601 1438 1665 de

345 1699 500 1769 baronia¹.
546 1704 589 1768 Et
610 1704 687 1790 quia
706 1704 752 1769 sio
774 1704 839 1769 fuit
860 1705 895 1769 in
916 1704 1035 1769 seisine
1049 1704 1285 1770 consideratum
1301 1702 1438 1791 estquod

345 1810 493 1896 Rogerus
513 1809 720 1897 recuperauit
742 1808 894 1899 seisinem
916 1832 1009 1874 suem
1032 1819 1066 1875 et
1088 1808 1264 1875 Ruwsldus
1279 1811 1315 1875 in
1328 1808 1438 1875 miseri-

345 1913 477 1979 cordio'.

214 2023 308 2092 1277.
412 2016 574 2083 Hemicus
600 2016 640 2082 de
667 2016 760 2083 More
788 2018 1005 2083 summonitus
1034 2018 1099 2084 fuit
1127 2018 1169 2084 od
1194 2018 1439 2105 respondendum

218 2122 300 2163 ΨΜ
346 2122 489 2189 Johmni
499 2122 538 2187 de
549 2121 736 2188 Dibenhem
745 2144 846 2207 quare
856 2121 1022 2209 distringit
1032 2124 1139 2209 ipsum
1148 2121 1332 2187 Johannem
1343 2122 1440 2188 sdfac'

347 2223 378 2290 ei
392 2223 641 2289 consuetudines
657 2232 691 2289 et
706 2224 844 2288 seruicia
858 2246 921 2311 que
936 2224 967 2289 ei
982 2246 1047 2289 non
1061 2225 1311 2311 recognoscunt⁸
1327 2225 1440 2291 desicul

347 2326 434 2394 idem
448 2328 471 2394 J
472 2328 615 2393 ohannes
629 2326 730 2393 nichil
745 2329 866 2393 clamat
881 2336 992 2393 tenere
1006 2328 1047 2393 de
1062 2327 1132 2413 ipso
1147 2336 1182 2393 et
1195 2328 1238 2393 ed
1258 2328 1439 2416 responden·

347 2429 425 2495 dum
439 2452 538 2517 quere
553 2430 690 2494 iterum⁴
704 2429 792 2515 cepit
812 2430 925 2495 suerio
943 2429 1088 2495 eiusdem
1109 2430 1269 2496 Johannis
1288 2430 1438 2497 occasione

346 2534 492 2622 predicto
505 2542 677 2620 postquem
692 2532 723 2598 ei
738 2532 919 2622 replegieto
934 2533 1066 2599 fuerumt
1080 2556 1139 2620 per
1152 2543 1344 2622 preceptum
1358 2533 1438 2600 Dom

348 2639 447 2725 Regis
481 2648 516 2704 et
551 2647 722 2726 postquem
752 2639 912 2725 loquelam
942 2638 1032 2704 illem
1061 2661 1168 2704 coram
1195 2638 1381 2705 iusticinriis
1406 2637 1441 2704 nd

347 2739 483 2830 primam
499 2741 631 2806 assisam
646 2764 720 2806 cum
734 2741 770 2806 in
784 2741 858 2806 illas
871 2750 980 2828 portes
994 2741 1146 2806 uenerint
1164 2743 1238 2827 pon'
1261 2742 1394 2829 precep’,
1411 2750 1440 2806 et

346 2845 432 2911 unde
447 2845 527 2911 dicit
543 2846 629 2932 quod
643 2845 764 2910 iniuste
779 2869 855 2911 eum
871 2844 1036 2932 distringit
1051 2867 1108 2931 pro
1120 2845 1216 2910 sectis
1227 2854 1263 2911 et
1274 2844 1439 2934 pannagiis

412 2949 456 3014 Et
492 2950 654 3015 Henricus
680 2951 774 3016 uenit
803 2959 839 3016 et
867 2950 948 3016 dicit
978 2949 1064 3036 quod
1093 2949 1257 3036 predictus
1285 2951 1441 3016 Johsnnes

346 3051 466 3122 iniuste
481 3053 663 3140 dicitquod
678 3077 743 3119 non
758 3063 851 3120 tenet
865 3053 906 3119 de
921 3076 959 3118 eo
974 3063 1009 3118 et
1027 3052 1114 3141 quod
1132 3054 1260 3118 nullum
1278 3055 1439 3120 seruicium

347 3158 377 3222 ei
399 3157 506 3236 debet,
528 3158 606 3244 quie
627 3181 741 3224 reuera
762 3157 947 3223 Willelmns
969 3157 1180 3244 Lungespeye
1202 3159 1289 3224 filius
1310 3169 1344 3225 et
1358 3161 1441 3224 heres

348 3263 406 3327 Ele
429 3262 591 3349 quondum
613 3263 785 3329 Comitisse
809 3263 979 3330 Snrisbirie
1000 3262 1092 3327 dedit
1113 3263 1144 3328 ei
1165 3264 1320 3350 quicquid
1335 3263 1441 3330 habuit

348 3367 402 3432 uel
429 3366 549 3432 hebere
568 3365 574 3454 Ι
593 3367 702 3454 potuit
731 3367 767 3432 in
796 3367 876 3433 uilla
904 3365 945 3432 de
975 3366 1164 3454 Sheprigge,
1193 3367 1375 3433 Didenhom
1408 3376 1439 3432 el

347 3469 516 3557 Ferleghe,
546 3470 701 3536 Hentono
730 3479 769 3536 ut
797 3471 833 3535 in
863 3471 965 3548 terris,
996 3470 1163 3558 homagiis,
1192 3470 1382 3547 hominibus
1409 3480 1440 3535 et

348 3596 459 3640 eorum
493 3575 640 3662 sequelis‚
675 3574 865 3653 redditibus,
901 3574 1055 3652 eeruiciis,
1091 3574 1305 3649 libertatibus,
1340 3575 1441 3642 liberis

348 3677 643 3757 consuetudinibus,
666 3687 700 3743 et
730 3679 880 3743 omnibus
908 3677 980 3742 aliis
1009 3677 1217 3763 pertinenciis
1245 3679 1313 3743 suis
1341 3687 1442 3765 preter

235 3853 238 3860 ,
347 3805 478 3848 nemore
489 3781 599 3847 suade
614 3780 799 3869 Seperigge,
811 3781 997 3848 Didenham
1009 3790 1043 3846 et
1055 3781 1236 3868 Pemleghe
1251 3790 1286 3846 et
1301 3783 1441 3869 Hesrugc
1526 3806 1527 3869 p

227 3869 231 3878 ’
347 3895 382 3952 et
403 3895 511 3973 preter
532 3886 705 3951 seruicinm
728 3894 762 3951 et
784 3885 948 3951 redditum
971 3886 1094 3951 Thome
1116 3885 1236 3951 Blundr'
1258 3895 1294 3952 et
1313 3887 1442 3953 eliorum

348 4001 406 4057 etc.
424 3999 458 4056 et
472 3992 578 4068 infre³‚
594 4001 628 4056 et
642 3991 691 4056 its
705 3991 791 4078 quod
806 3991 952 4056 homines
966 4000 1002 4058 et
1023 4000 1172 4056 tenentes
1192 3990 1296 4078 ipsius
1316 3991 1442 4057 Henrici
1526 4018 1527 4039 ÷

348 4095 432 4161 siout
447 4103 684 4161 consueuerunt
698 4095 841 4161 habeant
856 4119 966 4182 porcos
980 4119 1054 4160 suos
1073 4095 1227 4161 nutricios
1246 4095 1282 4162 in
1300 4095 1443 4162 domibus
1526 4108 1527 4151 ὲ

381 4297 456 4350 ¹See
466 4299 509 4349 Br.
523 4299 540 4349 l.
553 4299 609 4350 230.
956 4299 1129 4353 ⁴Br.1.159.

380 4365 472 4481 :gllps
483 4365 506 4415 is
517 4365 584 4416 Fitz.
596 4367 688 4424 Assios,
700 4367 757 4418 439.
925 4365 1116 4481 ίθὲωθέιιιιὶειιὶοιι
1144 4365 1172 4416 ol
1199 4379 1290 4416 nomes
1316 4367 1344 4416 ol
1373 4367 1443 4417 olba
