3167 5075
379 358 450 422 520
608 371 928 435 mesenensem.
953 360 1046 435 1225,
1069 372 1131 424 an
1155 362 1270 425 9-10.

382 554 530 612 armatus
543 569 578 611 se
592 546 714 632 optulit
729 553 763 610 et
777 547 801 611 J
802 545 945 611 ohannes
963 553 1148 611 attumatue
1163 545 1301 612 Abbatis
1315 547 1454 612 essoniam

380 674 420 716 se
435 651 476 716 de
490 651 575 716 malo
590 649 743 716 ueniendi
763 672 821 735 per
839 651 938 714 telem
960 657 1029 728 etc,
1045 657 1081 714 ct
1095 650 1192 715 datus
1207 651 1271 715 fuit
1291 651 1335 716 eis
1353 651 1410 716 dies
1425 651 1455 714 ad

384 755 568 840 proximum
589 754 780 819 comitatum
796 762 857 819 etc.
900 753 955 818 Ad
970 775 1068 840 quem
1082 753 1170 820 diem
1185 755 1279 820 uenit
1292 757 1391 842 Agnes
1401 779 1455 820 cun

384 859 552 945 campione
567 881 625 924 suo
644 867 779 935 armato,
795 867 830 922 et
849 857 873 922 J
874 858 1017 923 ohannes
1038 865 1223 924 attornatus
1238 859 1370 924 Abbatis
1388 859 1457 924 uenit

383 971 420 1027 et
439 962 560 1048 optulit
579 984 614 1026 se
629 969 664 1026 ct
679 961 797 1026 Petr'us
811 962 937 1048 campio
952 962 1093 1027 Abbatis
1107 963 1284 1028 essoniauit
1299 985 1330 1029 se
1346 963 1382 1028 de
1395 963 1459 1027 nalo

379 1066 538 1132 ueniendi
552 1088 611 1152 per
624 1066 725 1130 talem
740 1073 810 1141 etc,
824 1073 859 1129 et
873 1066 985 1151 Agnes
1006 1064 1157 1150 opposuit
1177 1065 1241 1131 sibi
1258 1075 1294 1131 et
1307 1066 1384 1131 dixit
1395 1065 1459 1152 quod

379 1171 546 1236 essonium
560 1169 643 1234 illud
656 1192 721 1233 non
735 1168 837 1233 iacuit
851 1191 911 1234 nec
925 1168 1041 1234 debuit
1060 1169 1199 1247 allocari,
1213 1171 1292 1256 quia
1305 1170 1371 1256 ipsa
1381 1169 1459 1234 nichil

380 1275 503 1340 clamat
523 1296 637 1338 uersus
658 1273 799 1338 eundem
820 1273 962 1340 Petrum.
1007 1273 1105 1338 Unde
1125 1272 1251 1339 dictum
1268 1275 1329 1340 fuit
1343 1275 1459 1360 partibus

382 1375 471 1463 quod
482 1377 687 1442 retraherent
697 1399 732 1440 se
741 1398 909 1462 quousque
923 1376 1098 1441 comitatus
1113 1377 1242 1463 plenius
1256 1379 1460 1444 conueniatur.

384 1482 502 1546 Postea
522 1481 679 1545 comitatu
701 1487 904 1566 congregato,
919 1481 1014 1544 uenit
1034 1481 1145 1568 Agnes
1165 1489 1200 1545 et
1220 1481 1340 1566 optulit
1357 1505 1387 1546 se
1405 1503 1460 1545 cun

385 1584 552 1671 campione
573 1606 640 1662 suo,
659 1593 695 1649 et
714 1592 900 1649 attornatus
921 1584 1061 1650 Abbatis
1083 1585 1230 1672 quesitus
1252 1595 1287 1650 et
1308 1586 1406 1672 sepius
1419 1607 1461 1648 uo

382 1689 477 1754 catus
495 1712 560 1753 non
581 1689 682 1766 uenit,
702 1698 737 1753 et
757 1688 882 1754 dictum
905 1689 969 1752 fuit
992 1688 1116 1776 Agneti
1140 1689 1228 1774 quod
1251 1689 1354 1754 adhuc
1374 1711 1461 1774 expec-

378 1800 479 1870 taret,
503 1801 537 1857 et
558 1792 629 1878 ipsa
651 1792 839 1878 expectauit
859 1813 962 1878 usque
983 1792 1049 1856 fere
1073 1791 1116 1856 ad
1139 1793 1237 1856 finem
1261 1793 1420 1858 comitatus
1436 1801 1461 1855 et

383 1896 471 1960 ultra
492 1896 602 1960 horam
624 1918 752 1972 nonam,
766 1904 802 1959 et
822 1904 901 1960 tunc
921 1894 1022 1958 tercio
1042 1915 1076 1959 se
1097 1895 1229 1980 optulit,
1245 1904 1281 1960 ct
1294 1897 1388 1982 peciit
1399 1895 1461 1960 iudi·

380 1998 470 2083 cium
494 1997 535 2064 de
558 1997 681 2063 defalta
700 1997 827 2063 desicut
849 1997 936 2062 idem
959 1999 982 2064 J
983 1998 1125 2062 ohannes
1145 1998 1236 2082 prius
1256 1999 1422 2086 comparuit
1436 2009 1462 2064 et

382 2103 504 2189 optulit
525 2102 732 2167 warentizare
755 2101 918 2166 essonium
945 2124 1041 2167 suum
1064 2110 1099 2166 et
1123 2102 1192 2168 sine
1217 2102 1271 2168 die
1294 2104 1420 2178 recessit
1436 2111 1462 2166 et

380 2208 548 2275 'iohannes
563 2208 671 2286 semel,
685 2207 835 2285 secundo,
851 2208 951 2273 tercio
971 2217 1006 2274 et
1025 2209 1134 2295 sepius
1152 2218 1290 2275 uocatus
1311 2233 1373 2276 non
1391 2210 1462 2275 uenit

381 2335 441 2378 nec
456 2313 573 2399 aliquis
587 2335 645 2399 pro
660 2335 706 2390 eo,
721 2319 756 2377 et
770 2313 817 2376 sic
831 2335 890 2398 per
903 2312 1058 2378 defaltum
1074 2313 1176 2399 ipsius
1190 2315 1213 2380 J
1213 2315 1350 2381 ohannis
1362 2313 1462 2381 adiud-

381 2427 455 2483 cata
475 2419 540 2483 fnit
562 2418 680 2483 seisinc
700 2417 845 2504 predicte
866 2417 1020 2505 Agnetis¹
1034 2418 1075 2484 de
1095 2419 1153 2484 illa
1171 2419 1301 2506 uirgata
1315 2430 1393 2486 terre
1405 2439 1461 2483 cun

381 2522 589 2609 pertinenciis
604 2519 683 2587 etc¹

446 2628 491 2693 Et
505 2626 617 2692 Abbas
634 2634 669 2691 et
688 2624 856 2691 Johannes
876 2625 933 2711 qui
955 2632 1035 2692 tunc
1057 2626 1122 2691 fuit
1143 2636 1328 2693 ottomatus
1347 2626 1463 2693 Abbatis

380 2732 523 2797 ueniunt
548 2742 583 2796 et
612 2729 727 2795 dicunt
756 2729 844 2815 quod
872 2730 909 2793 in
933 2738 1026 2815 parte
1049 2730 1133 2795 bene
1158 2732 1366 2797 recondantur
1388 2730 1461 2796 etin

380 2842 474 2920 parte
495 2834 588 2913 mele,
603 2833 680 2919 quia
698 2830 863 2918 usquead
884 2832 1041 2897 ultimum
1064 2832 1255 2898 comitatum
1280 2835 1315 2899 in
1338 2832 1464 2899 omnibus

380 2939 463 3003 bene
477 2937 693 3014 recordantur,
707 2944 758 3001 set
777 2935 819 2999 ad
839 2934 927 3000 diem
951 2935 1045 3001 illum
1068 2958 1183 3002 reuera
1206 2938 1301 3005 uenit
1323 2939 1465 3005 lohannes

379 3050 563 3108 attornatus
584 3040 725 3107 Abbatis
746 3049 781 3104 et
804 3038 927 3124 optulit
950 3062 984 3105 so
1014 3052 1048 3105 et
1072 3041 1188 3106 Petrus
1210 3042 1338 3129 campio
1357 3064 1426 3108 suus
1439 3062 1464 3103 se

379 3145 563 3222 cesoniauit,
584 3152 618 3209 et
639 3143 676 3209 in
699 3142 868 3229 presencia
892 3142 1053 3208 Johannis
1076 3165 1134 3230 pro
1158 3144 1290 3210 defectu
1313 3142 1465 3231 campionis

378 3250 457 3337 quie
483 3246 659 3314 cesoniauit
686 3268 722 3310 ee
748 3243 798 3309 et⁸
827 3244 1010 3310 iudicatum
1041 3246 1105 3311 fuit
1134 3246 1170 3311 in
1198 3246 1298 3333 pleno
1331 3248 1464 3314 comitatu

379 3354 466 3440 quod
494 3352 535 3418 de
561 3350 703 3437 campio⁴
726 3350 854 3414 nullum
886 3348 989 3414 iacuit
1018 3350 1193 3428 essonium,
1216 3360 1251 3416 et
1282 3375 1341 3438 pro
1368 3350 1466 3417 defalta

379 3458 436 3524 illa
460 3460 582 3523 factum
605 3454 669 3520 luit
691 3453 850 3519 iudicium
872 3474 931 3539 per
952 3452 1037 3540 quod
1064 3454 1176 3520 Abbas
1200 3456 1313 3522 amisit
1339 3456 1465 3523 seisinam

379 3571 414 3628 et
428 3585 493 3628 non
507 3584 565 3648 per
579 3559 734 3626 defaltem
749 3558 773 3623 J
773 3558 918 3635 ohannis,
933 3558 1011 3644 quia
1024 3557 1047 3623 J
1048 3559 1191 3625 ohannes
1211 3582 1340 3647 semper
1358 3578 1466 3647 presens

379 3667 451 3745 fnit,
474 3674 509 3732 et
534 3664 621 3751 quod
645 3685 704 3749 per
728 3663 796 3727 tale
820 3662 988 3727 recordum
1012 3663 1160 3727 fecerunt
1182 3662 1340 3730 iudicium
1362 3672 1394 3729 et
1414 3684 1464 3727 non

378 3794 437 3857 pro
457 3770 580 3835 defalta
600 3767 762 3833 Johannis
782 3766 877 3831 offert
897 3765 1110 3831 disracionare
1132 3788 1191 3852 per
1212 3790 1328 3855 corpus
1349 3778 1403 3834 etc
1422 3764 1465 3852 qui

378 3874 528 3940 interfuit
548 3872 591 3938 ad
610 3871 802 3937 comitatum
828 3878 887 3937 etc.
913 3871 968 3935 uel
989 3870 1163 3935 defendere
1186 3872 1273 3958 quod
1295 3896 1354 3961 per
1371 3867 1466 3938 alinn⁸

378 3978 544 4043 recordum
574 3998 639 4040 non
665 3974 728 4040 fuit
752 3974 914 4039 iudicium
943 3975 1065 4040 factum
1087 3974 1173 4040 sicut
1195 3976 1287 4043 curia
1307 3976 1464 4044 considere-

379 4076 465 4141 uerit
486 4084 546 4141 etc.
566 4073 571 4162 Ι

411 4266 419 4297 ¹
437 4264 509 4313 (tort.
521 4265 621 4325 Αρπιεὶ,
631 4262 668 4320 Β;
686 4262 758 4323 Aprr'⁹
770 4262 800 4314 A.
988 4262 999 4295 ⁴
1017 4262 1086 4311 corr.
1099 4264 1234 4327 campione,
1247 4262 1278 4321 A.
1291 4264 1323 4316 B.

411 4333 422 4428 ζ
439 4329 538 4454 §md
547 4328 681 4442 {xpptuptty
692 4326 763 4378 ends.
988 4326 998 4358 ⁵
1017 4328 1088 4378 Corr.
1103 4330 1184 4389 atiud,
1198 4330 1228 4389 A,
1243 4328 1274 4379 B.
