3167 5075
349 370 411 431 214
566 380 685 431 66616
705 379 891 443 66611611.
914 366 1074 444 1236-7,
1095 382 1161 433 aa
1183 368 1236 431 21.

347 556 492 643 predicto
515 550 694 619 1111161616ι
715 552 784 639 ipse
807 551 867 617 hoe
889 553 1062 619 emendare
1084 554 1200 631 noluit,
1220 574 1282 618 nec
1312 575 1458 639 unquam

348 660 469 747 optulit
484 658 531 724 ei’
545 658 587 723 sd
601 657 782 723 uale'noiam
798 657 832 722 in
847 658 988 723 denariis
1001 681 1062 724 nec
1075 659 1140 724 6116
1155 657 1260 723 modo.

413 763 581 827 Juratores
604 759 719 824 (116661
742 760 829 845 quod
851 782 968 825 renem
992 761 1035 826 ad
1064 761 1259 826 instanciam
1287 760 1459 826 cuiusdam

348 865 487 931 hominis
503 863 673 930 decadem
689 863 768 928 uilla
782 863 835 929 oui
849 864 937 929 idem
952 864 1137 929 Willelmus
1150 864 1267 930 debuit
1281 864 1458 950 quemdam

347 969 511 1035 redditum
532 970 573 1035 de
593 969 706 1034 eodem
726 976 821 1055 prato
840 968 945 1055 primo
966 969 1044 1035 16611
1062 970 1198 1034 arestari
1216 970 1332 1033 fenum
1352 968 1459 1047 illud¹,

348 1083 382 1139 61
402 1073 480 1160 6616
499 1072 639 1137 timebat
653 1071 740 1158 quod
755 1071 844 1136 idem
859 1072 1060 1139 Willelmus‘
1073 1073 1181 1138 uoluit
1196 1073 1281 1137 illud
1293 1082 1461 1159 asportare

347 1200 405 1264 per
434 1176 503 1241 uim
532 1175 696 1262 deportari
725 1176 803 1240 fecit
832 1174 916 1239 illud
944 1175 981 1240 in
1009 1175 1133 1241 6611616
1162 1175 1287 1242 domini
1319 1176 1381 1254 sui,
1408 1187 1461 1243 set

348 1281 497 1346 nesciunt
516 1280 545 1345 si
564 1279 652 1345 111616
673 1279 860 1343 Willelmus
878 1278 920 1344 de
940 1280 1085 1344 Bartoua
1103 1302 1272 1366 nunquam
1290 1280 1462 1346 6666116161

347 1384 516 1471 adipsum
536 1384 738 1449 Willelmum
758 1382 801 1447 de
821 1383 887 1447 Ros
906 1391 945 1447 61
965 1382 1026 1448 hoo
1046 1383 1077 1448 ei
1095 1382 1294 1461 emendaret,
1309 1392 1363 1449 set
1375 1384 1460 1449 bene

347 1490 456 1554 sciunt
477 1488 563 1575 quod
585 1488 674 1553 idem
695 1486 881 1553 Willelmus
903 1486 944 1551 de
966 1486 1032 1551 Ros
1054 1488 1176 1573 optulit
1197 1487 1231 1552 61
1249 1488 1406 1553 emendas
1425 1496 1462 1552 et

347 1593 417 1679 ipse
436 1614 490 1659 eas
512 1590 683 1657 recusauit.
728 1590 772 1656 Et
794 1589 869 1655 ideo
889 1590 1129 1656 consideratum
1151 1591 1312 1676 estquod
1333 1590 1461 1655 willel-

348 1720 421 1762 mus
442 1697 483 1762 de
498 1696 563 1761 Ros
585 1695 661 1763 inde
683 1695 726 1759 611
749 1694 895 1781 quietus⁵
916 1703 952 1759 et
967 1694 1151 1760 Willelmus
1173 1695 1215 1759 (16
1229 1694 1406 1760 Bideshale
1423 1694 1459 1759 in

348 1801 566 1867 misericordia
587 1808 622 1865 61
644 1799 829 1864 Willelmus
850 1800 891 1863 de
917 1800 1061 1863 Bartona
1089 1799 1125 1863 in
1152 1799 1374 1864 misericordia
1401 1820 1462 1884 pro

348 1906 428 1972 16166
442 1905 584 1971 61616616
600 1904 675 1967 etc.⁸
694 1902 699 1989 Ι

412 2008 524 2073 1166166
536 2006 630 2073 66611
644 2006 850 2093 recognitura
864 2006 893 2071 si
908 2006 1007 2093 Elyas
1020 2005 1061 2070 de
1077 2006 1244 2093 Begeleby
1257 2006 1381 2072 iniuste
1398 2018 1462 2072 616

348 2112 524 2178 (11666161611
554 2110 712 2176 Thomam
740 2131 911 2196 personam
939 2110 1073 2174 ecclesie
1102 2111 1144 2175 de
1173 2110 1394 2198 Speingtorpe
1419 2112 1462 2178 de
1558 2138 1559 2191 3

347 2218 448 2283 libero
467 2222 657 2280 tenemento
676 2236 735 2279 suo
754 2214 789 2278 in
810 2213 1013 2301 Belhegeby⁷
1033 2222 1108 2301 post
1127 2223 1188 2281 etc.
1206 2216 1295 2281 unde
1310 2216 1463 2302 queritur
1558 2198 1559 2245 ³

346 2320 434 2406 quod
448 2317 626 2384 disseisiuit
641 2338 717 2382 eum
732 2316 773 2382 de
788 2315 833 2402 iij.
849 2324 1008 2382 conterre
1023 2326 1058 2382 61
1072 2316 1148 2383 dim
1163 2340 1224 2384 acr.
1240 2320 1380 2405 pretist
1395 2343 1462 2387 666
1558 2392 1559 2405 ³

347 2424 497 2509 mesagio.

351 2555 353 2560 ’
412 2528 457 2592 Ε1
476 2549 574 2613 super
593 2526 653 2591 hoo
672 2524 766 2591 uenit
785 2524 951 2611 predictus
972 2525 1061 2592 Elias
1081 2534 1117 2592 61
1137 2525 1219 2593 (11611
1240 2526 1330 2614 quod
1351 2528 1463 2594 (116166

347 2633 488 2706 Thomas
507 2631 688 2717 implacitat
708 2653 783 2696 6616
803 2631 839 2695 16
858 2631 949 2697 ouria
967 2631 1192 2697 cristianitatis
1211 2632 1254 2698 (16
1268 2634 1352 2699 laico
1365 2634 1464 2700 feodo

347 2750 407 2806 etc
452 2731 497 2803 Et
521 2737 662 2802 Thomas
684 2735 765 2801 (11611
791 2735 879 2823 66611
901 2758 965 2801 666
991 2737 1174 2823 implacitat
1203 2760 1282 2804 eum
1311 2747 1347 2804 61
1373 2739 1463 2806 bene
1558 2735 1559 2806 1

347 2842 493 2910 defendit
513 2840 600 2926 quod
619 2841 660 2905 de
680 2839 769 2905 66116
789 2838 883 2904 feodo
901 2839 1085 2925 implacitat
1104 2862 1180 2904 eum
1199 2850 1253 2906 set
1266 2842 1308 2906 de
1323 2843 1463 2908 decimis
1558 2905 1559 2912 ,

347 2956 381 3013 61
396 2945 523 3012 iniuriis
537 2952 572 3009 et
586 2943 715 3008 inuenit
732 2943 857 3030 plegios
870 2943 958 3028 quod
972 2943 1014 3008 (16
1028 2942 1109 3008 laico
1123 2943 1217 3008 feodo
1229 2967 1297 3009 non
1311 2946 1462 3032 implaci-
1558 2985 1559 3034 6

347 3051 433 3116 tabit
447 3072 524 3115 eum
538 3048 573 3113 in
587 3047 678 3113 curia
692 3047 924 3114 cristianitatis
1558 3095 1559 3136 ÷

412 3153 457 3218 Et
479 3151 567 3216 Elias
589 3150 680 3216 uenit
703 3158 737 3216 et
760 3149 841 3214 dicit
860 3149 946 3236 quod
965 3149 1067 3215 assisa
1084 3171 1150 3214 non
1169 3149 1270 3217 debet
1288 3152 1365 3218 inde
1385 3155 1464 3220 fieri
1558 3151 1559 3234 ζ

347 3257 425 3344 qua
438 3254 578 3342 quedam
593 3252 783 3339 composicio
798 3253 885 3318 aaa
898 3253 963 3317 611
978 3253 1066 3318 inter
1079 3253 1187 3340 ipsum
1202 3257 1466 3324 61161666

347 3383 427 3426 6616
456 3358 618 3426 Bathonie
648 3357 811 3444 quondam
840 3379 1010 3442 personam
1038 3358 1184 3424 eiusdem
1209 3361 1344 3427 ecclesie
1367 3365 1463 3449 quod

345 3465 433 3532 idem
456 3462 553 3548 Elyas
574 3458 731 3527 concessit
753 3458 783 3524 61
805 3458 985 3544 predictam
1006 3466 1127 3525 terram
1146 3470 1278 3547 pratum
1299 3472 1335 3530 61
1352 3487 1466 3532 mm-
1558 3447 1559 3526 ἶ

345 3569 436 3656 gium
447 3565 560 3653 661616
572 3563 658 3650 quod
668 3569 776 3649 posset
787 3563 906 3627 habere
918 3562 1092 3648 quemdam
1103 3566 1307 3651 capellanum
1319 3571 1465 3656 propriis
1558 3641 1559 3658 ἦ

345 3671 531 3758 sumptibus
550 3668 609 3755 qui
628 3667 742 3732 diuina
761 3666 939 3732 celebraret
958 3667 994 3731 in
1013 3668 1104 3734 curia
1123 3669 1225 3755 ipsius
1239 3671 1321 3749 Elis,
1336 3678 1370 3737 61
1386 3673 1468 3760 ipsa
1558 3713 1559 3744 2

345 3797 480 3862 persona
501 3772 630 3858 quando
653 3770 723 3856 ipse
746 3769 834 3834 Elias
862 3779 1030 3856 presentat
1059 3772 1092 3836 ei
1115 3773 1321 3858 capellanum
1348 3797 1468 3858 suum,

344 3881 451 3966 ipsum
471 3901 536 3942 non
556 3875 630 3940 uult
650 3873 825 3940 admittere
845 3896 906 3938 nec
928 3875 1002 3940 uult
1024 3875 1214 3961 permittere
1236 3900 1314 3942 eum
1335 3877 1468 3947 habere

376 4033 386 4066 1
403 4030 519 4080 william
530 4027 631 4078 deltos.
954 4022 966 4054 ⁴
981 4022 1097 4074 1111116111
1108 4025 1138 4074 61
1145 4025 1256 4076 Barton.

375 4099 387 4130 ¹
403 4095 519 4145 William
529 4095 558 4144 61
567 4094 676 4144 Bartcn.
955 4088 966 4120 ⁵
984 4089 1031 4138 See
1040 4088 1085 4138 Br.
1096 4090 1116 4140 t
1128 4092 1176 4143 172
1187 4091 1213 4141 b.
1558 4113 1559 4126 2

375 4160 517 4210 ⁸William
532 4159 561 4208 61
575 4155 718 4214 Bidesdale,
733 4154 778 4204 the
792 4154 872 4204 lord's
954 4153 1099 4204 1111111616
1125 4155 1155 4204 61
1184 4156 1285 4207 Barton
1311 4158 1361 4210 hau
1392 4161 1467 4216 bem

343 4230 456 4284 66111661,
467 4224 552 4274 6616611
563 4223 608 4272 the
618 4223 671 4285 hay
682 4222 711 4270 61
720 4219 836 4270 William
846 4221 875 4269 61
923 4217 1387 4282 wronginsuingwilliamdcltos.
1558 4223 1559 4228 ’

343 4295 452 4352 11611611,
464 4291 573 4339 because
584 4288 613 4337 61
627 4287 715 4338 adebt
732 4285 829 4348 alleged
844 4289 873 4334 16
955 4283 1179 4346 ⁷Spcnnithornc
1227 4288 1283 4338 and
1325 4291 1470 4358 Belffiy,
1558 4283 1559 4336 ζ

343 4357 513 4471 1666661661
524 4354 570 4404 the
581 4354 658 4403 latter
673 4356 701 4400 16
717 4367 767 4400 666
783 4352 814 4401 61
828 4350 872 4398 the
923 4349 1069 4407 1611611116,
1081 4351 1159 4399 south
1170 4352 1200 4399 61
1208 4351 1366 4408 1116166666,

342 4439 401 4486 6616
454 4436 506 4469 urs.
