3167 5075
306 408 369 471 102
617 417 754 480 menna,
776 417 842 469 an.
866 403 960 479 1225,
981 416 1045 467 nn
1069 405 1098 468 9.

304 594 488 659 Hamonem
511 598 547 657 et
570 591 656 656 unde
680 591 866 656 Willelmua
889 590 971 656 dicit
993 598 1068 671 eto,
1082 597 1118 655 et
1141 588 1309 657 reoordum
1328 590 1413 657 illud

304 696 424 763 habeat
438 696 473 761 in
489 696 559 762 Oet
577 696 609 761 S.
626 696 724 761 Mieh.
739 718 798 782 per
815 695 943 760 litteras
962 716 1038 761 suaa
1056 703 1092 760 et
1112 715 1173 781 per
1191 694 1273 760 duoa
1291 695 1415 783 legales

303 798 425 865 milites
439 820 480 863 ex
494 798 559 863 illia
573 798 630 884 qui
644 797 762 863 reoord’
777 797 828 862 illi
841 796 989 862 fuerunt¹
1003 804 1064 863 eto.
1082 796 1088 883 Ι

368 902 515 989 Rogerua
528 901 569 966 de
585 900 751 988 Cuaernge
766 900 984 966 summonitus
1004 899 1068 964 fuit
1087 898 1129 964 ad
1151 898 1412 985 respondendum

303 1006 428 1072 Abbati
442 1004 483 1070 de
496 1004 714 1070 Abbendonia
727 1026 792 1091 quo
807 1004 877 1068 iure
891 1026 1098 1069 oommnnam
1112 1012 1245 1089 pastura
1260 1004 1364 1091 exigit
1377 1004 1413 1069 in

305 1119 392 1176 terra
405 1110 507 1197 ipsius
521 1108 662 1175 Abbatie
676 1107 717 1173 de
733 1108 798 1173 Ore
813 1106 940 1173 deaiout
953 1106 1043 1173 idem
1057 1107 1168 1173 Abbaa
1187 1107 1312 1172 nullam
1326 1131 1413 1173 eom·

239 1256 244 1267 ·
305 1237 438 1281 munem
462 1214 562 1280 habet
587 1214 623 1278 in
647 1220 734 1278 terra
757 1212 903 1277 eiusdem
926 1211 1047 1299 Rogeri
1069 1233 1130 1277 neo
1154 1211 1241 1278 idem
1265 1212 1414 1299 Rogema

305 1318 477 1385 seruieium
507 1317 539 1383 ei
567 1317 645 1383 facit
675 1324 744 1396 ete,
773 1315 860 1381 unde
889 1316 978 1382 idem
1006 1316 1120 1381 Abbas
1149 1316 1297 1402 queritur
1326 1316 1413 1402 quod

305 1422 426 1487 iniuste
452 1422 556 1509 exigit
581 1443 785 1487 communam
817 1420 852 1485 in
882 1427 969 1486 terra
996 1442 1057 1485 aua
1085 1420 1163 1506 quia
1189 1420 1259 1506 ipae
1288 1420 1417 1485 nullam

305 1526 405 1593 habet
427 1548 631 1591 communem
651 1525 687 1589 in
704 1532 791 1589 terra
805 1522 951 1588 eiusdem
966 1524 1086 1611 Rogeri
1100 1531 1162 1588 eto.
1206 1524 1251 1589 Et
1266 1524 1415 1611 Rogerue

303 1630 385 1695 dicit
407 1628 494 1716 quod
518 1630 605 1694 iuste
627 1628 846 1693 communicat
867 1647 1003 1691 cumeo
1025 1626 1104 1713 quia
1126 1627 1227 1693 habat
1248 1626 1414 1713 quandam

304 1733 467 1799 brueriam
489 1753 552 1818 que
574 1732 718 1819 pertinet
739 1731 782 1798 ad
803 1731 988 1796 manerium
1009 1754 1106 1797 auum
1126 1731 1168 1797 de
1189 1731 1359 1818 (luseruge
1378 1740 1415 1796 et

304 1860 368 1923 que
390 1836 475 1903 iacet
497 1838 583 1902 inter
606 1836 783 1923 Ouserigge
803 1844 838 1901 et
858 1835 1041 1900 manerium
1056 1836 1202 1902 eiusdem
1215 1835 1359 1901 Abbatie
1372 1834 1414 1900 de

142 2046 288 2086 mum
305 2041 422 2108 habuit
436 2050 471 2108 et
486 2043 546 2109 hae
560 2043 688 2109 racione
703 2043 824 2108 elamat
838 2042 908 2128 ipae
923 2063 1137 2109 communem

372 2146 416 2210 Et
435 2144 548 2211 Abbaa
569 2144 650 2211 dicit
675 2144 762 2231 quod
785 2146 933 2232 Rogerua
954 2144 1079 2209 nullam
1099 2152 1228 2231 partem
1249 2144 1351 2211 habet
1373 2144 1415 2210 de

305 2248 422 2314 bruera
450 2247 508 2313 illa
535 2247 636 2314 immo
665 2256 737 2313 tota
760 2248 879 2313 bruera
903 2247 962 2313 illa
985 2270 1046 2313 aua
1070 2256 1121 2313 eat
1146 2256 1182 2313 et
1204 2247 1350 2334 pertinet
1371 2248 1414 2313 ad

306 2350 487 2419 manerium
517 2373 613 2416 suum
638 2350 679 2416 de
706 2351 771 2417 Ore
797 2350 934 2417 atinde
959 2350 1053 2437 ponit
1078 2373 1113 2416 ae
1139 2372 1239 2436 anper
1263 2350 1414 2436 patriam.

307 2454 352 2517 Et
370 2453 517 2541 Rogerue
536 2452 688 2518 similiter
708 2453 786 2541 quia
806 2453 887 2519 dicit
909 2453 996 2541 quod
1018 2453 1177 2520 medietas
1194 2453 1284 2519 illiue
1297 2455 1415 2520 bruera

306 2568 365 2625 aut
380 2560 455 2645 plus
469 2567 519 2624 est
534 2559 729 2626 dominicum
746 2583 843 2626 auum
857 2570 892 2626 et
907 2560 1051 2647 pertinet
1065 2560 1108 2627 ad
1122 2561 1303 2627 manerium
1317 2583 1415 2627 auum

306 2662 347 2727 de
364 2662 530 2750 Guseruge
550 2672 585 2728 et
604 2662 680 2728 inde
703 2663 797 2748 ponit
820 2685 855 2728 ae
879 2686 977 2749 super
999 2664 1147 2730 iuratam
1192 2665 1237 2732 Et
1259 2666 1335 2732 ideo
1356 2665 1417 2731 fiat

194 2811 205 2838 ,-
306 2767 415 2832 iurata
434 2766 511 2832 inde
533 2789 591 2852 per
610 2767 732 2832 milites
751 2775 786 2832 et
804 2768 884 2834 alios
899 2776 959 2833 ete
976 2777 1011 2833 et
1024 2768 1139 2834 ueniat
1153 2769 1214 2834 tali
1227 2769 1281 2836 dia
1297 2778 1358 2836 eto.
1373 2771 1416 2836 ad
1460 2843 1466 2850 ,

305 2869 597 2956 recognoscendum
618 2870 646 2936 ai
665 2878 737 2936 tota
757 2871 876 2936 bruera
897 2893 961 2958 que
983 2871 1069 2938 iacet
1090 2872 1178 2937 inter
1197 2873 1366 2960 Cueemge
1380 2883 1417 2940 et

307 2973 371 3039 Ore
386 2973 430 3038 ait
451 2973 649 3039 dominicum
671 2974 818 3040 eiusdem
837 2975 979 3041 Abbatia
992 2983 1028 3041 et
1042 2976 1176 3042 eooleaie
1190 2998 1250 3049 aue
1264 2986 1300 3042 et
1314 2977 1416 3064 perti·

306 3084 384 3143 neat
397 3077 440 3142 ad
454 3078 636 3144 manerium
651 3101 747 3144 suum
762 3079 803 3145 de
819 3080 884 3146 Ore
900 3102 942 3145 an
956 3080 1116 3146 medietas
1133 3081 1280 3148 eiusdem
1298 3082 1415 3150 bruera

306 3188 365 3244 aut
389 3180 464 3266 plus
488 3180 532 3245 sit
557 3180 675 3246 bruera
703 3181 849 3248 eiusdem
878 3181 999 3270 Rogeri
1027 3189 1062 3247 et
1090 3182 1289 3249 dominicum
1318 3207 1415 3250 auum

306 3286 473 3371 pertinens
483 3286 526 3352 ad
536 3286 718 3352 manerium
728 3309 826 3352 suum
834 3287 876 3352 de
888 3286 1054 3374 Cuaeruge
1064 3287 1151 3354 siout
1164 3287 1253 3354 idem
1266 3287 1417 3376 Regem

305 3389 386 3455 dicit
401 3388 478 3475 quia
492 3397 560 3455 tam
577 3397 636 3454 eto

174 3497 267 3564 1079,
371 3492 556 3558 Willelmua
578 3492 746 3560 Hateoriat
766 3495 852 3580 petit
866 3517 980 3560 uersus
994 3495 1174 3561 Robartum
1189 3495 1232 3561 de
1250 3497 1416 3586 Waaaing-

185 3599 252 3639 ¹¹³⁰*
306 3595 402 3682 legha
428 3596 492 3684 viij.
520 3597 601 3685 uirg.
626 3605 710 3664 terre
736 3620 812 3663 oum
841 3605 921 3684 pert
949 3597 985 3662 in
1007 3597 1277 3687 Waeaingolegha
1301 3611 1342 3667 ut
1365 3602 1417 3668 ius

305 3721 401 3764 annm
416 3709 477 3766 eto.

143 3777 264 3908 raauffiuoa
371 3803 415 3868 Et
431 3803 593 3869 Robertus
608 3804 700 3870 uenit
716 3812 751 3870 et
764 3804 846 3870 dicit
861 3805 947 3891 quod
961 3827 1027 3870 non
1046 3806 1146 3873 debet
1167 3807 1210 3872 ad
1232 3808 1294 3873 hoc
1315 3809 1417 3876 breue

141 3872 293 4001 Ξὲᾗὶἓῖζω,
306 3905 496 3990 respondere
519 3907 597 3993 quia
618 3906 748 3994 loquela
768 3907 827 3973 illa
846 3907 954 3994 posita
972 3909 1037 3975 fuit
1056 3933 1163 3976 eoram
1178 3911 1367 3978 iusticiariia
1380 3915 1417 3980 in

139 3973 294 4095 {wlff
306 4011 407 4078 banco
423 4033 481 4097 per
494 4012 656 4098 quoddam
670 4013 770 4078 breue
786 4012 874 4100 quod
888 4013 1009 4079 dicitur
1022 4038 1106 4101 pone
1120 4038 1141 4082 a
1155 4015 1216 4081 tali
1229 4016 1284 4082 die
1298 4025 1361 4084 eto.
1371 4018 1416 4084 ad

140 4101 284 4234 ffluffl
305 4137 402 4202 quem
424 4114 510 4180 diem
532 4115 620 4181 idem
642 4117 805 4183 Robertua
825 4141 859 4184 ae
876 4119 1063 4199 eeaoniauit‚
1077 4127 1113 4186 et
1127 4120 1313 4188 Willelmua
1335 4133 1417 4188 tuno

139 4241 197 4290 prlur
205 4241 253 4281 luda

139 4287 282 4330 ''mmm''
336 4303 434 4354 ¹Gorr.
446 4305 546 4353 recordo
557 4306 599 4353 illl
611 4305 788 4368 interfuerunt.
881 4307 1049 4358 incomitata
1065 4308 1169 4359 nullum
1185 4313 1225 4359 aat
1241 4309 1369 4372 placitum
1384 4327 1417 4362 ax

335 4369 428 4418 ²Onre
440 4367 625 4432 nndOourage.
882 4373 1095 4436 quoindeaemel
1105 4373 1264 4427 undalum
1275 4378 1325 4429 aaa

335 4433 346 4467 ³
362 4433 437 4485 cited
448 4433 482 4496 by
493 4434 615 4517 Braoton,¹
629 4435 647 4486 f.
666 4437 713 4486 332
722 4437 751 4496 b;
770 4437 831 4500 quia
1029 4449 1032 4456 ·
