3167 5075
352 376 416 447 710
518 395 610 442 nunu
631 394 675 442 or
697 393 898 442 Primnum
920 393 959 443 m
981 395 1280 456 Lnlcmmsnm,

351 562 400 628 ita
414 561 500 648 quod
514 559 612 626 datus
626 569 677 626 est
697 559 766 626 dies
786 560 828 626 de
847 561 1010 628 audiendo
1029 563 1151 628 iudicio
1170 587 1230 629 suo
1250 565 1340 650 apud
1354 565 1449 630 West·

352 663 593 743 monasterium,
615 673 650 729 et
676 665 762 750 petit
786 665 997 730 iudicium
971 689 1001 732 ει
1021 689 1121 753 super
1141 667 1202 732 hoc
1224 666 1343 733 debeat
1363 669 1452 734 assim

339 769 532 855 procedere.
576 770 621 835 Et
644 778 793 855 preterea
814 769 906 834 saluo
927 769 988 835 hoc
1009 793 1170 856 responso,
1190 771 1272 836 dicit
1293 772 1380 857 quod
1399 773 1454 837 luo

353 873 439 940 filius
458 872 590 940 Ricardi
610 867 701 938 dedit
721 881 843 940 tenum
862 873 952 938 illam
974 875 1118 940 Roberto
1140 876 1275 940 Peuerel
1298 875 1384 962 patri
1402 899 1455 941 suo

189 1021 281 1069 Nou„
268 1021 309 1060 uon
352 997 411 1062 per
432 983 554 1040 cartam
577 998 670 1040 suam
692 997 791 1062 quam
813 976 936 1062 profert
955 985 991 1041 et
1010 998 1075 1062 que
1095 975 1156 1041 hoc
1171 984 1323 1054 testatur,
1338 986 1373 1042 et
1385 977 1454 1042 inde

187 1068 317 1154 fflirhim
353 1086 449 1144 uocat
473 1078 665 1166 Gregonum
690 1078 793 1144 filium
821 1101 918 1144 suum
943 1078 987 1144 ed
1012 1079 1282 1166 tremulumque
1304 1089 1355 1145 est
1378 1080 1455 1144 inim
1551 1098 1552 1165 ζ

188 1160 325 1246 llihffl
353 1189 485 1248 etatem.

188 1265 253 1302 quem
261 1255 326 1294 ulta

190 1301 327 1387 ¹¹¹2?ng
418 1285 498 1350 Dies
512 1285 570 1349 dat
556 1292 609 1350 tus
624 1294 674 1350 est
688 1285 735 1350 eis
750 1285 791 1350 de
806 1285 969 1351 audiendo
982 1284 1103 1350 iudicio
1123 1308 1182 1350 suo
1196 1295 1267 1362 etc,
1281 1295 1318 1351 et
1331 1285 1453 1352 interim

188 1357 270 1479 ii:
223 1394 289 1488 Ἵξε,
353 1398 519 1454 remaneat
541 1389 648 1454 iurata
673 1412 841 1476 quousque
864 1389 986 1454 sciatur
1010 1387 1090 1506 quid
1111 1388 1172 1452 fiat
1193 1387 1235 1454 de
1256 1389 1358 1454 assisa
1377 1412 1452 1454 noue
1552 1420 1553 1429 ι

188 1487 312 1582 iffi&
353 1492 528 1571 disseisine,
554 1502 589 1557 et
615 1493 789 1579 Gregorius
814 1501 990 1570 remaneat,
1015 1493 1094 1579 quie
1117 1493 1286 1558 «Iohannes
1311 1493 1454 1580 cognouit
1552 1488 1553 1511 ;

189 1581 273 1619 ‘¹⁰³⁶‘
262 1579 317 1665 „¹23¹
298 1596 439 1681 Quod
462 1603 511 1660 est
497 1596 615 1660 tinfra
634 1605 765 1662 etatem.
811 1596 865 1662 Ad
880 1619 978 1683 quem
992 1596 1080 1661 diem
1094 1596 1252 1662 remansit
1265 1597 1452 1662 assisanoue

189 1627 340 1808 iffi&
353 1701 519 1766 disseisine
534 1723 593 1787 per
607 1701 763 1766 iudicium
778 1702 876 1779 curie,
891 1712 927 1767 et
946 1702 1113 1768 Johaunee
1132 1702 1227 1767 uenit
1246 1710 1282 1766 et
1301 1701 1452 1788 cognoscit

188 1813 306 1899 puuhrppp
354 1803 440 1889 quod
466 1805 528 1870 Iuo
554 1803 636 1868 obiit
665 1804 796 1870 seisitus
822 1805 863 1870 de
888 1805 1025 1870 senueio
1050 1805 1153 1891 ipsius
1179 1804 1278 1870 Luce.
1322 1805 1366 1868 Et
1387 1802 1450 1868 ideo

189 1905 302 1993 wem·
295 1907 527 1994 ‘Gregorius
542 1907 662 1973 hebeat
677 1916 799 1973 etatem
815 1931 908 1976 suam
923 1917 984 1975 etc

220 2024 313 2088 1968
416 2013 438 2076 J
442 2011 585 2076 ohannes
599 2013 686 2078 filius
701 2013 880 2079 Baldewini
899 2013 1022 2100 optulit
1040 2035 1076 2078 se
1095 2021 1155 2079 etc.
1171 2034 1286 2078 uersus
1304 2012 1449 2076 Theman

353 2115 394 2181 de
410 2116 532 2202 Fsseby
546 2117 587 2182 de
603 2116 724 2202 placito
741 2117 829 2204 quod
848 2118 1071 2182 warentizmet
1091 2116 1198 2183 eidem
1218 2117 1342 2182 Thome
1361 2138 1450 2182 unam
1554 2162 1555 2205 ι

354 2219 435 2306 uirg.
451 2227 623 2284 terrenum
639 2228 720 2306 pert.
737 2219 769 2286 iu
788 2220 1019 2286 Shamelordia
1032 2243 1130 2308 quam
1145 2228 1239 2285 tenet
1252 2231 1314 2286 etc

420 2320 463 2384 Et
479 2320 618 2386 Thomas
632 2343 698 2386 non
713 2321 807 2386 uenit
820 2331 856 2387 et
871 2321 935 2386 luit
949 2329 1066 2407 petens
1079 2322 1128 2386 ita
1142 2322 1229 2408 quod
1249 2322 1378 2408 loquela
1395 2321 1451 2384 luit

353 2425 388 2489 in
403 2424 560 2489 comitatu
575 2447 634 2510 per
647 2425 747 2490 breue
758 2425 800 2490 de
811 2433 900 2491 recto
909 2426 996 2491 inter
1007 2426 1204 2491 hlotillidem
1214 2425 1256 2490 de
1269 2424 1452 2490 Flamauilla

353 2537 522 2615 petentem
548 2538 582 2595 et
604 2529 712 2615 ipsum
739 2529 897 2596 Thomem
919 2539 1087 2596 tenentem
1109 2530 1150 2596 de
1173 2529 1289 2595 eadem
1310 2538 1402 2607 terra,
1420 2540 1452 2594 et

353 2636 459 2721 posita
479 2635 544 2700 fuit
565 2636 599 2701 in
622 2644 805 2721 respectum
828 2659 867 2701 eo
887 2636 974 2722 quod
994 2636 1088 2701 tulit'
1101 2636 1202 2700 breue
1217 2636 1258 2700 de
1274 2636 1452 2701 warentim·
1555 2623 1556 2682 l

353 2739 443 2806 cione
459 2748 531 2817 etc,
547 2749 581 2805 et
596 2740 691 2805 modo
705 2763 771 2805 non
786 2740 887 2809 uenit.
933 2742 978 2805 Et
997 2740 1070 2805 ideo
1091 2748 1282 2825 proseptum
1304 2748 1356 2805 est
1375 2738 1454 2803 uice

353 2845 464 2909 comiti
479 2844 565 2930 quod
581 2844 733 2929 procedat
747 2843 782 2908 in
798 2844 957 2909 comitatu
972 2844 1008 2908 in
1022 2844 1150 2930 loquela
1164 2844 1221 2908 illa
1232 2866 1298 2907 non
1313 2844 1455 2908 obstante

353 2948 462 3034 aliquo
491 2947 586 3012 breui
614 2946 701 3033 quod
737 2946 825 3012 idem
862 2946 1002 3011 Thomas
1039 2946 1122 3011 ferat
1157 2946 1199 3012 de
1235 2947 1398 3025 warentia
1423 2958 1456 3010 et

229 3056 270 3105 1²⁸⁶
278 3057 306 3107 Μ
353 3053 376 3118 J
377 3052 520 3116 ohannes
535 3049 604 3116 sine
620 3051 681 3128 die,
697 3060 731 3115 et
746 3051 887 3115 Thomas
900 3058 936 3115 et
950 3049 1052 3137 plegii
1065 3050 1116 3116 sui
1131 3051 1167 3115 in
1180 3050 1404 3116 misericordia
1421 3048 1427 3137 Ι

222 3152 314 3217 1969.
421 3156 604 3220 Semanous
626 3154 820 3219 Balistarius
841 3153 928 3239 petit
948 3176 1062 3219 uersus
1081 3153 1284 3218 Willelmum
1299 3154 1418 3239 Pipunt
1430 3176 1456 3215 v.

354 3280 478 3325 marcas
492 3281 573 3344 quas
588 3258 618 3323 ei
634 3258 731 3323 debet
751 3256 793 3323 de
814 3258 924 3343 plegio
943 3258 1081 3323 Roberti
1100 3258 1268 3335 Pikeman,
1283 3259 1363 3344 quia
1375 3258 1457 3323 uice-

354 3384 460 3426 comes
476 3361 679 3447 Notingham
694 3359 838 3447 quesiuit
852 3361 965 3426 decem
987 3384 1110 3426 marcas
1129 3362 1172 3425 ab
1191 3361 1306 3427 eodem
1322 3362 1460 3427 Roherto

357 3484 415 3549 pro
430 3463 569 3549 quadam
586 3462 812 3540 misericordia,
823 3470 858 3526 et
873 3462 942 3549 ipse
958 3462 1142 3529 Semannus
1155 3462 1317 3550 plegiauit
1331 3488 1415 3540 eum,
1428 3475 1460 3529 et

354 3566 426 3631 illas
441 3566 553 3631 decem
567 3588 690 3631 marcas
705 3566 805 3652 cipro
820 3589 858 3631 eo
872 3566 1023 3644 reddidit,
1034 3576 1070 3632 et
1084 3567 1162 3653 quia
1175 3567 1264 3633 idem
1280 3568 1461 3633 Willelmus

354 3670 471 3737 hahuit
494 3670 674 3737 custodiam
699 3670 842 3736 Simonis
864 3670 925 3737 filii
948 3680 983 3737 et
1007 3670 1135 3737 heredis
1157 3671 1298 3757 predicti
1320 3672 1462 3749 Roherti,

353 3773 427 3839 ideo
441 3772 527 3859 petit
542 3795 655 3838 uersus
669 3772 778 3858 ipsum
794 3772 997 3839 Willelmum
1011 3773 1161 3838 debitum
1176 3774 1266 3838 illud

420 3877 464 3941 Et
479 3875 663 3941 Willelmus
677 3876 771 3941 uenit
785 3885 821 3942 et
836 3876 982 3941 defendit
996 3877 1083 3963 quod
1097 3877 1198 3943 nichil
1218 3876 1250 3942 ei
1264 3876 1376 3955 debet,
1390 3878 1464 3965 quia

354 3982 423 4067 ipse
438 4002 503 4045 non
518 3979 617 4045 habet
631 3980 813 4046 custodiam
829 3979 979 4057 Simonis,
993 4002 1054 4045 nee
1068 4002 1144 4045 eum
1163 4003 1322 4066 umquam
1342 3982 1463 4069 plegia-

355 4084 414 4162 uit,
436 4106 497 4149 nec
518 4092 568 4149 est
590 4083 683 4149 heres
705 4083 843 4169 predicti
864 4083 1010 4162 Roberti,
1024 4083 1082 4149 sed
1103 4106 1218 4149 reuera
1238 4084 1329 4149 idem
1353 4086 1462 4151 Simon

354 4189 420 4253 luit
435 4186 608 4274 aliquunde
623 4210 697 4252 cum
713 4209 751 4251 eo
771 4208 829 4272 per
848 4186 980 4252 bolliam
1001 4186 1146 4272 Philippi
1168 4186 1283 4253 Marke
1305 4188 1462 4273 quamdiu

357 4291 388 4357 ei
402 4288 535 4377 placuit,
550 4296 584 4353 et
605 4288 676 4355 ideo
697 4288 782 4374 petit
802 4288 958 4353 iudicium
980 4289 1007 4353 si
1027 4288 1146 4353 debeat
1164 4288 1241 4354 inde
1262 4292 1462 4376 respondero.

573 4415 581 4447 ¹
600 4415 646 4466 See
657 4416 699 4466 Br.
714 4415 730 4467 l.
747 4416 795 4465 112
803 4415 827 4468 b.
1080 4415 1091 4448 ¹
1107 4414 1229 4467 Thomna
