3167 5075
351 373 415 438 452
583 381 816 443 messmam,
838 381 902 430 sn.
928 367 1020 442 1222,
1042 381 1107 430 aa.
1130 365 1222 432 6-7.

351 555 530 621 sideratum
544 560 595 620 est
609 551 696 640 quod
710 573 830 639 magna
843 551 943 618 assisa
956 551 1001 617 sit
1014 549 1102 616 inter
1116 573 1170 617 eos
1180 551 1256 638 quia
1266 575 1306 618 ex
1320 552 1457 618 diuersis

353 656 496 744 petunt'.
905 657 909 663 ’

221 769 315 836 1570.
417 761 529 825 Assisa
549 759 643 824 uenit
664 758 870 845 recognitum
895 757 968 843 quis
993 757 1171 822 aduocatos
1196 768 1342 844 tempore
1372 762 1460 846 pacis

230 870 300 910 Μ
351 861 554 951 presentauit
568 860 718 926 ultimam
733 882 902 946 personam
925 881 988 946 que
1009 869 1138 925 mortua
1159 868 1209 925 est
1230 861 1272 926 ad
1292 862 1458 929 ecelesiam

352 967 394 1033 de
408 966 615 1043 Walewrthe,
631 988 695 1051 que
710 972 892 1042 amatote,
907 963 999 1030 euius
1013 964 1259 1030 aduoeaeionem
1284 965 1460 1032 Gauii-idus

237 1095 296 1146 [aa]
352 1071 394 1136 de
408 1071 500 1158 Luey
512 1070 632 1135 clamat
646 1091 760 1134 uersus
774 1067 916 1133 Priorem
931 1068 972 1132 de
988 1068 1103 1144 Suwio,
1118 1067 1176 1154 qui
1197 1069 1288 1133 uenit
1307 1079 1342 1134 et
1357 1070 1438 1134 dicit
1455 1073 1459 1151 Ι

352 1172 440 1260 quod
453 1171 553 1237 assisa
566 1193 631 1235 non
645 1170 743 1234 debet
758 1169 834 1234 inde
849 1169 928 1245 fieri,
942 1169 1021 1255 quia
1038 1169 1172 1234 ecelesia
1191 1169 1248 1234 illa
1268 1193 1333 1235 non
1355 1188 1461 1247 uasat,

353 1277 432 1364 quia
450 1276 583 1362 quidam
597 1274 782 1339 Willelmus
803 1283 853 1338 est
874 1273 951 1339 inde
973 1295 1110 1359 persona
1130 1281 1166 1338 et
1188 1273 1251 1338 fuit
1272 1282 1344 1340 octo
1365 1275 1462 1340 annis

352 1379 529 1446 transactis

419 1483 463 1548 Et
489 1481 664 1548 Gauiridus
688 1481 769 1547 dieit
795 1481 881 1567 quod
903 1482 963 1546 hoo
984 1503 1049 1545 non
1071 1480 1169 1546 debet
1191 1481 1223 1546 ei
1244 1503 1357 1546 nocere
1377 1484 1462 1569 quin

351 1586 452 1651 assisa
471 1584 632 1671 procedat,
653 1584 732 1671 quia
752 1584 822 1670 ipse
845 1583 1028 1649 Willelmus
1053 1607 1118 1648 non
1144 1583 1208 1650 fuit
1235 1584 1394 1650 admissus
1420 1587 1462 1652 ad

350 1688 518 1754 eeclesiam
547 1687 637 1752 illam
666 1709 725 1772 per
752 1687 1028 1772 presentaeionem
1064 1685 1167 1773 ipsius
1205 1687 1331 1766 Prioris,
1360 1689 1463 1755 immo

352 1792 530 1878 Episcopus
550 1790 786 1856 Wintoniensis
807 1790 897 1855 illam
919 1790 1058 1856 contulit
1076 1790 1182 1856 eidem
1198 1791 1362 1858 Willelmo
1383 1816 1462 1858 aue·

351 1895 485 1966 toritate
500 1895 625 1960 consilii
640 1894 875 1960 lateranensis.
1540 1899 1541 1974 f

418 2001 462 2066 Et
489 2008 603 2087 postea
631 1999 719 2065 idem
749 1998 925 2065 Gauiridus
954 1997 1034 2064 dieit
1063 1999 1150 2084 quod
1179 1999 1354 2086 aliquando
1383 2013 1461 2068 ante
1540 2013 1541 2056 t

350 2127 501 2192 guerram
527 2113 650 2170 motam
675 2103 763 2168 inter
788 2103 883 2168 Dom.
908 2101 1094 2167 Johannem
1122 2103 1247 2188 Regem
1269 2113 1304 2170 et
1325 2105 1462 2172 barones
1540 2093 1541 2098 ἵ

349 2232 425 2275 suos
438 2208 567 2296 Anglie,
584 2207 759 2274 Gaufridus
773 2207 815 2273 de
830 2205 1031 2272 Mandeuilla
1052 2205 1169 2274 Comes
1189 2209 1322 2275 Essexie
1343 2213 1461 2276 arami-
1540 2205 1541 2210 ’

350 2313 422 2378 suit
446 2312 579 2378 assisam
604 2309 721 2376 ultime
742 2309 993 2397 presentaoionis
1013 2311 1055 2375 de
1076 2310 1292 2378 aduooaeione
1315 2315 1461 2399 predicte

351 2415 490 2482 eeclesia.
536 2415 581 2479 Et
605 2413 795 2500 superuenit
820 2436 937 2500 guerra
960 2435 1019 2500 per
1043 2436 1142 2499 quam
1164 2415 1236 2501 ipsa
1256 2417 1356 2482 assisa
1381 2429 1461 2483 tune

350 2520 506 2587 remansit
520 2518 683 2606 sapienda
713 2519 811 2586 Unde
826 2517 913 2585 idem
929 2517 1104 2585 Gaufridus
1118 2519 1160 2586 de
1175 2519 1266 2608 Luoy
1279 2519 1359 2587 dicit
1373 2521 1461 2609 quod

351 2622 516 2710 predictus
531 2621 706 2687 Gaufridus
720 2622 760 2687 de
775 2620 976 2687 Mandeuilla
990 2621 1021 2687 ei
1033 2622 1124 2687 dedit
1134 2624 1289 2711 quiequid
1300 2625 1380 2690 iuris
1392 2628 1461 2712 ipse

352 2725 469 2792 habuit
483 2724 518 2789 in
532 2724 590 2790 illa
603 2725 816 2790 aduooaeione
832 2734 866 2790 et
881 2725 965 2811 petit
980 2725 1121 2792 assisam.

416 2831 462 2894 Et
476 2829 568 2894 Prior
581 2829 662 2894 dicit
676 2830 762 2915 quod
776 2852 843 2893 non
857 2829 955 2895 debet
972 2829 1049 2895 inde
1068 2830 1168 2895 assisa
1190 2831 1261 2895 fieri
1283 2840 1318 2897 et
1339 2835 1464 2919 profert

352 2941 475 2999 sartam
489 2932 657 2998 cuiusdam
672 2932 844 2998 Matillidis
858 2934 899 2998 de
915 2932 1077 2999 Boolande
1096 2943 1131 3000 et
1146 2934 1282 3000 Roberti
1295 2936 1356 3001 filii
1372 2936 1464 3003 Petri

353 3037 461 3103 fratris
469 3036 592 3103 scilieet
602 3035 812 3125 primogeniti
821 3036 1190 3115 GauhidifiliiPetri,in
1201 3060 1267 3124 qua
1276 3040 1467 3105 continetur

353 3141 440 3227 quod
454 3140 517 3227 ipsi
531 3140 694 3206 Robertus
708 3148 743 3205 et
762 3139 899 3205 Matillis
918 3140 1078 3206 dedenmt
1100 3148 1134 3206 et
1156 3154 1381 3209 eoncesserunt
1404 3144 1467 3210 deo
1539 3160 1540 3231 j

354 3252 389 3308 et
404 3243 506 3308 Beate
520 3242 623 3309 Mario
637 3243 679 3307 de
694 3242 808 3309 Suwik
822 3250 857 3307 et
870 3242 1031 3309 canonicis
1045 3252 1105 3309 ete.
1121 3244 1278 3330 capellam
1296 3247 1341 3312 de
1355 3248 1467 3313 Wale
1539 3240 1540 3261 ¹

353 3348 475 3413 werthe
497 3355 657 3433 quantum
678 3348 720 3413 ad
742 3370 797 3412 eos
818 3347 961 3433 pertinet
983 3356 1042 3413 eto.
1059 3347 1094 3412 in
1116 3348 1252 3414 liberam
1268 3372 1387 3437 puram
1404 3364 1466 3418 ete.
1539 3346 1540 3357 ¹

353 3451 478 3516 meert
493 3451 595 3517 eciam
610 3451 887 3517 confirmacionem
904 3451 1037 3517 Ricardi
1050 3452 1215 3538 quondam
1228 3454 1469 3523 wintoniensis

352 3554 513 3642 Episcopi,
527 3578 591 3641 que
613 3556 734 3621 donum
755 3554 838 3620 illud
860 3554 891 3620 ei
913 3556 1089 3633 confirmat,
1107 3564 1142 3621 et
1164 3557 1252 3623 unde
1273 3559 1414 3625 uidetur
1436 3562 1469 3625 ei

352 3660 439 3745 quod
453 3659 553 3725 assisa
566 3682 631 3724 non
645 3659 745 3725 debet
759 3659 836 3725 inde
851 3659 921 3725 fieri
936 3668 997 3726 ete.

419 3763 463 3829 Et
485 3764 659 3830 Gaufridus
681 3764 775 3828 uenit
797 3771 831 3829 et
853 3764 934 3829 dicit
953 3764 1040 3850 quod
1054 3764 1126 3850 ipsa
1139 3773 1230 3831 carta
1243 3766 1470 3852 predictorum

353 3868 489 3934 Roberti
518 3878 553 3934 et
582 3867 755 3934 Matillidis
783 3890 849 3933 non
878 3868 976 3935 debet
1006 3868 1037 3934 ei
1066 3890 1188 3948 nocere,
1213 3870 1290 3956 quia
1314 3871 1472 3956 predicta

354 3973 492 4039 Matillis
507 3972 609 4039 nichil
623 3972 740 4039 habuit
754 3972 790 4038 in
805 3972 1001 4039 Walewrthe
1015 3972 1079 4039 nisi
1093 3973 1317 4039 tantummodo
1337 3973 1471 4057 dotem,

353 4100 414 4143 nec
429 4077 531 4143 eciam
540 4077 705 4165 predictus
716 4076 879 4143 Robertus
889 4076 975 4143 filius
986 4076 1076 4143 Petri
1088 4100 1244 4165 umquam
1256 4076 1316 4143 fuit
1325 4079 1471 4147 seisitus

355 4182 396 4247 de
411 4182 607 4249 Waiewrthe
622 4205 680 4269 per
694 4182 782 4269 quod
796 4182 917 4246 donum
932 4181 1008 4247 inde
1023 4181 1054 4247 ei
1068 4192 1176 4268 posset
1190 4182 1296 4247 faeere

388 4314 882 4381 ¹Iibothoithamolaimedbyds·
932 4316 1051 4381 pedigree
1073 4317 1146 4369 there
1164 4318 1356 4369 wouldheno
1382 4324 1468 4385 gand
1538 4322 1539 4383 t

355 4385 429 4432 soant
449 4380 503 4432 and
530 4381 592 4444 they
611 4383 704 4445 agreed
730 4384 811 4434 about
838 4382 883 4434 the
932 4382 1022 4435 autre.
