3167 5075
307 393 351 455 24
620 400 757 461 mersa,
778 396 844 449 so.
868 380 962 460 1224,
983 394 1048 447 aa
1070 384 1098 445 8.
1144 412 1150 425 ·

374 578 419 643 Et
432 576 539 643 Adam
555 584 589 641 et
605 573 712 641 Alicia
726 572 867 638 ueniunt
885 579 921 637 et
940 570 1122 637 defendunt
1142 569 1229 656 quod
1249 592 1418 655 nunquam

309 683 373 749 fuit
398 682 447 747 ita
470 681 583 747 dotata
605 701 665 744 nec
688 678 829 742 Thomas
852 676 953 741 frater
975 698 1054 740 suus
1076 674 1233 740 concessit
1254 674 1287 739 ei
1306 674 1418 739 dotem

309 788 393 853 sicut
422 784 604 872 predictum
634 790 685 847 est
711 790 745 847 et
769 780 830 845 hoc
855 780 997 845 offerunt
1019 779 1194 845 defendere
1218 778 1305 844 sicut
1329 777 1420 843 curia

309 887 567 955 considerauerit.
612 885 656 950 Et
671 884 749 971 quia
770 882 955 948 inauditum
977 882 1064 968 quod
1085 881 1203 967 aliquis
1224 881 1324 946 frater
1344 902 1420 945 oon·

310 990 441 1056 cesserit
455 988 547 1053 fiatri
561 1010 620 1052 suo
635 995 754 1052 terram
770 984 813 1050 ad
833 1006 967 1050 uxorem
987 984 1173 1063 dotandum,
1188 983 1285 1049 datus
1302 991 1353 1048 est
1372 981 1420 1047 eis

310 1096 380 1160 dies
394 1094 434 1160 de
448 1090 610 1158 audiendo
625 1090 744 1157 iudicio
759 1112 818 1155 suo
832 1090 868 1154 in
881 1088 1028 1155 aduentu
1043 1088 1294 1153 iusticiariorum
1309 1087 1381 1152 etc.¹

377 1196 499 1262 Eadem
528 1195 641 1283 Agnes
670 1194 791 1281 optulit
820 1216 855 1259 se
880 1193 938 1279 iiij.
964 1193 1019 1257 die
1044 1214 1158 1259 uersus
1184 1191 1353 1257 Mabiliam
1377 1191 1419 1257 de

313 1302 473 1368 Coleuilla
487 1309 522 1366 et
537 1290 722 1366 Johannam
737 1320 878 1363 sororem
892 1298 963 1363 eius
978 1297 1019 1364 de
1033 1298 1154 1384 placito
1164 1296 1250 1363 dotis
1260 1298 1294 1362 in
1306 1296 1420 1362 eadem

312 1408 392 1473 uilla
416 1414 475 1471 etc
521 1406 564 1469 Et
586 1404 722 1471 Mebilia
743 1410 778 1469 et
800 1401 984 1469 Johannes'
1005 1424 1069 1468 non
1091 1410 1254 1467 uenenrnt
1275 1409 1312 1466 et
1334 1409 1422 1466 terra

312 1518 409 1597 capta
422 1510 486 1574 fuit
500 1508 536 1573 in
550 1531 683 1573 manum
703 1508 798 1573 Dom.
813 1506 915 1593 Regis
934 1515 995 1572 etc.
1010 1516 1061 1572 set
1081 1514 1266 1573 attomatua
1280 1504 1421 1592 Agnetis

312 1613 477 1702 cognoscit
491 1612 578 1700 quod
591 1612 661 1698 ipsc
677 1612 756 1677 fuit⁸
766 1612 851 1676 infra
862 1619 983 1676 etatem
996 1619 1031 1676 et
1042 1612 1123 1676 nou⁴
1133 1611 1257 1676 habent
1268 1610 1420 1676 seisinam

313 1740 406 1784 suam
421 1716 462 1783 de
476 1716 586 1803 aliqua
601 1724 687 1780 terra
701 1725 736 1781 et
750 1716 824 1781 ideo
838 1716 907 1781 sine
922 1715 976 1781 die
990 1723 1052 1781 etc.

379 1809 556 1886 Petronilla
569 1820 638 1884 filia
653 1820 796 1887 Simonis
814 1820 996 1886 attachiata
1015 1820 1080 1886 fuit
1099 1820 1143 1885 ad
1161 1818 1421 1907 respondendum

202 1974 204 1979 -
256 1962 262 1975 ·
314 1926 458 1993 Johanni
473 1925 540 1990 filio
554 1925 728 2013 Reginaldi
743 1948 842 2013 quare
856 1948 923 1991 non
936 1934 1029 1990 tenet
1044 1925 1075 1990 ei
1090 1925 1189 1989 finem
1201 1925 1324 1989 factum
1335 1923 1422 1988 inter

315 2054 369 2097 eos
391 2052 498 2095 coram
521 2030 707 2096 iusticieriis
730 2030 819 2116 apud
842 2028 1168 2095 westmonasterium
1191 2029 1233 2095 de
1257 2052 1315 2093 sex
1339 2028 1422 2115 uirg.

314 2144 399 2202 terre
421 2157 496 2200 cum
517 2134 650 2221 pertin
672 2135 883 2199 Hemontona
904 2133 991 2199 unde
1012 2134 1238 2221 cirographum
1260 2141 1320 2198 etc.
1336 2131 1423 2218 quod

314 2240 401 2305 idem
416 2238 584 2304 Johannes
597 2238 720 2323 profert
734 2245 770 2303 et
785 2237 872 2324 quod
887 2245 1029 2303 testetur
1048 2238 1135 2324 quod
1154 2238 1226 2324 ipsa
1245 2237 1424 2303 Petronilla

315 2341 473 2407 concessit
494 2340 601 2405 eidem
622 2339 767 2405 Johenni
790 2340 1001 2407 medietatem
1024 2342 1114 2406 illius
1133 2349 1220 2406 terre
1241 2340 1364 2428 ubique
1387 2340 1423 2405 in

315 2444 437 2531 campis
467 2466 580 2509 uersus
609 2444 798 2510 occidentem
826 2452 963 2531 excepto
991 2445 1126 2531 capitali
1158 2445 1302 2531 mesagio
1336 2445 1423 2531 quod

315 2548 429 2614 cadem
455 2546 648 2613 Petronilla⁸
674 2557 831 2626 remanet,
853 2550 941 2614 unde
967 2549 1054 2616 idem
1079 2551 1247 2616 «Iohannes
1275 2550 1424 2637 queritur

314 2651 400 2738 quod
423 2650 509 2736 ipse⁸
530 2657 642 2715 contra
660 2649 760 2715 finem
779 2651 874 2716 illum
894 2651 1049 2719 deforciat
1069 2653 1100 2719 ei
1119 2663 1285 2740 pasturam
1305 2654 1348 2720 ad
1366 2677 1423 2720 sex

314 2756 415 2820 boues
429 2761 464 2819 et
478 2753 522 2818 ad
535 2753 600 2818 alia
613 2753 726 2818 aueria
740 2753 819 2840 quia
831 2755 961 2841 quando
977 2764 1064 2822 terra
1077 2757 1208 2845 integra
1226 2759 1291 2824 fuit
1305 2757 1423 2825 habuit

313 2859 382 2944 ipse
411 2857 447 2923 in
475 2863 610 2943 pastura
636 2856 695 2922 illa
722 2857 777 2944 xij.
803 2858 903 2924 boues
931 2859 1019 2925 unde
1048 2861 1144 2926 modo
1171 2861 1273 2928 debet
1300 2862 1421 2928 habere

314 2961 526 3028 medietatem
542 2969 576 3026 et
595 2969 744 3048 preterea
762 2962 849 3048 ipse'
868 2963 1025 3029 deforciat
1044 2963 1076 3029 ei
1096 2964 1250 3030 fereram⁸
1268 2964 1310 3031 de
1329 2975 1423 3052 parte

314 3088 374 3132 sua
395 3074 430 3131 et
451 3074 600 3152 preterea
621 3065 776 3132 deforciat
798 3067 831 3132 ei
854 3067 942 3154 quod
965 3091 1030 3147 non
1055 3076 1164 3154 potest
1189 3071 1293 3135 facere
1319 3093 1423 3136 unum

314 3170 494 3257 mesagium
509 3171 544 3234 in
558 3178 646 3236 terra
659 3193 719 3236 sua
733 3179 792 3236 etc.
809 3179 844 3237 et
859 3171 919 3237 hoc
933 3173 1028 3238 offert
1042 3181 1103 3239 etc.

380 3274 424 3339 Et
452 3273 631 3339 Petronilla
655 3274 750 3339 uenit
774 3297 833 3361 per
857 3283 1059 3342 attornatum
1081 3299 1178 3342 sunm
1203 3287 1239 3343 et
1260 3278 1425 3366 cognoscit

315 3377 412 3443 finem
428 3385 463 3443 et
478 3377 702 3464 cirographum
719 3385 754 3443 et
768 3378 916 3444 defendit
930 3379 1018 3465 quod
1031 3379 1067 3445 in
1086 3381 1176 3446 nullo
1197 3380 1292 3446 uenit
1311 3389 1425 3446 contra

315 3482 413 3547 finem
428 3488 479 3546 set
493 3479 574 3546 dicit
589 3479 676 3566 quod
695 3503 760 3545 non
779 3481 819 3546 fit
839 3481 966 3547 mencio
985 3481 1021 3547 in
1039 3482 1229 3571 cirographo
1250 3483 1292 3549 de
1313 3483 1426 3570 aliqua

314 3593 448 3670 pastura
476 3607 536 3649 nec
564 3583 606 3649 de
635 3605 691 3648 sex
720 3583 825 3648 bobus
854 3607 914 3650 nec
942 3585 1016 3650 aliis
1045 3585 1165 3652 aueriis
1194 3595 1230 3652 et
1258 3586 1333 3653 ideo
1357 3610 1424 3652 non

315 3685 448 3751 uidetur
468 3685 500 3752 ei
521 3685 609 3772 quod
630 3685 765 3752 deberet
787 3686 906 3752 habere
929 3696 1103 3774 pasturam
1148 3690 1200 3754 De
1223 3691 1327 3756 forera
1342 3691 1424 3756 dicit

314 3789 401 3876 quod
426 3789 497 3875 ipse
522 3790 624 3856 habet
649 3813 708 3876 par
732 3793 938 3858 uoluntatem
963 3816 1056 3859 suam
1082 3794 1164 3859 duas
1193 3795 1359 3861 scillones⁸
1388 3795 1423 3860 in

314 3893 513 3959 escambium
538 3893 683 3960 eiusdem
710 3895 819 3961 forere.
873 3897 925 3962 De
948 3899 1091 3986 mesagio
1113 3898 1200 3985 quod
1221 3921 1337 3966 reuera
1358 3922 1423 3965 non

348 4087 758 4148 1Ἰ“Ῑιι“ι1ι1“11ι.Βιιοιν,1911.
791 4090 844 4141 But
927 4092 1027 4145 ‘Ocra
1041 4095 1281 4146 eidemf'etrmu'lle.

316 4154 414 4205 sesBr.
426 4153 445 4204 f.
457 4153 537 4215 3051),
551 4155 597 4216 Η.
927 4157 1028 4208 ‘Corn
1039 4161 1105 4223 ipro.

348 4219 359 4252 ²
376 4219 446 4269 Gerr.
457 4221 589 4270 Iohanne.
927 4221 939 4254 ⁷
954 4223 1025 4276 corr.
1039 4227 1104 4288 ipra

348 4285 525 4337 'Commeat
563 4283 843 4337 Mabelanddoanare
925 4285 1163 4353 'Comeret-am
1179 4291 1357 4342 rheadland.

315 4350 425 4401 infante.
927 4351 937 4384 ⁸
953 4355 1033 4413 seille,
1050 4370 1067 4405 a
1084 4355 1154 4418 ridge
1170 4357 1284 4408 between
1303 4365 1353 4407 two
1370 4359 1423 4407 fur·

347 4415 359 4446 ⁴
374 4415 427 4466 But
438 4415 484 4466 the
495 4415 563 4466 word
575 4415 598 4466 is
609 4429 681 4468 mora
692 4415 743 4467 like
755 4417 818 4466 ideo.
892 4433 967 4468 roua.
