3167 5075
419 418 537 467 cosin
559 417 659 480 snos,
682 420 745 469 nn.
771 406 931 481 1235-6,
954 420 1016 471 na
1041 408 1091 471 20.
1168 366 1172 375 ι
1246 406 1306 474 171

195 615 267 658 ιιοιι
281 592 379 659 dehet
393 591 470 657 inde
484 591 556 657 fieri
570 591 649 677 quia
662 592 750 658 idem
764 592 873 659 Rades
888 593 968 659 tulit
986 594 1086 659 breue
1101 594 1195 659 Dom.
1210 593 1311 681 Regis

196 697 242 762 de
256 695 470 782 inquisicione
484 694 632 761 facienda
646 696 687 762 de
702 696 800 762 landa
813 696 854 762 de
869 719 935 783 qna
953 698 1054 762 assisa
1074 695 1233 762 aramiata
1251 704 1311 774 est,

197 824 261 888 per
286 822 385 887 quam
410 799 480 886 ipse
506 799 685 886 Episcopus
710 801 917 887 recuperauit
941 801 1018 867 inde
1044 800 1195 866 saisinam
1218 823 1311 866 suam

197 926 309 971 coram
333 904 427 970 Dom.
450 904 541 991 Rege
566 904 655 991 apud
682 902 912 981 Grimstonam,
934 912 970 969 et
994 904 1071 970 iude
1096 912 1194 970 uocat
1217 905 1310 970 Dom

196 1008 328 1095 Regem
343 1006 385 1073 ad
399 1014 590 1072 warantum.
636 1007 679 1072 Et
697 1028 782 1072 anno
801 1006 959 1093 preterito
980 1007 1111 1093 quando
1130 1007 1224 1073 Dom
1239 1008 1311 1073 Rex

195 1112 306 1177 iratus
328 1112 393 1178 fuit
414 1134 489 1178 cum
512 1112 605 1177 Dom.
623 1110 796 1198 Episcopo²
810 1110 875 1176 fuit
893 1111 964 1197 ipse
983 1111 1164 1177 disseisitus
1181 1119 1217 1176 et
1231 1119 1311 1177 tuno

163 1304 166 1309 Ι
196 1216 321 1282 habuit
348 1216 437 1282 idem
463 1215 572 1282 Rades
596 1215 748 1281 saisinam
774 1238 834 1302 per
858 1215 952 1280 Dom.
978 1216 1113 1304 Regem,
1139 1225 1174 1281 et
1198 1223 1313 1302 postea

198 1319 333 1405 quando
361 1320 431 1406 ipse
458 1320 636 1407 Episcopus
661 1319 887 1385 reconciliatus
911 1319 976 1385 fuit
1001 1342 1075 1385 cum
1102 1320 1196 1385 Dom
1220 1320 1312 1407 Rege

198 1424 321 1490 habuit
353 1426 453 1491 breue
489 1426 582 1491 Dom.
614 1426 714 1513 Regis
743 1424 784 1491 dc
814 1425 999 1491 rehabendo
1033 1426 1185 1492 saisinam
1219 1450 1310 1493 suam

198 1528 333 1614 qualem
347 1527 438 1615 prius
453 1528 569 1594 habuit
584 1535 620 1594 et
634 1528 707 1595 ideo
722 1551 788 1594 non
803 1528 936 1595 uidetur
955 1528 1002 1596 cis
1024 1530 1111 1616 quod
1134 1530 1312 1618 Episcopus

198 1652 259 1695 cos
273 1630 349 1696 inde
364 1630 549 1699 disseisiuit

271 1733 314 1798 Et
328 1733 416 1800 idem
431 1733 540 1799 dees
554 1742 590 1799 ct
604 1735 723 1800 Emma
737 1733 852 1801 dicunt
865 1736 953 1823 quod
966 1745 1044 1803 ante
1064 1737 1311 1824 inquisicionem

198 1836 295 1902 illam
317 1838 450 1902 fixerunt
469 1838 532 1924 ipsi
553 1836 707 1903 disseisiti
720 1839 786 1904 iam
801 1860 858 1904 sex
873 1840 967 1905 annis
981 1840 1099 1927 elapsis
1113 1843 1312 1928 etamplius,

199 1948 239 2007 et
252 1962 420 2027 nunquam
435 1948 549 2025 postea
563 1940 749 2006 habuerunt
763 1941 841 2007 inde
856 1942 1008 2007 seisinam
1020 1944 1069 2008 its
1079 1943 1165 2030 quod
1180 1945 1312 2031 expleta

197 2044 280 2110 inde
295 2054 455 2131 caperent
492 2044 538 2109 Et
552 2066 654 2131 quum
670 2044 849 2133 Episcopus
863 2054 898 2112 et
912 2046 1004 2112 Prior
1018 2046 1118 2112 nichil
1133 2048 1310 2114 ostendunt

197 2147 244 2213 de
259 2146 347 2213 dicto
360 2170 428 2225 suo,
442 2147 681 2213 consideratum
699 2158 750 2214 est
768 2148 856 2235 quod
875 2172 915 2215 ex
935 2149 1141 2216 habundanti
1162 2151 1311 2237 capiatur

198 2250 310 2329 amisa
325 2251 374 2317 ita
387 2251 474 2337 quod
488 2251 517 2316 si
530 2250 625 2318 Dom.
640 2252 712 2317 Rex
727 2252 934 2319 warentiame
948 2253 1091 2318 uoluerit
1104 2253 1165 2319 hoc
1179 2253 1266 2340 quod
1286 2257 1291 2340 Ι

199 2356 382 2443 Episcopus
396 2354 485 2433 dicit,
499 2355 564 2442 ipsi
578 2354 687 2421 Rades
707 2364 742 2421 et
762 2356 880 2422 Emma
901 2357 1092 2443 perquirant
1112 2358 1175 2422 sihi
1197 2379 1310 2423 uersus
1360 2375 1403 2426 11¹⁰
1410 2376 1439 2426 a]

198 2461 297 2527 Doni
323 2461 457 2549 Regem,
479 2459 565 2525 etsi
588 2458 682 2525 Doni
709 2460 780 2525 Rex
806 2482 872 2526 non
898 2461 1158 2527 warentiaauerit
1187 2462 1309 2529 factum

199 2567 364 2654 Episcopi,
378 2565 523 2632 habeant
536 2567 603 2632 tale
617 2580 808 2653 recuperare
822 2567 918 2654 quale
933 2566 1108 2634 debebunt

268 2671 438 2737 «iuratores
459 2669 574 2735 dicunt
596 2668 683 2756 quod
705 2668 884 2758 Episcopus
905 2669 1082 2736 disseisiuit
1105 2693 1160 2736 eos
1182 2679 1234 2737 set
1254 2695 1311 2738 ne·

199 2776 312 2844 sciunt
330 2776 358 2841 si
376 2797 436 2862 per
449 2781 630 2841 warantum
652 2775 746 2841 Dom.
762 2775 863 2862 Regis
876 2776 931 2841 uel
945 2797 1018 2842 non
1063 2776 1189 2842 Dicunt
1210 2777 1312 2844 eciam

200 2877 291 2967 quod
310 2878 402 2944 Prior
420 2897 486 2943 non
505 2877 691 2944 disseisiuit.
735 2878 781 2943 Et
803 2877 876 2943 ideo
898 2877 990 2943 Prior
1010 2877 1087 2944 inde
1109 2879 1180 2944 sine
1201 2879 1255 2946 die
1277 2889 1313 2947 et

201 2983 312 3051 Rades
340 2983 376 3048 in
405 2980 630 3048 misericordia
690 2981 798 3048 Datus
826 2990 878 3047 est
892 2981 954 3048 acis
981 2980 1052 3048 dies
1080 2983 1122 3050 de
1151 2982 1312 3051 audiendo

200 3085 324 3152 indicio
338 3107 397 3152 suo
412 3092 472 3150 etc

269 3189 389 3255 Postea
409 3187 498 3276 apud
519 3187 697 3254 Wdostoke
719 3188 813 3254 Dona
829 3189 900 3254 Rex
917 3190 1140 3256 warentizauit
1160 3191 1311 3258 saisinam

201 3295 266 3382 ipsi
288 3293 457 3381 Episcopo,
472 3302 507 3359 et
526 3293 600 3359 ideo
620 3293 729 3360 Rades
748 3301 783 3359 et
803 3293 921 3359 Emma
941 3294 1042 3360 nichil
1064 3295 1132 3382 cap'
1154 3296 1311 3362 asdsam'.

203 3400 248 3465 Et
263 3398 443 3486 Episcopus
464 3399 629 3485 cognoscit
645 3398 732 3487 quod
746 3398 847 3464 nichil
861 3398 981 3464 clamat
995 3399 1030 3464 in
1045 3407 1234 3467 tenemento
1247 3401 1311 3481 illo,

202 3505 281 3592 quia
294 3503 379 3570 illud
394 3511 445 3570 est
459 3503 578 3570 Primis
593 3503 820 3570 Karleolensis
865 3504 909 3571 Et
923 3504 997 3571 ideo
1011 3528 1083 3571 sum
1084 3506 1165 3572 'etc

55 3619 161 3683 1154„
267 3605 484 3693 Loquendum
499 3627 574 3671 cum
590 3605 683 3672 Dom.
699 3607 791 3694 Rege
805 3605 847 3671 de
862 3605 1014 3673 libertate
1029 3607 1070 3673 de
1090 3606 1286 3695 Ooplande
1276 3631 1311 3674 m
1324 3625 1452 3666 mma

201 3735 268 3799 qua
291 3710 493 3778 consuetudo
518 3711 595 3777 talis
625 3720 675 3778 est
704 3711 791 3798 quod
819 3712 849 3777 si
876 3712 995 3799 aliquis
1023 3713 1197 3800 deliquerit
1225 3673 1368 3800 qnod⁰⁰⁹

201 3816 320 3883 debeat
341 3815 520 3882 secundum
543 3816 649 3903 legem
673 3823 758 3881 tene
780 3814 931 3903 utlagari,
951 3816 1007 3882 ille
1033 3816 1090 3902 qui
1115 3817 1313 3906 utlagaudus

200 3929 252 3986 est
280 3918 551 4007 interrogabitur⁴
584 3918 626 3985 ad
660 3940 772 3985 omnes
801 3919 907 3986 curias
936 3941 1017 4006 quas
1045 3919 1196 3986 dominus
1224 3921 1313 3988 illius

200 4025 364 4092 libertatis
379 4023 508 4090 tenebit
522 4045 690 4112 quousque
706 4025 866 4090 terminus
879 4047 908 4090 r.
923 4024 1141 4091 comitatuum
1156 4026 1313 4112 preteriit,

198 4139 235 4196 et
247 4137 329 4196 tunc
342 4127 586 4216 presentabitur
600 4127 729 4214 loquela
742 4127 800 4193 illa
813 4127 856 4194 ad
870 4127 1065 4195 comitatum
1075 4129 1267 4215 proximum,
1278 4138 1313 4196 et

230 4326 293 4376 ¹As
303 4330 331 4376 to
341 4325 398 4376 thia
409 4323 513 4386 quarrel
523 4338 566 4374 sac
577 4323 644 4375 Gasc
654 4324 710 4376 741.
810 4323 1026 4421 ⁸(louplund,in
997 4325 1062 4374 mil
1065 4324 1288 4376 o.rthumberland

230 4391 330 4442 ¹.(lorr
352 4391 438 4441 nictit
461 4391 567 4453 copiunt
592 4403 638 4454 per
664 4390 728 4439 hauc
813 4388 923 4440 ⁴1ch
940 4395 968 4439 to
984 4389 1016 4440 be
1030 4389 1309 4454 demandedexsclad,

197 4459 314 4509 oubam.
781 4456 829 4516 put
841 4453 995 4518 instigent.
