3167 5075
351 343 415 408 600
458 358 550 408 aran
571 357 616 406 or
637 357 840 408 rnrrsnncr,
862 357 901 406 ιι(
923 355 1026 417 unu,
1047 355 1113 406 an.
1137 339 1230 419 1227,
1252 358 1316 408 aa
1340 347 1389 408 ll.

349 541 471 600 cartam
487 533 575 599 illam
591 531 622 598 ei
641 530 859 607 warentiam,
873 528 951 616 quia
970 527 994 594 J
995 527 1138 594 ohannes
1157 528 1258 617 Oapel
1280 554 1337 618 per
1358 557 1446 620 quem

349 640 468 705 clamat
483 645 602 704 terram
623 637 714 702 illam
731 657 900 721 nunquam
923 633 1033 699 tenuit
1053 633 1145 699 illam
1163 633 1200 699 in
1219 635 1380 704 dominico
1396 663 1448 704 nec

349 761 505 826 umquam
520 739 610 804 illam
625 739 656 804 ei
670 737 771 814 dedit,
787 745 823 803 et
842 744 991 823 preterea
1009 733 1097 800 idem
1116 736 1244 802 Alanus
1264 761 1328 804 non
1347 742 1449 827 potuit

350 855 469 912 terram
484 845 574 910 illam
590 844 652 910 sibi
666 842 837 930 adquirere
851 841 929 928 quia
942 849 1029 906 terra
1043 840 1100 906 illa
1107 841 1173 906 fuit
1186 842 1239 907 ius
1249 852 1285 909 et
1294 843 1451 912 hereditas

349 949 496 1016 Dionisie
512 947 621 1014 uxoris
635 947 737 1034 ipsius
753 945 861 1024 Alani,
883 945 932 1010 ita
952 944 1038 1031 quod
1058 952 1179 1010 terram
1201 946 1292 1012 illam
1312 955 1450 1036 tempore

349 1075 413 1140 quo
428 1059 518 1118 carta
536 1050 594 1116 illa
613 1050 728 1116 debuit
748 1049 820 1114 fieri
839 1048 950 1114 tenuit
971 1070 1046 1112 cum
1068 1047 1140 1134 ipsa
1159 1048 1316 1128 Dionisia,
1330 1060 1367 1118 et
1387 1053 1451 1140 ipsa

349 1154 497 1220 Dionisia
526 1153 634 1219 tenuit
663 1151 844 1240 predictam
873 1160 994 1216 terram
1023 1150 1064 1215 dc
1093 1150 1244 1217 Johannc
1268 1153 1371 1240 Gapel
1399 1179 1451 1242 per
1543 1182 1544 1243 j

350 1257 488 1324 seruicia
502 1265 536 1323 et
552 1255 803 1322 consuetudines
817 1254 953 1331 debitas,
968 1261 1004 1318 et
1022 1252 1094 1340 ipsa
1113 1253 1261 1321 Dionisia
1278 1256 1363 1322 obiit
1382 1258 1450 1324 inde
1543 1264 1544 1299 1

350 1362 461 1428 saisita
475 1369 515 1426 ut
529 1361 570 1426 de
585 1360 678 1427 feodo
693 1368 728 1426 et
742 1360 814 1424 iure
829 1382 897 1436 suo,
917 1367 952 1424 et
971 1357 1059 1424 idem
1078 1359 1204 1425 Alanus
1222 1361 1322 1426 nichil
1337 1362 1451 1428 habere
1543 1352 1544 1355 ¹

349 1475 458 1556 potest
479 1466 514 1531 in
537 1474 623 1532 terra
644 1465 701 1530 illa
723 1465 786 1529 nisi
809 1464 936 1529 racione
957 1463 1097 1529 filiorum
1120 1472 1154 1529 et
1176 1465 1332 1530 heredum
1357 1466 1452 1553 ipsius

349 1571 504 1650 Dionisie,
524 1578 559 1635 et
580 1569 706 1635 desicut
727 1569 914 1634 continetur
935 1567 971 1632 in
992 1576 1082 1633 carta
1103 1589 1201 1654 quam
1223 1567 1310 1634 idem
1332 1571 1453 1636 Alanus

349 1678 450 1743 habet
464 1675 550 1763 quod
565 1674 730 1762 predictus
745 1675 768 1740 J
768 1675 913 1740 ohannes
926 1672 1019 1739 dedit
1033 1682 1068 1739 ct
1078 1674 1235 1740 conoessit
1246 1683 1281 1740 et
1295 1675 1452 1742 franchili-

350 1780 439 1847 cauit
461 1787 495 1844 et
515 1778 719 1844 confirmauit
740 1778 847 1843 eidem
865 1777 971 1842 Alano
990 1800 1048 1864 pro
1065 1777 1216 1865 homagio
1237 1801 1296 1844 suo
1315 1787 1351 1845 et
1371 1781 1451 1846 idem
1544 1766 1545 1823 Ῑ

349 1883 475 1949 Alanus
490 1904 658 1968 nunquam
673 1881 791 1948 habuit
806 1889 927 1947 terram
937 1881 1028 1945 illam
1040 1904 1080 1946 ex
1090 1881 1175 1946 dono
1184 1880 1287 1967 ipsius
1297 1882 1454 1948 Johannis

348 2007 408 2051 nec
437 1985 501 2051 alio
530 1984 634 2063 modo,
664 1985 750 2071 petit
779 1984 938 2050 iudicium
967 1984 996 2050 si
1024 1983 1144 2050 debeat
1175 1984 1321 2071 predicto
1352 1987 1453 2052 Alano

348 2090 548 2178 respondere.

414 2197 458 2261 Et
472 2196 598 2260 Alanus
613 2195 777 2283 cognoscit
790 2194 878 2281 quod
893 2203 980 2260 terra
999 2193 1055 2258 illa
1077 2214 1191 2258 reuera
1209 2193 1274 2259 fuit
1292 2195 1453 2262 hereditas
1545 2278 1546 2281 Ἴ

348 2299 494 2366 Dionisie
509 2300 617 2364 uxoris
632 2321 689 2365 sue
710 2307 745 2364 et
765 2299 853 2386 quod
872 2321 1040 2385 nunquam
1065 2299 1155 2363 illam
1176 2299 1293 2365 habuit
1311 2323 1354 2366 ex
1374 2301 1453 2367 dono
1545 2306 1546 2313 ’

347 2404 449 2491 ipsius
464 2403 633 2482 Johannis,
648 2411 699 2470 set
720 2403 801 2469 dicit
821 2403 907 2490 quod
925 2403 1013 2469 idem
1037 2403 1204 2468 Johannos
1225 2411 1348 2470 terram
1367 2406 1453 2472 illam

413 2614 458 2677 Et
480 2613 558 2699 quia
579 2612 744 2699 predictus
766 2612 892 2677 Alanus
914 2611 1067 2700 cognouit
1088 2612 1175 2699 quod
1196 2612 1313 2679 habuit
1335 2624 1453 2681 terram

348 2509 379 2575 ei
393 2508 629 2575 franchificauit
644 2516 679 2574 et
693 2507 779 2595 petit
793 2507 960 2574 iudicium.

348 2741 406 2805 per
435 2742 567 2784 uxorem
590 2741 682 2783 suam
705 2726 739 2783 et
762 2740 837 2782 cum
859 2740 899 2783 ea
920 2726 955 2782 et
976 2740 1042 2782 non
1064 2740 1104 2783 ex
1125 2718 1210 2783 dono
1231 2720 1401 2799 Johannis,
1421 2732 1452 2785 et

348 2830 497 2911 preterea
511 2824 588 2911 quia
602 2824 750 2889 Dionisia
764 2846 932 2911 nunquam
946 2822 1071 2889 dimisit
1085 2846 1120 2889 se
1135 2831 1170 2889 et
1184 2824 1267 2889 obiit
1285 2825 1400 2891 saisita
1417 2835 1454 2891 nt
1546 2885 1547 2888 ,

348 2926 389 2992 de
418 2927 511 2992 feodo
541 2950 608 3005 suc,
637 2950 697 2992 nec
725 2926 814 2993 idem
844 2927 969 2992 Alanus
998 2927 1122 3014 aliquid
1145 2926 1223 2992 inde
1247 2928 1365 2993 habuit
1393 2929 1453 2995 nisi

348 3029 474 3096 racione
501 3030 646 3096 custodie
670 3028 844 3117 puerorum
869 3054 1000 3097 suorum
1022 3031 1236 3097 etheredum
1258 3033 1367 3099 uxoris
1388 3056 1453 3111 sue,

347 3134 584 3200 consideratum
600 3144 651 3201 est
666 3136 752 3222 quod
766 3159 833 3201 non
848 3144 1003 3202 tenentur
1017 3145 1139 3203 terram
1153 3137 1243 3203 illam
1259 3138 1291 3203 ei
1304 3138 1452 3204 warenti-

347 3259 418 3303 rare
433 3259 493 3302 nec
508 3246 639 3315 cartam,
655 3247 689 3304 et
703 3238 777 3303 ideo
792 3238 868 3304 inde
884 3240 989 3326 quieti
1000 3248 1035 3305 et
1044 3241 1170 3305 Alanus
1183 3241 1219 3305 in
1235 3241 1452 3307 misericordia

347 3348 406 3407 etc.

213 3458 305 3529 1772·
412 3443 540 3509 ¹Assisa
554 3444 647 3509 uenit
662 3446 868 3534 recognitura
883 3446 911 3511 si
926 3447 1089 3513 Robertus
1103 3446 1172 3513 Roc
1186 3456 1281 3535 pater
1295 3449 1452 3515 Willelmi

345 3556 380 3613 ct
394 3548 555 3614 lobannis
570 3548 633 3613 fuit
648 3550 777 3615 saisitus
791 3551 828 3616 in
842 3552 1003 3617 dominico
1017 3575 1075 3618 suo
1091 3561 1130 3619 ut
1149 3553 1191 3619 de
1212 3554 1305 3620 feodo
1318 3554 1361 3620 de
1375 3555 1451 3620 dim

344 3652 425 3739 uirg.
456 3660 541 3717 terre
571 3676 646 3719 cum
675 3664 755 3742 pert.
787 3656 823 3720 in
847 3656 958 3723 Strete
980 3656 1034 3723 die
1057 3666 1127 3736 etc,
1153 3667 1188 3724 et
1210 3659 1239 3724 si
1259 3667 1330 3736 etc,
1352 3682 1449 3745 quam

180 3780 325 3869 mm
344 3764 464 3822 terram
495 3759 680 3826 Willelmus
708 3760 749 3825 de
779 3761 898 3826 Pucot'
935 3770 1036 3828 tenet.
1095 3764 1140 3827 Et
1175 3786 1241 3829 non
1278 3763 1380 3840 uenit,
1417 3772 1451 3829 et

179 3876 299 3962 mm
344 3870 502 3927 testatum
519 3863 670 3949 estquod
685 3864 869 3930 Willelmus
887 3887 952 3930 non
973 3865 1073 3931 habet
1095 3866 1172 3931 inde
1191 3866 1255 3931 nisi
1269 3866 1449 3932 custodiam

179 3970 293 4064 Q&
343 3974 378 4031 et
407 3966 449 4031 ad
479 3966 605 4032 firmam
635 3968 677 4033 ad
707 3991 811 4035 unum
841 3992 964 4034 annum
985 3978 1059 4057 post
1080 3971 1169 4037 huno
1191 3972 1367 4037 terminum
1391 3994 1449 4058 per

177 4064 316 4154 ffiwffl
342 4070 526 4137 Johannem
551 4072 661 4138 Bretel
683 4073 740 4159 qui
761 4096 827 4138 non
850 4072 967 4139 habuit
987 4073 1064 4139 inde
1085 4074 1149 4140 nisi
1171 4075 1358 4142 custodiam
1404 4076 1446 4140 Et

341 4184 526 4243 attornatus
547 4177 707 4244 Johannis
728 4200 861 4264 presens
882 4185 933 4243 est
954 4178 1171 4267 etncognoscit
1189 4178 1276 4265 quod
1296 4202 1361 4245 non
1380 4188 1447 4244 tra-

568 4382 738 4437 ιΔ.ιιι.8(1.
1047 4385 1203 4447 ‘rcum
