3167 5075
165 389 252 438 nrnn
274 389 318 439 or
339 390 540 440 rsrrsnonn
564 391 602 440 ns
624 387 726 452 nnsr,
747 389 813 440 nn.
837 372 931 451 1227,
952 391 1016 441 sn
1041 375 1090 439 11.
1136 373 1199 439 597

110 562 358 630 Bartholomeum
373 563 414 629 de
429 564 616 652 Deingtona
630 562 811 629 manerium
825 563 867 628 de
886 563 1077 650 Hnmptono
1095 562 1200 627 otius

109 691 200 746 suom,
214 667 250 732 in
264 669 350 753 quod
365 668 452 734 idem
467 669 714 734 Bnrtholomeus
733 691 798 734 non
819 669 919 735 habet
939 668 1118 756 ingressum
1136 667 1200 732 nisi

109 794 158 858 per
171 770 345 836 Radnlfum
360 771 401 837 de
422 772 623 838 Grenestono
643 773 806 860 qnondam
827 773 934 839 uirum
954 773 1056 860 ipsius
1076 773 1200 851 Emme,

109 876 157 962 qni
180 875 259 940 illud
284 876 314 940 ei
340 875 472 954 dimisit,
495 877 549 943 oui
571 878 642 965 ipsa
665 879 700 943 in
723 879 795 944 uite
815 901 876 944 sue
896 876 1114 943 contrndioere
1136 899 1200 940 non

108 980 214 1067 potuit,
229 982 268 1046 nt
282 979 362 1046 dicit
377 990 436 1050 ete.

165 1084 204 1148 Et
220 1084 466 1151 Bartholomeus
480 1087 574 1152 uenit
588 1095 623 1153 et
638 1087 718 1153 dicit
732 1088 819 1174 quod
833 1088 868 1152 in
883 1087 972 1153 curio
991 1088 1084 1152 Dorn
1101 1085 1201 1173 Regis

107 1187 183 1274 opud
198 1188 484 1254 Bermundeseiem
499 1189 551 1255 ¹in
565 1191 655 1257 ouria
669 1192 763 1257 Dom.
776 1191 1200 1279 Regis¹oornmiusticia1iis

107 1292 326 1358 itinerantibus
336 1296 540 1380 recuperauit
554 1295 624 1382 ipse
639 1296 736 1383 xxxij.
755 1319 845 1362 aoros
866 1305 952 1362 terre
972 1319 1046 1361 cum
1067 1305 1140 1381 pert
1158 1294 1200 1360 de

106 1397 208 1462 eedem
223 1406 312 1463 terre
326 1398 360 1463 in
375 1400 565 1485 Hamptono
580 1423 691 1465 uersus
706 1400 884 1465 Redulfnm
895 1400 936 1466 de
952 1400 1152 1466 Grenestonn
1166 1408 1201 1466 et

106 1500 276 1586 predictam
297 1501 455 1579 Emmam,
470 1510 509 1566 ut
532 1502 759 1568 racionabilem
779 1512 906 1590 portem
926 1525 1027 1580 suam,
1042 1525 1105 1590 que
1125 1526 1201 1568 eum

106 1605 306 1694 contingebat
321 1606 361 1671 de
377 1606 559 1672 hereditate
576 1607 716 1673 Simonis
731 1607 772 1672 de
784 1607 972 1694 Deingtona
985 1608 1087 1694 petris
1100 1607 1203 1694 ipsius

105 1709 318 1775 Bartholomei
333 1718 367 1774 et
382 1710 437 1776 eui
451 1711 546 1776 istius
561 1711 676 1776 Emme
691 1719 729 1776 ut
744 1711 785 1776 de
801 1720 888 1776 terre
901 1711 1053 1797 partibili.

164 1815 206 1878 Et
222 1815 341 1880 Emma
354 1813 434 1880 dicit
449 1815 535 1901 qnod
550 1815 714 1902 predictus
729 1815 976 1881 Bnrtholomeus
991 1816 1112 1882 iniuste
1122 1815 1202 1881 dicit

104 1919 182 2004 quod
198 1929 286 1985 terro
300 1928 350 1984 est
369 1920 538 2005 partibilis,
560 1921 637 2007 quio
651 1930 738 1986 terra
752 1921 809 1985 illa
823 1921 887 1985 fuit
902 1920 1047 1986 stannum
1063 1921 1202 2000 feodum,

104 2029 134 2085 et
147 2022 225 2088 dicit
241 2024 327 2110 quod
342 2024 370 2088 si
385 2022 528 2109 aliquem
543 2032 663 2089 terrem
678 2023 883 2110 recuperauit
894 2047 1007 2090 uersus
1021 2025 1203 2111 predictum

103 2126 276 2192 Rodulfum
291 2127 399 2192 uirum
414 2150 510 2192 suum
525 2126 585 2192 boo
600 2127 664 2193 fuit
678 2127 749 2214 ipsa
764 2128 943 2214 ignorante,
958 2129 1036 2213 quio.
1049 2129 1121 2215 ipsa
1139 2150 1205 2193 non

103 2231 249 2298 interfuit
271 2240 309 2297 ut
330 2231 409 2298 dicit
430 2255 489 2297 nec
508 2232 625 2318 aliquis
643 2255 701 2318 pro
724 2254 771 2309 ea,
792 2240 828 2296 et
849 2232 936 2317 quod
957 2232 1119 2318 partibilis
1140 2255 1205 2297 non

103 2335 170 2412 snit,
193 2336 274 2423 quia
297 2335 430 2422 quidem
460 2336 576 2401 Comes
605 2335 767 2400 Robertus
791 2334 832 2399 de
856 2335 922 2399 Ver
950 2334 1043 2400 dedit
1060 2335 1066 2420 Ι
1085 2344 1205 2400 terrem

103 2440 187 2505 illnrn
211 2440 255 2506 de
279 2439 438 2506 dominico
464 2462 522 2504 suo
549 2439 677 2504 cuidam
702 2438 841 2504 Osberto
864 2439 1050 2505 marescallo
1079 2463 1146 2518 suo,
1172 2448 1207 2505 et

102 2546 184 2611 idem
202 2547 363 2613 Osbertus
378 2545 469 2610 dedit
484 2554 604 2610 terrem
619 2544 709 2609 illem
725 2544 827 2609 Priori
842 2544 883 2609 de
899 2545 1055 2622 Hortona,
1070 2555 1105 2610 et
1119 2545 1207 2610 idem

102 2650 189 2715 Prior
204 2650 333 2717 Simoni
348 2672 410 2714 ouo
425 2650 520 2713 istius
534 2650 659 2725 Emme,
682 2657 716 2713 et
738 2648 777 2713 de
798 2647 869 2735 ipso
889 2650 1021 2714 Simone
1041 2648 1208 2715 descendit

103 2762 185 2821 terre
199 2755 260 2821 illa
275 2754 441 2840 Stephano
457 2752 543 2839 patri
558 2753 653 2818 istius
670 2754 792 2819 Emme.

162 2860 208 2925 Et
223 2858 474 2925 Bartholomeus
488 2857 581 2922 uenit
597 2866 630 2922 et
646 2857 725 2923 dicit
741 2858 826 2943 quod
841 2858 949 2923 iurata
969 2868 1065 2946 copta
1084 2860 1148 2925 fuit
1167 2860 1209 2926 de

101 2966 247 3050 predicta
270 2972 358 3029 terra
380 2986 486 3027 coram
510 2962 704 3040 iustioinriis,
729 2971 763 3027 et
787 2963 873 3049 quod
897 2962 970 3050 ipsa
991 2986 1122 3051 presens
1146 2964 1210 3029 luit

101 3069 156 3134 ubi
177 3071 250 3156 ipse
271 3067 476 3154 recuperauit
497 3090 556 3154 per
577 3067 716 3132 iuratam
741 3067 840 3144 illam,
863 3077 897 3133 et
919 3068 959 3133 de
981 3068 1040 3133 hoo
1061 3068 1153 3155 ponit
1175 3092 1210 3133 se

101 3193 195 3259 super
209 3172 371 3237 iuratores
388 3170 476 3235 illins
495 3170 600 3235 assise.
648 3169 693 3234 Et
712 3178 826 3256 postea
849 3179 1007 3236 testatum
1030 3171 1116 3258 quod
1137 3194 1210 3257 pne·

100 3274 186 3343 dicta
201 3279 322 3343 Emmo
335 3298 503 3362 nunquam
517 3284 631 3361 postea
645 3276 796 3341 seisinam
811 3275 928 3341 babuit
939 3277 979 3342 de
994 3276 1104 3363 aliqua
1117 3285 1210 3364 perte

101 3380 186 3446 illius
202 3390 291 3447 terre
306 3388 379 3466 post
399 3388 536 3444 mortem
557 3378 688 3443 deulfi
711 3378 775 3443 uiri
794 3379 846 3443 sni
861 3379 923 3444 etsi
941 3380 1103 3466 partibilis
1117 3388 1210 3446 esset.

102 3486 144 3551 Et
168 3486 247 3552 ideo
272 3484 509 3550 consideratum
532 3492 582 3549 est
607 3483 695 3569 quod
720 3483 905 3569 inquiretur
927 3506 986 3569 per
1006 3484 1163 3549 iuratores
1184 3484 1212 3549 si

102 3590 268 3676 predictus
299 3588 545 3654 Bartholomeus
570 3588 671 3653 elium
694 3588 811 3653 habuit
832 3588 1013 3675 ingressum
1034 3588 1069 3653 in
1091 3596 1210 3653 terrem

101 3696 188 3761 illam
205 3716 308 3782 quom
323 3717 382 3781 per
396 3692 578 3779 predictum
594 3692 772 3758 Redulfum
788 3693 897 3758 uirum
911 3716 1014 3759 sunm.

163 3801 338 3866 «iuratores
353 3796 467 3863 dicunt
482 3798 568 3883 qnod
583 3797 747 3883 predictus
760 3798 947 3884 Stephanus
962 3808 1055 3885 poter
1068 3797 1212 3883 predicte

103 3906 218 3971 Emme
247 3902 358 3969 tenuit
380 3910 484 3967 totam
509 3910 627 3965 terram
650 3901 741 3966 illem
763 3902 890 3989 integre
912 3911 985 3967 toto.
1005 3902 1077 3968 uite
1097 3925 1157 3967 sua
1179 3911 1214 3968 et

102 4008 176 4073 inde
192 4008 280 4074 obiit
295 4006 433 4082 seisitus,
448 4013 483 4069 et
499 4004 585 4090 quod
599 4004 747 4090 predicta
767 4006 884 4069 Emma
902 4013 976 4091 post
998 4027 1074 4070 eum
1094 4005 1214 4083 tenuit,

102 4122 136 4176 et
150 4112 241 4199 qnod
257 4110 345 4176 idem
360 4108 607 4174 Bartholomeus
622 4131 687 4172 non
702 4108 819 4174 habuit
838 4109 1017 4197 ingressum
1039 4109 1075 4175 in
1095 4118 1216 4176 terrem

102 4220 193 4286 illnm
220 4218 288 4285 nisi
310 4240 370 4305 per
390 4216 574 4304 predictum
597 4215 776 4281 Radulfum
798 4216 907 4281 uirum
929 4239 1032 4283 suurn
1078 4216 1123 4282 Et
1143 4217 1217 4284 ideo

565 4402 601 4435 Η
620 4402 679 4455 om⁸
690 4402 721 4454 A<
