3167 5075
338 390 456 441 consu
479 390 578 453 ausa,
599 386 665 441 an.
689 376 934 453 1236-7‚aa
958 379 1010 443 21.
1163 372 1227 445 2³19

142 581 190 646 per
201 569 314 625 eartam
329 583 423 627 suam
437 560 616 627 seeundum
631 559 719 648 quod
732 561 821 628 idem
841 561 1006 629 Robertus
1018 561 1100 629 dieit
1112 562 1230 631 dieunt

142 664 214 750 quod
231 664 327 731 nichil
347 666 456 731 sciunt
475 688 535 731 nee
552 666 663 752 aliqua
676 676 766 732 carta
779 666 857 733 inde
871 675 1000 733 ostensa
1014 668 1079 734 fuit
1093 668 1158 735 nisi
1171 691 1230 755 per

140 768 292 833 dimidium
322 791 446 835 annum
475 776 549 855 post
578 778 717 835 mortem
742 769 845 856 ipsius
869 771 1056 838 Alexandri
1111 772 1231 839 Postea

140 870 218 935 uenit
231 872 392 937 Robertus
406 880 441 937 et
455 871 535 937 dicit
554 872 642 958 quod
661 872 843 961 menagium
861 873 945 939 illud
959 874 991 941 ei
1005 875 1152 963 legatum
1165 877 1230 943 fuit

138 983 167 1037 et
183 996 241 1039 non
262 982 355 1039 tenet
376 996 412 1039 se
434 974 477 1039 ad
500 975 733 1040 leofamentum
760 997 820 1041 nee
842 975 886 1040 ad
910 986 1040 1043 cartam.
1085 979 1130 1044 Et
1153 979 1231 1067 quia

137 1076 210 1145 idem
224 1078 385 1144 Robertus
399 1086 491 1145 tenet
506 1100 540 1144 se
555 1078 598 1143 ad
613 1079 760 1165 legatum
774 1086 810 1145 et
823 1102 889 1146 non
903 1081 946 1146 ad
959 1090 1092 1161 sartam,
1103 1091 1138 1149 et
1152 1085 1231 1170 quia

137 1189 293 1269 postquam
323 1182 411 1248 idem
439 1183 626 1248 Alexander
651 1190 888 1250 testamentum
916 1207 1013 1251 suum
1038 1186 1117 1253 feeit
1141 1186 1230 1253 idem

136 1282 282 1351 Robertus
297 1284 455 1351 remansit
469 1284 632 1350 firmarius
645 1284 731 1350 siout
745 1286 836 1371 prius
847 1287 932 1352 etde
942 1310 1028 1354 anno
1039 1289 1230 1369 inannum¹‚

136 1388 359 1454 consideratum
374 1387 527 1473 estquod
545 1387 713 1453 lohannes
733 1390 940 1474 recuperauit
961 1390 1114 1457 seisinam
1135 1415 1229 1460 auam

135 1498 164 1557 et
178 1491 337 1557 Robertus
357 1491 393 1557 in
414 1490 640 1569 miserieordia,
660 1500 695 1557 et
716 1491 745 1557 si
766 1491 939 1558 crediderit
963 1516 998 1559 se
1023 1494 1075 1561 ius
1099 1496 1231 1576 habere,

135 1594 285 1680 perquirat
301 1594 364 1659 sibi
378 1594 407 1659 si
421 1594 563 1660 uoluerit
578 1593 656 1660 eta'

50 1694 105 1765 207.
189 1698 298 1764 Aseisa
311 1699 405 1765 uenit
415 1698 622 1785 recognitum
631 1698 660 1763 si
670 1694 857 1765 Alexander
866 1699 908 1766 de
918 1700 1229 1772 PointonaAlexan·

134 1800 184 1867 der
195 1802 277 1867 filius
292 1800 452 1867 Willelmi
466 1801 527 1866 filii
543 1801 649 1888 (lippe
665 1809 699 1866 et
713 1802 899 1869 Willelmus
914 1804 945 1869 le
961 1804 1092 1872 Seriant
1106 1807 1228 1875 iniuste

134 1914 186 1971 ete
205 1905 451 1971 disseisiuerunt
473 1905 658 1971 Johannem
680 1905 785 1971 filium
807 1906 929 1971 Albani
950 1908 991 1973 de
1014 1908 1116 1974 libero
1137 1919 1230 1978 tenea

134 2016 231 2075 mento
245 2032 303 2075 srro
318 2009 355 2075 in
369 2007 512 2074 Sutwico
532 2016 606 2094 post
620 2016 690 2086 ete,
705 2016 739 2072 et
754 2008 841 2073 unde
861 2008 1009 2095 queritur
1027 2010 1114 2096 quod
1133 2013 1229 2099 pauit

133 2112 218 2177 blada
239 2136 300 2179 sua
321 2120 357 2177 et
383 2111 564 2197 asportauit
586 2118 647 2177 etc.
692 2112 736 2175 Et
761 2112 947 2177 Alexander
970 2114 1064 2179 uenit
1089 2124 1124 2181 et
1147 2116 1228 2183 dieit

133 2216 208 2301 quod
221 2240 285 2283 non
300 2216 480 2283 dissaisiuit
500 2239 585 2295 eum,
605 2216 683 2303 quia
703 2238 818 2283 reuera
839 2218 980 2283 Thomas
1001 2218 1042 2284 de
1064 2220 1228 2287 Pinrebelr

133 2319 167 2383 de
180 2342 215 2385 eo
228 2329 321 2386 tenet
336 2320 466 2387 feodum
481 2320 564 2385 illud
577 2319 619 2385 de
640 2342 704 2407 quo
723 2320 812 2386 idem
833 2321 1000 2388 lohannes
1022 2332 1114 2389 tenet
1136 2334 1228 2393 tene·

131 2430 266 2488 mentum
277 2422 361 2487 illud
372 2422 487 2509 etipse
499 2421 606 2487 uoluit
617 2422 721 2487 faeere
736 2422 973 2489 districcionem
983 2446 1082 2510 super
1095 2425 1226 2494 feodum

132 2549 216 2593 suum
238 2552 296 2616 pro
322 2526 493 2615 arreragiis
515 2534 550 2592 et
573 2550 631 2614 pro
654 2525 811 2592 forinseeo
833 2526 978 2605 seruieio,
999 2537 1035 2594 et
1054 2528 1125 2617 ipse
1148 2530 1227 2598 feeit

130 2639 257 2698 arestare
279 2631 379 2698 blada
399 2653 460 2697 sua
481 2653 579 2718 super
600 2637 827 2696 tenementum
846 2629 929 2695 illud
948 2630 1071 2717 absque
1085 2656 1124 2698 eo
1138 2635 1226 2721 quod

130 2734 241 2821 aliquid
253 2735 332 2801 inde
346 2735 481 2812 amouit‚
491 2743 526 2800 et
540 2735 610 2821 ipse
625 2733 765 2800 nesciuit
780 2733 838 2798 ubi
853 2733 973 2800 faceret
988 2735 1225 2835 districcionem

130 2839 182 2904 uisi
196 2865 291 2928 super
305 2839 438 2906 feodum
453 2863 548 2904 suum
564 2849 625 2905 eto.

186 2945 226 3010 Et
248 2946 418 3011 lohannes
440 2943 520 3010 dicit
542 2944 629 3031 quod
651 2965 766 3009 reuera
787 2944 858 3029 ipse
880 2951 972 3009 tenet
998 2951 1224 3010 tenementum
1263 3017 1268 3028 ⁸

128 3047 200 3114 illud
221 3051 262 3116 de
284 3049 433 3137 predicto
456 3048 582 3113 Thema
603 3070 663 3135 per
686 3046 741 3132 xij.
766 3045 915 3111 denarios
938 3068 1141 3132 perannum
1167 3039 1225 3134 pro

128 3152 205 3216 omni
218 3153 366 3230 seruicio,
380 3160 415 3218 et
429 3151 518 3216 idem
537 3150 678 3216 Thomas
698 3149 798 3214 debet
819 3171 896 3214 eum
917 3149 1090 3217 defendere
1112 3160 1225 3218 eontra

126 3274 225 3320 ornnes
249 3255 399 3320 homines
424 3277 483 3340 per
508 3253 692 3341 predictum
718 3251 892 3317 seruioium
921 3260 956 3316 et
983 3252 1053 3337 ipse
1083 3253 1223 3320 Thomas

126 3353 216 3423 habet
230 3359 372 3445 eapitale
387 3357 568 3444 masagium
584 3365 619 3422 et
633 3355 723 3422 aliud
744 3363 970 3420 tenementum
985 3355 1043 3420 ubi
1057 3357 1223 3441 predictus

126 3459 299 3528 Alexander
320 3469 429 3548 potest
452 3461 555 3527 faeere
581 3459 820 3526 districcionem
843 3467 878 3524 et
900 3459 983 3524 solet
1004 3483 1063 3546 pro
1086 3461 1222 3527 semioio

124 3583 181 3640 suo,
197 3575 230 3632 et
244 3567 316 3653 ipse
330 3565 518 3632 Alexander
531 3587 630 3651 super
648 3565 709 3630 hoo
728 3564 824 3630 uenit
838 3571 873 3630 et
888 3587 953 3628 non
966 3563 1130 3649 pennittit
1144 3586 1220 3630 eum

125 3677 234 3734 metere
256 3670 356 3736 blada
377 3693 437 3735 sua
458 3669 558 3734 immo
580 3667 669 3754 capit
692 3665 830 3733 faoillas'
850 3689 925 3731 suas
944 3674 979 3732 et
998 3674 1091 3732 tenet
1109 3677 1222 3735 eontra

124 3769 245 3838 uadium
271 3781 308 3838 et
333 3773 479 3860 plegium
508 3780 544 3837 et
573 3772 676 3838 eciam
704 3793 770 3836 non
799 3769 964 3856 permittit
993 3792 1069 3834 eum
1097 3770 1219 3838 intrare

123 3872 152 3936 in
175 3883 400 3943 tenementum
426 3876 509 3941 illud
534 3883 586 3940 set
611 3874 643 3940 ei
669 3873 815 3938 minatur
839 3881 874 3937 et
902 3872 1007 3958 pascit
1035 3872 1132 3940 blada
1159 3896 1220 3942 aua

122 3998 175 4044 aue
314 4031 321 4046 .

175 4001 345 4148 ididiae
364 4081 479 4147 dieunt
499 4080 585 4168 quod
607 4080 736 4167 quando
757 4079 925 4145 Johannes
946 4077 1052 4143 uoluit
1073 4079 1217 4144 excolere

149 4287 156 4318 ¹
171 4291 197 4337 ia
207 4305 301 4344 anuum
311 4289 438 4353 repeated.
689 4285 770 4336 seiaed
782 4285 862 4346 John,
876 4284 929 4335 and
944 4284 1003 4335 that
1017 4283 1041 4334 is
1057 4285 1160 4350 enough
1174 4289 1216 4338 lor

148 4353 250 4406 ²There
267 4369 331 4418 may
349 4355 380 4404 be
402 4369 419 4404 a
440 4358 541 4404 eustom
563 4364 637 4403 sano-
688 4353 732 4402 the
743 4355 848 4414 present
857 4365 924 4400 oaae.

121 4417 211 4482 tioning
224 4419 325 4480 deviae3
344 4420 392 4470 but
409 4419 506 4470 Robert
521 4417 570 4469 has
585 4417 636 4469 dis-
720 4417 732 4450 ⁸
743 4419 849 4480 sacillo,
862 4415 904 4466 Fr.
911 4417 1029 4479 familie,
1042 4430 1059 4465 a
1070 4415 1155 4468 dokle.
