3167 5075
430 410 497 462 un.
521 395 682 474 1226-7,
703 409 766 462 nn
793 397 931 464 10-11.
1169 402 1237 470 ota

127 577 192 658 Qui
215 578 309 644 uenit
333 587 368 644 et
393 579 474 646 dicit
499 583 587 668 quod
612 582 713 648 assisa
735 590 806 648 non
825 582 925 650 debet
949 582 1026 650 inde
1052 583 1132 664 fieri,
1156 586 1237 672 quia'

126 682 290 768 predictus
314 683 490 748 Gaufridus
509 684 627 750 habuit
642 691 709 750 tres
728 685 813 751 filias
832 684 874 752 de
894 709 993 752 uxore
1014 687 1077 753 sibi
1097 689 1235 775 despon³

126 793 195 850 sata
218 807 282 872 que
306 787 413 852 adhuc
436 787 557 852 uiuunt
581 795 616 853 et
635 811 717 853 uxor
737 789 887 854 Gaufridi
906 790 1008 855 habet
1026 790 1103 856 inde
1123 791 1234 859 dotem

126 911 226 956 suam.

188 994 235 1058 Et
249 995 374 1060 Alanus
389 997 450 1062 hoc
465 996 637 1083 cognoscit,
653 1005 703 1062 set
717 996 799 1063 dicit
819 997 906 1084 quod
925 997 995 1084 ipse
1009 1007 1087 1066 nate
1102 1000 1236 1066 fuerunt

124 1105 301 1185 antequam
324 1100 550 1186 desponsasset
574 1122 707 1164 uxorem
731 1122 832 1166 suam
878 1101 923 1165 Et
943 1102 1021 1188 quia
1040 1103 1112 1190 ipsa
1135 1103 1236 1171 habet

124 1200 199 1265 iude
225 1201 335 1266 dotem
358 1225 460 1282 suam,
484 1203 723 1269 consideratum
749 1212 800 1268 est
826 1204 912 1290 quod
937 1205 1037 1270 assisa
1061 1229 1127 1272 non
1150 1207 1236 1276 iacet

125 1313 185 1370 etc.

42 1415 90 1478 183.
188 1408 379 1474 Marmaduc
403 1409 444 1474 de
464 1409 588 1496 Tucng'
609 1409 696 1495 petit
716 1430 831 1474 uersus
846 1409 1029 1475 Galfridum
1044 1410 1085 1477 de
1100 1412 1236 1479 Neuilla

123 1520 157 1577 st
183 1512 354 1577 Mabiliam
380 1537 514 1579 uxorem
544 1514 615 1579 eius
640 1514 722 1578 duas
748 1535 851 1578 caruc
878 1521 964 1580 terre
990 1538 1066 1580 cum
1091 1524 1172 1602 pert
1199 1516 1235 1582 in

123 1615 274 1692 Dictona,
288 1615 324 1679 in
338 1639 420 1702 quas
434 1638 499 1680 non
514 1616 616 1681 habet
630 1616 813 1702 ingressum
827 1616 892 1681 nisi
911 1639 970 1704 por
990 1618 1173 1684 Galfn'dum
1193 1619 1234 1686 de

123 1718 259 1784 Nouilla
272 1728 399 1804 patrem
410 1720 556 1785 eiusdem
568 1720 605 1785 G.
618 1719 676 1806 qui
686 1719 808 1784 iniuste
820 1729 880 1785 etc.
890 1728 972 1806 post.
981 1720 1042 1785 ult'
1053 1729 1113 1786 etc
1132 1721 1139 1808 Ι
1157 1721 1234 1788 inde

122 1824 301 1889 disseisiuit
316 1825 455 1890 eundem
471 1825 669 1904 Marmaduc,
684 1825 732 1890 ita
746 1825 835 1911 quod
849 1826 951 1891 assisa
965 1848 1050 1892 noue
1065 1827 1234 1895 disseisins

121 1928 198 1994 inde
223 1929 422 1995 summonita
445 1930 509 1995 init
533 1939 568 1995 et
588 1930 679 1994 uisus
699 1930 806 1994 factus
825 1929 890 1994 fuit
909 1937 945 1994 et
964 1930 1120 1995 remansit
1135 1931 1236 1996 assisa
1273 1988 1278 1999 .

121 2033 282 2120 capienda
305 2056 343 2098 eo
366 2033 453 2120 quod
476 2033 642 2120 predictus
662 2033 828 2099 Galfridus
847 2032 931 2098 obiit
951 2040 1029 2098 ante
1048 2033 1234 2120 capcionem

121 2137 270 2202 eiusdem
285 2138 383 2202 assisa
399 2146 458 2202 eto.

186 2240 234 2305 Et
264 2241 440 2306 Gaufridus
469 2261 526 2326 pro
554 2263 589 2306 se
619 2249 654 2306 et
684 2240 821 2306 Mabilia
849 2261 949 2305 uxore
979 2241 1049 2306 eius
1075 2240 1169 2306 uenit
1199 2249 1235 2307 et

120 2342 271 2410 defendit
300 2343 484 2430 predictum
512 2344 695 2431 ingressum
725 2365 784 2430 per
814 2343 1017 2423 Gaufridum,
1047 2344 1125 2430 quia
1153 2345 1234 2412 dicit

120 2448 210 2534 quod
236 2449 353 2514 habuit
379 2449 562 2537 ingressum
587 2472 646 2535 per
668 2449 838 2514 Mabiliam
865 2470 999 2513 uxorem
1029 2470 1130 2526 suam,
1156 2449 1235 2534 quia

119 2560 210 2618 terra
232 2553 290 2618 illa
309 2554 341 2618 ei
360 2552 528 2618 descendit
548 2560 622 2639 post
642 2560 780 2617 mortem
796 2551 955 2617 Willelmi
969 2552 1010 2617 de
1025 2552 1118 2617 Mara
1131 2554 1234 2639 patris

118 2658 181 2737 sui,
197 2658 258 2743 qui
272 2657 349 2723 inde
364 2657 447 2721 obiit
461 2656 601 2734 saisitus,
616 2664 651 2721 et
666 2656 776 2721 tenuit
791 2664 831 2720 ut
849 2655 1068 2721 hereditatem
1082 2678 1185 2734 suam,
1199 2664 1235 2723 et

118 2761 285 2827 Radulfus
298 2770 392 2847 pater
406 2783 485 2826 suus
500 2768 535 2825 et
550 2783 632 2825 auus
649 2761 744 2826 istius
761 2759 896 2824 Mabilie
910 2768 989 2824 ante
1004 2782 1090 2826 eum.

185 2866 233 2931 Et
258 2864 449 2931 Mar-maduo
472 2887 538 2930 non
561 2865 671 2950 potuit
691 2864 752 2929 hoc
771 2864 932 2941 dedicere,
948 2864 1028 2949 quia
1046 2864 1233 2931 conuictum

118 2978 170 3035 est
184 2968 276 3057 quod
290 2969 380 3035 idem
396 2967 575 3033 Galfridus¹
596 2968 724 3032 nullum
744 2967 928 3054 ingressum
948 2966 1066 3031 habuit
1088 2966 1153 3032 nisi
1176 2979 1235 3053 per

117 3096 282 3160 guerram.
328 3073 372 3137 Et
386 3072 460 3137 ideo
476 3070 652 3137 Gaufridus
671 3069 748 3135 inde
769 3070 840 3134 sine
860 3068 923 3146 die,
939 3076 974 3133 et
994 3068 1184 3135 Marmaduc
1198 3070 1234 3135 in

117 3175 342 3243 misericordia
352 3182 421 3253 eta,
431 3182 465 3239 et
475 3172 643 3260 perquirat
654 3194 688 3238 se
703 3194 762 3259 per
776 3172 877 3237 breue
891 3170 1036 3235 derecto
1050 3171 1079 3235 si
1093 3172 1234 3237 uoluerit

117 3292 180 3349 etc.

42 3394 79 3459 34,
183 3384 300 3451 Assisa
323 3382 417 3448 uenit
439 3381 646 3469 recognitum
665 3380 694 3447 si
714 3380 916 3468 Reginaldus
935 3379 976 3444 de
997 3379 1234 3467 Houlregarthe

115 3490 305 3556 auunculus
319 3486 457 3553 Roberti
471 3486 536 3551 fuit
551 3486 683 3551 saisitus
702 3486 737 3550 in
758 3485 919 3551 dominico
939 3506 997 3549 suo
1017 3492 1057 3549 ut
1077 3483 1118 3549 de
1142 3484 1235 3549 feodo

115 3594 157 3660 de
184 3594 258 3679 xiij.
283 3591 414 3657 bouatis
439 3599 525 3656 terre
548 3599 583 3655 et
603 3590 627 3677 j.
652 3590 839 3655 molendino
860 3612 935 3656 cum
958 3597 1039 3675 pert.
1062 3589 1098 3654 in
1119 3588 1235 3655 eadem

115 3697 201 3761 uilla
215 3702 291 3781 post
306 3702 366 3759 etc
377 3693 430 3758 die
443 3702 512 3771 etc,
520 3716 620 3779 quam
631 3701 751 3757 temam
767 3700 801 3757 et
816 3691 1040 3757 molendinum
1049 3690 1235 3756 Willelmus
1352 3724 1364 3731 -·

114 3801 157 3867 de
183 3799 425 3886 Houkegarthe
449 3805 549 3864 tenet.
595 3797 662 3877 Qui
681 3796 775 3862 uenit
798 3805 833 3860 et
852 3795 933 3861 dicit
953 3794 1040 3881 quod
1054 3794 1155 3859 assisa
1169 3817 1234 3859 non

113 3908 220 3973 debet
236 3904 312 3969 inde
328 3903 408 3981 fieri,
424 3902 502 3989 quia
516 3902 596 3967 alias
611 3901 691 3966 tulit
705 3900 840 3966 assisam
859 3922 1048 3986 supereum
1062 3898 1233 3964 deeodem

114 4017 310 4077 tenemento
336 4016 371 4074 et
396 4006 581 4073 concordati
606 4006 748 4083 fuerunt,
773 4014 808 4070 et
830 4004 920 4069 idem
945 4004 1109 4068 Robertus
1133 4003 1234 4068 habet

114 4126 242 4181 terram
256 4115 347 4179 illam
363 4136 461 4199 quam
476 4134 535 4199 per
549 4110 750 4176 concordiam
766 4110 857 4175 illam
877 4108 1093 4207 recuperauit,
1108 4116 1143 4172 et
1158 4129 1232 4172 con-

114 4220 232 4286 cordia
253 4217 312 4283 illa
333 4216 514 4282 inrotulata
536 4224 587 4282 est
609 4216 646 4281 in
668 4215 786 4281 itinere
811 4212 943 4280 Ricardi
962 4211 1116 4298 Episcopi
1138 4212 1233 4277 Dun-

148 4372 159 4407 ¹
178 4372 303 4436 Geoffrey
324 4370 370 4422 tho
386 4369 480 4429 father,
497 4368 556 4420 who
572 4382 652 4433 appa·
704 4369 775 4421 son’s
786 4367 929 4420 witooran
939 4370 1060 4421 ancestor
1070 4365 1177 4417 others.

115 4440 207 4502 rently
230 4441 302 4489 must
324 4436 391 4489 have
412 4434 588 4501 disposscascd
610 4434 652 4487 his
