3167 5075
379 400 444 467 362
687 414 838 477 rernm,
860 415 923 466 nn.
949 402 1042 479 1220,
1064 418 1128 467 aa.
1151 408 1183 468 a*

214 596 355 638 Monet·-
378 586 449 671 ipsa
469 586 552 651 obiit
572 587 608 651 in
629 586 876 673 quadragcaima
897 586 1042 673 proximo
1068 594 1239 667 transacta,
1262 597 1299 654 et
1321 590 1361 655 dc
1383 591 1454 655 hlado

212 645 346 824 ᾗῇ
377 689 433 805 illo
455 690 541 777 quod
563 700 647 805 tunc
665 690 729 755 fuit
747 690 851 805 herba
869 698 1041 777 postquam
1061 692 1202 777 positum
1218 693 1283 808 fuit
1297 694 1332 759 in
1347 694 1456 781 grangia

212 831 279 871 ,w
287 790 364 871 {lm
377 816 411 857 1n
433 800 613 879 autumpno
636 792 914 878 mplacrtauerunt
934 814 1014 869 eam,
1033 801 1068 859 et
1088 816 1151 859 non
1175 795 1216 859 de
1239 796 1304 860 aho
1327 796 1412 861 blado
1429 806 1455 861 ct

212 877 344 965 inihi?
376 895 452 961 inde
467 895 616 982 producit
631 902 752 960 sectam
766 894 991 972 sufficientem,
1007 918 1070 982 que
1085 896 1145 962 hoc
1159 905 1308 963 testatur.

442 1000 485 1065 Et
500 1000 562 1086 ipsi
576 1000 715 1065 ueniunt
730 1008 765 1065 et
778 1000 960 1067 defendunt
974 1009 1086 1067 contra
1100 1024 1172 1067 cam
1185 1010 1219 1067 et
1234 1011 1346 1069 contra
1358 1013 1454 1067 sectam

374 1126 475 1171 suam.
520 1104 564 1168 Et
579 1103 652 1167 ideo
665 1104 841 1169 defendant
856 1126 890 1168 ee
906 1104 961 1189 xij.
976 1126 1075 1169 manu
1090 1105 1177 1190 quod
1191 1128 1256 1171 non
1270 1106 1456 1193 inplacitauc-

374 1213 452 1270 runt
474 1228 546 1271 eam
566 1205 626 1271 tali
644 1206 740 1271 modo
758 1205 844 1271 sicut
859 1206 1041 1292 predictum
1056 1216 1106 1272 eet
1121 1217 1155 1273 et
1170 1208 1306 1274 ueniant
1320 1232 1390 1275 eum
1401 1209 1456 1294 lege

374 1308 435 1373 tali
448 1309 512 1387 die,
526 1310 649 1374 scilieet
668 1318 806 1395 uterque
826 1310 880 1395 xij.
895 1332 1004 1377 manu.
1047 1310 1165 1377 Postea
1185 1322 1347 1379 uenerunt
1361 1312 1457 1377 vitun

374 1419 410 1475 ct
431 1411 571 1477 Thomas
589 1420 624 1477 et
645 1419 823 1498 posuerunt
844 1434 879 1477 ee
900 1412 935 1477 in
955 1412 1213 1493 misericordiam,
1228 1422 1263 1480 et
1285 1414 1357 1483 ideo
1372 1424 1456 1481 custo

373 1509 508 1575 diantur
521 1509 599 1577 eta'

439 1614 483 1678 Et
496 1613 609 1679 Abbaa
627 1614 668 1679 de
689 1615 789 1679 Boxle
809 1614 1008 1681 attachiatua
1028 1638 1087 1702 pro
1111 1616 1224 1683 codem
1248 1640 1347 1703 quare
1369 1616 1456 1683 tenuit

372 1717 538 1804 placitum,
558 1718 651 1783 uenit
673 1726 707 1783 et
725 1718 873 1783 defendit
897 1718 983 1803 quod
1007 1741 1173 1805 nunqnam
1198 1721 1306 1785 tenuit
1331 1730 1388 1787 etc
1425 1720 1458 1785 Et

372 1821 433 1897 hoc
447 1819 633 1885 conuictum
647 1820 712 1885 fuit
726 1828 760 1885 et
775 1821 849 1885 ideo
864 1822 976 1887 Abhca
995 1823 1064 1888 sine
1079 1824 1142 1900 die,
1156 1832 1191 1889 et
1209 1825 1404 1911 prohibitum
1419 1832 1457 1889 cst

373 1924 404 1989 ei
418 1946 460 1988 ne
474 1923 614 2009 amplius
628 1931 739 1988 teneat
754 1923 913 2009 placitum
928 1932 988 1990 etc.

437 2027 590 2093 'Edelina
613 2027 655 2092 de
680 2028 763 2093 Broc
788 2028 874 2113 petit
897 2051 1011 2095 uersus
1032 2030 1207 2095 Ricardum
1231 2031 1394 2097 Malherbe
1413 2028 1458 2114 iiij.

309 2162 315 2174 ·
373 2131 507 2198 libratae
525 2141 611 2197 terre
634 2140 669 2197 et
688 2132 775 2218 xviij
791 2133 945 2211 solidatas
964 2134 1112 2200 redditus
1127 2158 1202 2201 eum
1216 2146 1297 2221 pert.
1312 2136 1347 2201 in
1362 2135 1458 2201 Erdin-

371 2242 450 2302 tona
472 2237 581 2303 utine
600 2259 697 2303 suum
716 2244 787 2316 etc,
806 2244 841 2302 et
861 2260 975 2303 uersus
995 2239 1190 2326 Magistrum
1214 2240 1410 2307 Willelmum
1427 2239 1459 2304 dc

372 2341 534 2406 Bathonia
552 2341 616 2427 xxj.
631 2364 720 2407 acras
741 2350 828 2407 tene
851 2350 885 2409 et
907 2366 1007 2409 unam
1026 2366 1134 2409 acram
1153 2346 1240 2431 prati
1260 2353 1296 2411 et
1319 2348 1372 2433 xij.
1387 2367 1459 2411 acras

371 2454 405 2510 et
420 2445 495 2511 dim.
511 2445 552 2510 de
567 2446 663 2511 bosco
680 2469 756 2511 cum
775 2454 857 2532 pert.
873 2446 908 2511 in
928 2446 1043 2513 eadem
1063 2448 1145 2513 uilla
1163 2456 1202 2513 ut
1225 2449 1279 2515 ius
1300 2473 1392 2515 snum
1412 2459 1460 2513 etc.

259 2539 262 2545 ¹
371 2551 415 2614 Et
429 2549 492 2636 ipsi
506 2550 664 2616 Ricardua
678 2559 714 2616 et
728 2550 914 2617 Willelmue
928 2560 1132 2618 uocauerunt
1152 2551 1229 2618 inde
1244 2553 1287 2619 ad
1301 2563 1459 2620 warantum

371 2654 505 2720 heredes
528 2654 689 2740 Stephani
711 2654 753 2720 de
773 2655 940 2720 Tumham
960 2655 1124 2742 quondam
1138 2656 1202 2720 uiri
1218 2657 1320 2742 ipsius
1335 2657 1461 2736 Edclinc,

342 2743 346 2751 ’
370 2758 492 2824 scilicet
515 2758 655 2824 Thomas
674 2759 715 2824 de
734 2758 990 2844 Bauelingeham
1012 2767 1047 2824 et
1066 2760 1235 2826 Mabiliam
1250 2783 1381 2828 uxorem
1394 2761 1460 2836 eiua

370 2860 478 2927 Adam
498 2861 540 2926 de
565 2861 742 2949 Bendeuge
763 2869 799 2927 et
820 2862 960 2928 Aliciam
982 2885 1115 2928 uxorem
1138 2864 1216 2942 eiua,
1239 2865 1411 2930 Radulfurn
1429 2863 1462 2928 de

370 2967 440 3053 Fay
467 2976 503 3033 et
531 2967 727 3032 Beatriciam
756 2989 889 3033 uxorem
919 2968 997 3044 eius,
1024 2969 1189 3056 Rogemm
1214 2969 1255 3034 de
1286 2967 1462 3056 Lcybnrnia,

369 3071 548 3138 Radulfum
576 3073 682 3138 filium
707 3072 865 3138 Bemardi
891 3080 926 3139 et
954 3073 1141 3140 Alienorum
1165 3096 1298 3139 uxorem
1324 3074 1401 3151 eius,
1423 3073 1462 3136 ita

370 3175 456 3262 quod
480 3176 670 3241 summoniti
694 3177 827 3242 firerunt
853 3176 939 3264 quod
966 3184 1075 3244 essent
1103 3201 1124 3243 a
1152 3177 1213 3242 tali
1237 3177 1290 3242 die
1319 3185 1379 3242 etc.
1418 3173 1463 3240 Ad

369 3279 456 3344 diem
479 3279 573 3344 illum
602 3303 668 3345 non
696 3287 861 3346 uenerunt
890 3280 1038 3358 Thomas,
1065 3280 1207 3358 Mabilia,
1234 3279 1391 3346 Radulsua
1414 3300 1464 3342 nec

371 3382 539 3461 Beatricia,
562 3390 596 3448 et
618 3383 831 3449 summonicio
853 3391 975 3450 testata
997 3385 1070 3462 fuit,
1089 3385 1138 3450 ita
1158 3384 1245 3473 quod
1267 3407 1325 3471 pro
1345 3384 1463 3450 defectu

368 3485 512 3572 ipsorum
531 3485 769 3552 consideratum
792 3488 856 3552 fuit
877 3489 963 3573 quod
983 3488 1024 3552 de
1044 3497 1131 3552 terra
1150 3488 1273 3554 Thome
1293 3497 1328 3554 et
1342 3486 1462 3552 Mabilie

369 3588 405 3653 in
427 3589 554 3654 Kancia
574 3599 745 3675 caperetur
764 3590 800 3655 in
822 3613 956 3656 manum
978 3592 1071 3656 Dom.
1094 3590 1194 3678 Regis
1215 3590 1257 3657 ad
1278 3586 1464 3656 ualenciam‘

369 3693 516 3759 redditus
529 3693 593 3759 xix.
608 3717 631 3758 a
647 3702 682 3758 et
696 3703 823 3780 septem
838 3694 910 3760 den.
925 3717 999 3774 cum
1014 3703 1105 3780 pert,
1120 3703 1154 3760 et
1173 3694 1215 3759 de
1236 3702 1322 3760 terra
1344 3691 1463 3758 Radulfi

369 3804 405 3862 et
420 3797 580 3862 Beatricie
594 3796 630 3862 in
644 3797 758 3863 eodem
772 3798 930 3864 comitatu
944 3799 1068 3864 Kaucie
1079 3797 1121 3864 ad
1132 3799 1314 3864 ualenciam
1329 3797 1465 3863 redditus

402 3934 413 3967 ¹
428 3935 469 3997 By
476 3934 522 3984 the
530 3934 674 3985 cccadonal
682 3938 832 3985 motator.
856 3935 897 3985 An
947 3935 1039 3986 testari
1060 3939 1086 3985 et
1104 3949 1152 3998 pro
1173 3936 1309 3986 voluntate
1325 3949 1371 3986 em
1386 3933 1464 3997 dispo

370 4000 482 4050 allusion
498 4003 527 4049 to
542 3999 588 4049 tho
611 4001 714 4050 Statnta
736 4001 765 4049 ol
784 4001 896 4052 Merton.
948 4015 1017 4050 nere.
1052 3999 1115 4050 Thia
1131 4015 1190 4050 caca
1207 4001 1230 4050 ie
1245 4000 1313 4050 Fila.
1323 4003 1422 4057 Devlrc,
1437 3999 1465 4047 ll

372 4065 470 4117 SoeBr.
478 4064 497 4114 1.
506 4066 546 4116 96.
574 4064 624 4115 Sed
635 4081 700 4115 novo
710 4068 897 4128 superveniente
948 4064 1000 4116 and
1012 4065 1136 4128 probably
1147 4067 1319 4124 Prohitlcioa,
1329 4066 1367 4114 28.

371 4131 457 4194 qratia
478 4133 505 4179 et
522 4130 676 4192 provisione,
693 4130 761 4180 sicut
777 4133 850 4193 patet
866 4129 898 4180 de
980 4131 991 4162 ⁹
1007 4132 1095 4181 Finem
1100 4133 1218 4195 fecerunt
1225 4147 1274 4194 pro
1284 4147 1326 4180 aa.
1337 4147 1356 4180 c.
1368 4137 1465 4192 nrm

372 4193 562 4258 provisionibus
588 4195 659 4258 apud
691 4195 794 4245 Merton
827 4195 896 4244 inter
948 4212 975 4245 n.
987 4211 1007 4246 a.
1022 4195 1052 4247 Α.

371 4259 468 4322 placita
482 4275 548 4322 quac
563 4263 706 4322 sequuntur
721 4274 808 4322 regom
825 4259 895 4309 Han·
978 4259 989 4294 ¹
1005 4260 1034 4311 A.
1049 4261 1142 4320 m.13;
1160 4259 1190 4311 B.
1205 4275 1240 4309 m.
1254 4259 1306 4313 ld.

371 4323 453 4374 rieum
468 4339 538 4375 anno
551 4325 676 4388 regniaci
687 4325 785 4376 decimo
797 4329 894 4384 octavo,
977 4325 989 4358 ⁴
1005 4325 1060 4376 Tha
1082 4325 1243 4376 inharitancc
1265 4327 1293 4376 ol
1313 4323 1426 4387 saphan
1441 4322 1467 4372 ol

371 4389 466 4453 poterit
487 4405 553 4440 uxor
568 4391 600 4441 da
616 4389 742 4440 hnctibna
758 4395 785 4442 et
801 4390 894 4448 bladis,
945 4389 1079 4442 Tumham
1090 4391 1114 4441 ir
1125 4389 1244 4442 divieihlc
1255 4390 1283 4441 in
1293 4389 1373 4442 atur.

372 4454 424 4504 cira
435 4468 451 4503 a
461 4455 517 4504 colo
527 4458 646 4518 separata
658 4455 755 4506 luerint
766 4456 819 4506 aive
831 4469 892 4512 non,
