3167 5075
438 411 662 473 charnaim.
688 399 780 473 1225,
803 414 867 463 sa
890 399 918 462 9.
1165 399 1227 463 113

128 580 287 647 concordia
300 604 449 647 concessa
464 582 526 647 fuit
542 591 576 647 et
591 590 774 649 assecurata
788 593 823 649 et
837 582 1004 650 recordata
1017 585 1105 671 apud
1120 585 1227 651 West-

130 686 353 752 monasterium
376 686 418 753 ad
440 686 634 753 scaccarium
654 687 694 753 de
716 688 776 753 tali
793 689 932 754 termino
947 689 1012 756 scil.
1028 711 1067 755 eo
1082 698 1227 776 tempore

126 796 290 875 postquam
306 790 395 876 Papa
410 790 596 856 Alexander
610 799 645 856 et
659 791 841 877 Imperator
859 790 1029 856 Alemann’
1045 792 1227 857 concordati

126 892 265 958 fuerunt¹
281 917 387 961 eoram
408 896 432 960 J
432 896 559 961 ohanne
578 896 777 961 Norwicensi
797 895 971 983 Episcopo¹
985 904 1019 961 et
1034 896 1171 962 Ricardo
1186 896 1227 961 de

125 995 222 1084 Luey'
237 1005 272 1063 et
294 998 431 1064 Ricardo
454 998 677 1077 thesaurario⁴‚
693 1007 728 1063 et
742 999 789 1065 ibi
811 1022 917 1065 coram
938 999 984 1065 eis
998 1007 1034 1065 et
1048 999 1121 1065 aliis
1135 1000 1227 1065 baro-

124 1100 212 1165 nibus
228 1100 269 1167 de
285 1102 440 1168 scaccario
462 1102 627 1188 predictus
649 1102 827 1168 Mauricius
848 1101 990 1167 reddidit
1011 1103 1111 1168 breue
1133 1102 1226 1168 Dom.

124 1204 218 1293 Regis
233 1228 292 1291 per
306 1205 392 1292 quod
407 1206 580 1292 placitauit
600 1228 713 1272 uersus
732 1206 911 1271 Radulfum
926 1206 963 1271 in
978 1229 1111 1272 manum
1127 1206 1228 1292 ipsius

124 1309 248 1375 Radulfi
264 1319 299 1375 et
312 1310 359 1376 ibi
375 1312 513 1377 fractum
534 1310 607 1388 fuit,
621 1309 684 1375 hiis
706 1310 845 1375 testibus
867 1310 1010 1397 Hugone
1032 1310 1073 1375 de
1096 1310 1226 1376 Gunde-

123 1412 197 1478 uilla
220 1421 255 1479 et
278 1413 358 1492 aliis,
381 1414 467 1479 unde
491 1413 578 1479 idem
602 1414 763 1479 Robertus
789 1413 870 1479 dicit
896 1414 982 1500 quod
1007 1414 1053 1478 ibi
1078 1412 1228 1479 interfuit

122 1516 251 1601 quidam
275 1517 480 1583 Baldewinus
503 1516 652 1583 Blundus
672 1518 729 1603 qui
749 1518 894 1604 precepit
913 1518 1020 1583 Odoni
1035 1517 1101 1582 filio
1116 1540 1174 1583 suo
1189 1526 1228 1584 ut

122 1621 249 1708 siquid
270 1621 346 1687 inde
369 1622 497 1688 audiret
519 1622 580 1688 hoc
604 1622 834 1688 disracionaret
857 1632 892 1688 et
914 1622 987 1689 ideo
1011 1624 1105 1687 offert
1127 1623 1227 1689 disra

121 1725 245 1791 cionare
268 1747 326 1813 per
348 1749 463 1813 corpus
485 1726 630 1791 eiusdem
658 1726 780 1792 Odonis
803 1727 888 1813 quod
911 1727 961 1793 ita
983 1727 1046 1792 fuit
1069 1728 1227 1813 placitum

120 1830 203 1895 inter
222 1830 418 1896 Mauricium
434 1839 468 1896 et
483 1830 661 1897 Radulfum
682 1840 809 1917 patrem
824 1854 920 1897 suum
940 1840 975 1897 et
994 1832 1082 1917 quod
1103 1831 1224 1897 Mauri·

121 1935 185 2001 cius
200 1936 249 2001 ita
264 1936 391 2001 remisit
402 1936 453 2001 ius
464 1960 560 2002 suum
576 1936 660 2002 sicut
676 1936 857 2023 predictum
873 1945 923 2002 est
942 1936 1119 2002 secundum
1142 1937 1228 2023 quod

120 2039 370 2106 considerauerit
385 2040 474 2106 ouria
489 2050 527 2106 ut
542 2063 600 2127 per
613 2040 721 2126 ipsum
737 2039 790 2104 oui
811 2039 1016 2106 Baldewinus
1035 2047 1130 2127 pater
1150 2062 1228 2105 suus

120 2143 262 2230 precepit
283 2142 340 2229 qui
359 2143 441 2209 illud
457 2143 541 2209 uidit
556 2152 590 2209 et
605 2142 734 2209 audiuit
749 2151 783 2207 et
798 2142 956 2208 interfuit.

182 2248 225 2314 Et
248 2248 434 2314 Willelmus
457 2247 604 2314 defendit
630 2246 712 2314 illud
735 2247 970 2335 cyrographum
992 2256 1026 2312 et
1048 2247 1226 2334 predictam

119 2352 370 2417 conuencionem
397 2359 432 2417 et
457 2352 543 2439 quod
569 2350 745 2417 Mauricius
774 2372 943 2437 nunquam
968 2350 1094 2415 remisit
1120 2350 1226 2417 eidem

118 2454 258 2521 Radulfo
273 2455 325 2522 ius
340 2478 436 2521 suum
452 2456 536 2521 sicut
551 2455 633 2521 illud
648 2454 805 2542 scriptum
821 2463 971 2534 testatur,
985 2462 1035 2521 set
1051 2454 1227 2520 Mauricius

118 2567 150 2624 et
172 2561 339 2626 Hernicus
362 2560 410 2626 ita
433 2561 565 2626 fuerunt
589 2559 692 2625 scisiti
715 2559 801 2625 sicut
824 2559 1006 2646 predictum
1031 2567 1089 2636 est,
1111 2567 1146 2624 et
1167 2559 1227 2624 hoc

118 2663 211 2728 offert
237 2663 452 2729 disracionare
478 2686 537 2751 per
562 2685 677 2750 corpus
702 2662 871 2728 cuiusdam
895 2662 990 2728 liberi
1013 2662 1153 2727 hominis
1175 2663 1228 2728 sui

118 2767 298 2834 Alexandri
323 2768 363 2834 de
391 2769 559 2834 Muletona
580 2768 710 2834 nomine
733 2768 787 2832 uel
810 2767 852 2832 ad
874 2767 1114 2833 defendendum
1141 2768 1227 2853 quod

119 2873 297 2940 Mauricius
323 2897 490 2960 nunquam
521 2874 646 2940 remisit
671 2874 722 2939 ius
749 2897 845 2939 suum
867 2874 951 2939 sicut
974 2872 1156 2960 predictum
1179 2881 1228 2938 est

117 2978 296 3043 secundum
319 2978 405 3064 quod
427 2978 517 3044 curia
538 2978 799 3044 considerauerit.
844 2978 951 3043 Datus
973 2985 1023 3042 est
1043 2977 1090 3042 eis
1104 2977 1173 3043 dies
1187 2976 1228 3042 de

117 3079 279 3146 audiendo
293 3079 412 3146 iudicio
427 3104 485 3146 suo
500 3089 560 3148 etc.

31 3191 83 3258 lte.
179 3185 327 3251 Albreda
356 3208 419 3272 que
450 3186 512 3252 fuit
542 3209 623 3252 uxor
651 3186 723 3252 Ade
753 3187 795 3253 de
824 3187 970 3273 Byrlawe
1000 3186 1086 3272 petit
1116 3208 1228 3250 uersus

118 3287 323 3356 Willelmum
349 3289 390 3356 de
417 3291 580 3357 Meisuilla
604 3291 745 3358 Hecaera'
771 3291 905 3356 terciam
931 3299 1058 3376 pmem
1085 3289 1163 3354 uille
1186 3289 1228 3355 de

119 3392 265 3478 Byrlawe
289 3417 364 3459 cum
387 3403 467 3481 pert.
491 3404 525 3461 et
551 3395 683 3461 terciam
708 3404 835 3482 partem
859 3395 937 3460 uille
960 3394 1001 3460 de
1026 3394 1228 3461 Orumecliue

119 3518 190 3562 cum
205 3506 289 3586 pert
306 3506 341 3564 et
361 3498 494 3566 terciam
515 3509 642 3587 partem
662 3501 740 3566 uilla
760 3499 802 3566 de
823 3500 989 3587 Fsperesd'
1005 3523 1079 3565 cum
1094 3507 1173 3586 pert.
1190 3509 1229 3565 ut

118 3599 227 3667 dotem
243 3623 337 3667 suam
353 3610 413 3669 etc.

182 3706 227 3771 Et
254 3707 439 3772 Willelmus
462 3708 593 3773 uocauit
616 3708 696 3774 alias
717 3708 759 3774 ad
783 3716 962 3774 warantum
986 3707 1164 3772 Henricum
1187 3709 1228 3774 de

121 3810 250 3878 Kaume
275 3820 309 3877 et
331 3811 484 3878 Feliciam
508 3836 640 3879 uxorem
662 3813 732 3880 eius
752 3822 787 3878 et
806 3813 848 3879 ad
863 3813 1057 3900 peticionem
1072 3813 1229 3880 Willelmi

120 3923 312 4002 preceptum
328 3916 392 3981 fuit
407 3915 590 3983 uicecomiti
606 3917 826 3984 Norhumbrie
841 3918 927 4005 quod
941 3926 1161 3984 summoueret
1176 3942 1229 3985 eos

121 4027 180 4084 etc.
204 4029 240 4086 et
269 4020 447 4087 uicecomes
470 4021 640 4088 mandauit
666 4023 751 4110 quod
777 4023 840 4111 ipsi
864 4023 1025 4088 Henricus
1051 4031 1085 4088 et
1109 4023 1230 4089 Felicia

152 4187 161 4220 ¹
179 4189 205 4239 lt
221 4190 247 4239 is
264 4189 368 4241 curicus
380 4195 407 4242 to
421 4192 476 4244 find
493 4207 527 4244 an
539 4193 651 4257 English
701 4195 867 4245 memorahla

121 4253 186 4315 legal
197 4254 337 4307 document
349 4257 425 4307 dated
436 4259 469 4322 by
476 4259 587 4308 relation
597 4263 624 4310 to
635 4274 651 4309 a
734 4259 744 4290 ²
761 4259 831 4308 John
842 4261 871 4309 of
880 4259 985 4318 Oxford.
999 4261 1169 4311 nrt-1200.

122 4318 219 4383 foreign
244 4327 329 4379 erent,
352 4322 451 4385 though
472 4323 517 4372 the
540 4325 602 4374 arth
625 4325 653 4374 of
734 4324 746 4357 ⁸
761 4325 886 4374 Justiciar
897 4326 1066 4378 nto-1179.

122 4385 181 4448 tuly
194 4387 270 4444 1177,
279 4387 324 4436 the
335 4387 386 4451 day
394 4403 428 4437 ou
439 4387 525 4438 which
534 4389 652 4440 Frederic
735 4389 745 4422 ⁴
761 4389 875 4440 Richard
885 4390 944 4441 Fitz
956 4391 1029 4450 scal,
1040 4389 1136 4441 author
1146 4391 1174 4440 of
1185 4389 1229 4440 the

122 4450 238 4500 received
249 4450 296 4500 the
306 4453 361 4502 kiss
372 4453 401 4502 of
414 4467 498 4516 peace,
510 4453 533 4502 is
544 4454 583 4504 for
595 4469 652 4505 ever
702 4455 835 4518 Dialogus.

207 4565 247 4616 M.
265 4565 314 4616 111.
1122 4557 1143 4618 8
