3167 5075
425 396 577 474 rimor,
598 394 663 461 no.
689 398 781 474 1220,
804 408 866 462 cn
891 401 919 463 4:
1161 398 1226 471 373

125 577 202 649 osric
214 592 249 649 et
262 576 322 649 hoc'
335 577 521 649 intencione
542 576 620 649 fecit
639 584 687 649 eis
705 591 829 650 cartem
849 583 948 663 iliam,
963 591 998 650 et
1012 600 1082 653 'non
1102 587 1227 674 placuit

127 688 278 775 Episcopo
299 687 361 753 loci
381 710 442 753 nec
463 686 571 753 adhuc
590 689 698 774 placet
717 689 805 775 quod
825 688 984 755 haberent
998 690 1087 757 illam
1103 693 1139 758 in
1153 716 1226 780 pro·
1336 756 1338 765 .

125 794 206 877 prioo
227 813 313 868 usus,
333 799 371 856 et
391 790 519 857 desicut
540 799 630 857 carto
651 790 731 857 dicit
755 790 842 879 quod
867 791 960 857 dedit
986 793 1033 859 eis
1058 795 1226 861 ecclesiam

125 895 208 961 iliam
228 896 316 961 sicut
335 895 455 981 aliquis
479 895 581 961 laicus
606 896 774 961 eoelesiam
801 896 934 962 liberius
957 906 1066 984 potest
1089 900 1167 965 doro
1193 909 1229 966 et

91 984 95 988 ’
125 1000 209 1063 nulla
230 999 356 1064 mencio
377 998 465 1064 facto
486 1007 537 1064 eet
558 999 600 1064 de
622 999 836 1065 aduocacione
856 1000 892 1065 in
912 1008 1010 1079 corte,
1025 1011 1059 1068 et
1079 1012 1230 1089 proterea.

125 1102 193 1167 inici
218 1104 358 1168 interest
387 1102 466 1168 darc
494 1096 741 1169 aduocacionem
776 1111 813 1168 et
842 1125 906 1169 non
935 1106 1110 1187 ecclesiam,
1141 1108 1229 1194 petit
1259 1154 1262 1163 -
1317 1108 1319 1117 ’

123 1208 274 1273 iudicium
286 1208 376 1273 curie
398 1208 427 1272 ei
447 1206 536 1273 idem
555 1208 647 1274 Prior
666 1208 768 1294 pomit
787 1230 846 1293 per
869 1216 992 1274 cartem
1016 1210 1106 1276 illam
1130 1212 1228 1277 aduo-

122 1309 279 1375 cocionem
315 1311 371 1375 uel
406 1310 573 1375 ecclesiam
609 1310 700 1375 illam
734 1332 848 1375 uersus
876 1334 931 1377 eoo
959 1313 1107 1394 clamare,
1137 1324 1172 1381 et
1200 1315 1229 1381 si

124 1414 261 1479 debeant
281 1415 329 1479 eie
349 1413 539 1479 warentiam
561 1414 675 1481 faeere.
962 1460 966 1471 .

181 1519 226 1583 Et
245 1518 386 1584 Thomas
405 1518 485 1584 dicit
503 1518 590 1605 quod
610 1518 680 1604 ipse
701 1540 767 1583 non
788 1518 928 1605 impedit
949 1523 1228 1606 presentecionem

122 1646 207 1689 suom
221 1624 301 1711 quia
314 1624 384 1710 ipee
398 1624 498 1689 nichil
513 1624 634 1688 clamat
647 1623 710 1689 nisi
725 1624 835 1689 dotem
856 1647 896 1689 ex
916 1634 1008 1711 pnrtc
1024 1628 1135 1693 uxoris
1150 1628 1228 1695 eius,

122 1728 162 1791 Et
173 1727 247 1793 ideo
262 1727 339 1792 inde
353 1727 422 1792 eine
437 1726 490 1792 dic
505 1734 540 1791 et
554 1726 730 1791 emonietor
744 1727 853 1791 uxoris
868 1728 938 1792 eius
953 1728 1110 1795 similiter.
1260 1774 1262 1781 ·

180 1830 225 1895 Et
255 1829 347 1895 Prior
374 1829 456 1895 dicit
484 1829 571 1915 quod
600 1851 714 1895 reuera
747 1830 913 1916 predictus
950 1831 1043 1897 Eudo
1080 1833 1129 1898 ita
1165 1833 1229 1899 fuit

121 1932 246 1997 seisitus
261 1941 331 2009 etc,
345 1940 380 1997 et
395 1940 471 2018 post
484 1953 560 1997 eum
575 1932 701 1997 Alanus
715 1932 803 1998 filius
822 1956 909 2011 eune,
925 1943 976 2000 set
995 1935 1083 2001 idem
1104 1937 1229 2002 Alanus

120 2036 198 2101 illud
211 2038 266 2101 ius
280 2035 367 2122 quod
382 2036 499 2101 habuit
513 2036 567 2100 uel
586 2036 706 2102 habere
725 2036 843 2123 potuit,
859 2038 950 2103 dedit
970 2039 1001 2104 ei
1023 2040 1108 2105 sicut
1128 2041 1228 2107 laicus

119 2139 191 2204 dere
209 2140 329 2226 potnit,
350 2148 386 2205 et
404 2141 488 2205 beno
508 2140 594 2227 petit
613 2140 770 2205 iudicium
790 2141 819 2207 ei
838 2142 914 2207 dore
935 2143 1044 2229 potuit
1061 2145 1228 2212 ecclesiam

119 2242 212 2307 illam
260 2242 305 2307 Et
319 2242 377 2307 elii
390 2242 547 2308 iudicium
563 2242 720 2309 similiter.

180 2352 225 2417 Et
241 2350 320 2437 quie
334 2349 497 2415 Robertus
511 2357 546 2414 et
560 2349 617 2413 clii
637 2359 833 2435 cognoscunt
852 2360 975 2416 cortem
995 2359 1030 2418 et
1051 2340 1172 2417 donum
1192 2359 1228 2417 et

118 2456 283 2544 predictus
311 2454 437 2519 Alanus
465 2453 558 2519 dedit
587 2453 741 2540 quicquid
770 2453 871 2519 laicus
900 2462 1009 2542 potest
1037 2454 1114 2521 dare
1148 2454 1227 2521 uiris

118 2560 284 2650 religiosis,
303 2559 541 2625 consideratum
564 2565 615 2622 est
637 2557 725 2644 quod
749 2558 842 2623 Prior
862 2559 1068 2646 recuperauit
1090 2559 1227 2625 aduoca-

118 2664 243 2729 cionem
258 2686 351 2729 suam
366 2671 400 2728 et
414 2662 478 2748 ipsi
491 2662 526 2726 in
543 2661 781 2728 misericordia¹.

52 2769 86 2830 19.
179 2767 358 2832 'Ricardus
377 2767 408 2831 le
428 2766 541 2831 Weice
562 2774 597 2831 et
616 2765 737 2832 Oecilic
759 2787 841 2830 uxor
862 2766 932 2832 eius
954 2774 989 2831 et
1010 2767 1122 2854 Agnes
1143 2790 1230 2832 soror

118 2871 186 2936 eius
208 2878 333 2957 petunt
354 2891 468 2935 uersus
490 2868 673 2933 Wolterum
695 2869 801 2934 filium
823 2869 943 2935 Viuino
965 2870 1041 2936 dim.
1062 2879 1229 2936 conterre

119 2998 190 3039 cum
205 2983 293 3061 pert
306 2974 342 3038 in
358 2975 484 3040 Shome
501 2981 541 3038 ut
554 2973 606 3038 ius
625 2971 769 3059 ipsarum
787 2981 847 3038 etc
863 2981 898 3038 et
918 2981 957 3039 ut
977 2973 1066 3038 illam
1082 2974 1116 3038 in
1132 2997 1230 3060 quem

117 3102 180 3144 non
206 3080 311 3144 habet
333 3079 515 3165 ingressum
540 3077 604 3142 nisi
629 3099 688 3164 per
713 3077 913 3163 Goldingum
936 3085 1062 3163 patrem
1086 3077 1230 3163 ipsamm

118 3182 208 3247 cuius
223 3181 361 3246 heredes
375 3181 437 3266 ipsi
448 3189 526 3246 sunt
541 3181 598 3267 qui
613 3180 703 3246 illam
724 3180 755 3244 ei
774 3179 900 3245 dimisit
920 3180 961 3245 cd
982 3181 1159 3245 terminum
1174 3181 1231 3267 qui

117 3285 277 3371 preteriit,
292 3286 379 3350 unde
393 3285 509 3350 dicunt
524 3285 610 3372 quod
625 3307 683 3371 per
700 3285 761 3350 hoc
781 3284 869 3371 quod
889 3307 961 3349 eom
981 3285 1125 3351 detinuit
1144 3286 1232 3350 ultre

118 3390 298 3455 terminum
327 3411 424 3454 suum
452 3389 642 3454 deteriorati
670 3398 748 3454 eunt
777 3397 813 3452 et
838 3388 1018 3474 dampnum
1043 3389 1166 3454 hebent
1189 3388 1231 3455 ed
1339 3405 1343 3414 ’

117 3494 302 3558 ualencicm
315 3493 357 3560 xl.
372 3493 427 3559 sol.
442 3501 478 3558 et
492 3492 568 3558 inde
583 3493 767 3579 producunt
781 3501 904 3558 sectam
919 3501 979 3558 etc

182 3597 230 3662 Et
255 3597 419 3662 Wolterus
440 3596 534 3662 uenit
555 3605 591 3662 et
612 3597 760 3662 defendit
778 3597 831 3662 ius
853 3619 965 3662 eorum
987 3607 1022 3662 et
1043 3597 1123 3663 dicit
1146 3597 1233 3684 quod

117 3723 182 3764 non
196 3699 318 3765 habuit
332 3700 511 3786 ingressum
532 3699 574 3764 ad
594 3700 772 3764 tenninnm
794 3699 894 3764 immo
915 3700 950 3764 in
972 3699 1065 3765 feodo
1087 3723 1126 3765 ex
1149 3700 1233 3765 dono

117 3804 259 3890 predicti
285 3803 465 3868 Goldewini
491 3813 695 3891 perlcartem
719 3826 813 3868 suam
837 3826 936 3890 quom
963 3804 1085 3890 profert
1108 3811 1143 3869 et
1167 3827 1232 3891 que

116 3909 243 3973 donum
257 3908 341 3973 illud
355 3916 506 3974 testetur.
534 3957 539 3964 .
553 3942 556 3947 ⁴

184 4012 232 4076 Et
254 4010 317 4096 ipsi
339 4010 478 4075 ueniunt
500 4019 536 4074 et
556 4009 670 4075 dieunt
692 4009 778 4096 quod
800 4031 968 4094 nunquam
995 4017 1116 4074 cartam
1143 4008 1233 4075 illam

119 4114 198 4179 fecit
227 4134 289 4177 nec
314 4113 418 4177 facere
444 4111 553 4198 potuit
579 4113 658 4198 quic
682 4111 825 4177 uillanus
851 4111 915 4176 fuit
939 4118 974 4175 et
997 4118 1117 4176 terrem
1141 4133 1234 4176 suam

153 4309 250 4369 ¹'l'hie
270 4325 331 4360 cccc
347 4309 371 4360 ir
386 4309 455 4360 cited
471 4311 506 4374 by
526 4312 650 4370 Bractm,
703 4311 807 4363 bereod
818 4325 875 4362 coe
886 4314 962 4374 grint
974 4311 1002 4360 of
1012 4310 1056 4361 the
1068 4311 1216 4364 cdvowron.

120 4377 139 4425 f.
162 4378 205 4434 53,
229 4376 299 4426 531).
321 4375 430 4438 Propter
457 4375 664 4445 simplicitatem&
736 4377 933 4438 ¹A.m.16d;
950 4377 980 4430 B.
995 4376 1096 4432 nod

119 4441 652 4505 laicommngrcntoic‘chureh’mcy
