3167 5075
186 778 278 840 1121.

191 878 271 917 Dcuon

322 373 386 435 140
495 387 613 435 connn
636 386 733 447 nnnc,
757 386 822 435 nn.
848 372 1006 446 1234-5,
1029 386 1092 434 nn.
1117 372 1254 435 18—19.

318 558 387 623 sino
409 558 471 623 die.
518 558 561 622 Et
581 557 748 623 sciendum
768 556 856 643 quod
877 556 1042 624 Gelfridue
1056 558 1220 646 cognoscit
1234 558 1323 646 quod
1337 567 1433 625 tenet

319 671 426 729 totum
441 663 608 729 residuum
623 670 682 729 etc.

385 766 500 854 ¹Hugo
515 765 556 831 de
572 764 811 853 Ohaggcfordin
824 764 1023 838 attachiotus
1037 766 1154 831 suited
1168 766 1431 853 respondendum

318 870 460 935 Henrico
488 869 665 935 Teutonico
694 890 793 955 quare
823 867 864 933 de
889 876 985 934 nocte
1011 869 1047 933 ui
1072 878 1107 934 et
1132 870 1231 935 armis
1256 879 1291 936 et
1317 879 1432 936 oontm

318 996 431 1060 pacem
453 974 547 1040 Dom.
570 974 670 1061 Regin
692 973 873 1060 asportauit
898 973 995 1039 blnda
1020 973 1189 1039 hominum
1212 975 1431 1041 maneriorum

319 1078 359 1145 de
383 1080 602 1168 Aluiingtona
624 1086 658 1145 et
681 1078 721 1145 de
742 1079 857 1144 Wikes
881 1102 943 1165 que
967 1078 1054 1145 idem
1078 1081 1240 1146 Henricus
1263 1080 1365 1146 hebet
1386 1079 1431 1146 de

319 1183 417 1248 ballio
436 1182 568 1249 Ricnnii
591 1182 729 1249 Comitis
752 1182 915 1248 Comubie
937 1190 973 1247 et
994 1182 1141 1249 Pictauie
1165 1182 1206 1248 de
1229 1183 1325 1249 terris
1348 1205 1431 1269 qunn

319 1286 407 1351 idem
429 1287 545 1353 Comes
564 1286 665 1351 habet
686 1286 726 1351 de
741 1287 818 1352 dote
832 1288 856 1351 J
856 1286 879 1353 ,²
893 1287 1018 1372 Regine
1033 1288 1147 1353 metris
1161 1289 1254 1353 Dom.
1270 1288 1380 1375 Regis,
1393 1297 1432 1352 et

319 1393 405 1459 unde
428 1392 515 1458 idem
536 1392 698 1458 Henricus
719 1392 867 1478 queiitur
881 1392 968 1479 qnod
982 1393 1042 1458 tali
1056 1392 1110 1459 die
1125 1403 1185 1459 etc.
1201 1393 1313 1459 uenit⁸
1328 1394 1430 1479 Hugo

319 1499 426 1564 dictus
440 1521 514 1564 cum
530 1506 630 1585 gente
647 1506 772 1563 armato
792 1497 920 1562 cinciter
940 1496 1090 1562 ducentis
1111 1497 1298 1563 hominibus
1320 1495 1432 1562 uenit⁴

320 1602 362 1667 ed
383 1601 529 1688 predicta
550 1601 695 1666 manerio
716 1609 750 1665 et
771 1600 870 1665 blada
888 1601 937 1665 ita
955 1600 1136 1686 asportnuit
1153 1600 1297 1666 deterre
1310 1624 1379 1679 sua,
1393 1610 1430 1666 et

320 1706 407 1771 unde
421 1706 502 1771 dicit
517 1705 603 1792 qnod
617 1704 764 1770 homines
778 1713 813 1770 et
829 1712 979 1769 tenentes
993 1703 1045 1769 sui
1059 1703 1155 1769 blnda
1169 1704 1227 1769 illa
1244 1705 1429 1770 neminaue·

320 1817 406 1887 runt,
433 1818 467 1875 et
493 1808 580 1874 unde
606 1808 784 1895 dampnum
809 1808 909 1873 habet
935 1806 977 1873 ad
999 1807 1180 1873 ualencinm
1204 1816 1264 1874 etc.
1291 1816 1328 1874 et
1352 1808 1430 1875 inde

320 1913 471 2001 producit
485 1921 606 1979 scetem
622 1922 682 1979 etc.
704 1912 709 1995 Ι

386 2020 431 2084 Et
447 2020 546 2106 Hugo
567 2018 659 2084 uenit
681 2026 715 2083 et
737 2016 884 2083 defendit
905 2017 974 2081 uim
997 2025 1032 2082 et
1053 2017 1205 2083 iniuriam
1228 2027 1262 2084 et
1284 2028 1429 2105 asporta·

320 2123 445 2189 cionem
475 2122 564 2187 bladi
589 2130 623 2187 et
647 2121 732 2207 quod
757 2121 886 2185 nullum
912 2120 1045 2186 bladum
1070 2122 1251 2207 asportauit
1273 2123 1315 2189 de
1342 2133 1431 2190 term

320 2227 423 2314 ipsius
446 2226 582 2291 Henrici
603 2232 637 2290 et
659 2224 735 2289 inde
757 2224 851 2310 ponit
870 2246 904 2289 se
924 2247 1021 2310 super
1034 2225 1183 2311 petriam,
1198 2233 1232 2290 et
1246 2226 1328 2292 dicit
1343 2229 1431 2314 quod

320 2339 408 2396 terra
421 2330 462 2395 dc
478 2353 543 2416 quc
557 2328 653 2393 blada
667 2329 800 2392 fuemnt
815 2335 980 2413 asportata
998 2350 1058 2392 sua
1071 2336 1130 2406 est,
1145 2337 1180 2394 et
1194 2329 1342 2415 quesitus
1357 2332 1431 2417 quis

321 2459 432 2502 eorum
459 2435 633 2501 seminnuit
659 2432 903 2510 terramillam,
929 2432 1008 2497 dicit
1037 2433 1122 2519 quod
1152 2433 1299 2500 homines
1327 2436 1432 2521 ipsius

323 2538 458 2604 Henrici
479 2547 529 2604 cet
551 2538 611 2604 hoc
635 2538 781 2603 fecerunt
804 2558 902 2622 super
924 2534 1093 2601 defensum
1114 2559 1220 2614 suum,
1242 2546 1277 2602 et
1298 2539 1430 2624 quando

322 2642 419 2708 blnda
440 2643 571 2708 fuerunt
593 2649 722 2706 matura
743 2639 837 2706 uenit
857 2640 925 2726 ipse
946 2648 981 2706 et
996 2641 1074 2706 fecit
1088 2641 1185 2706 blada
1199 2641 1257 2707 illa
1270 2644 1430 2729 asportari

321 2744 430 2811 dedic
446 2753 480 2810 et
494 2767 558 2809 non
573 2744 613 2810 άθ
629 2751 732 2808 nocte.
778 2743 823 2807 Et
837 2741 917 2808 dicit
937 2743 1023 2829 quod
1043 2743 1190 2809 homines
1210 2745 1314 2831 ipsius
1336 2748 1430 2812 Hen-

321 2850 379 2915 rici
394 2849 434 2915 de
449 2848 601 2935 predictis
616 2847 704 2913 uillis
724 2847 911 2912 habuerunt
932 2847 1106 2933 aliquando
1128 2871 1334 2914 communem
1356 2873 1430 2936 pao·

322 2963 395 3018 ture
415 2952 450 3017 in
471 2951 583 3016 eadem
604 2959 689 3016 terra
704 2973 768 3037 que
783 2973 843 3015 sua
857 2958 916 3028 est,
931 2957 965 3015 et
984 2960 1099 3036 postea
1112 2949 1201 3016 illem
1217 2954 1430 3019 excoluerunt

321 3055 498 3123 secundum
513 3054 600 3141 quod
614 3053 796 3140 predictum
812 3062 861 3118 est
876 3053 933 3118 scd
947 3054 1069 3118 nullam
1088 3077 1294 3121 communem
1308 3057 1429 3122 habere

321 3169 498 3250 potuerunt
513 3160 575 3226 nisi
589 3182 647 3246 pro
662 3160 798 3225 seruicio
812 3159 899 3245 quod
912 3181 970 3244 pro
984 3159 1191 3225 coiecerunt.
1237 3161 1282 3226 Et
1295 3183 1430 3249 cognos-

322 3267 368 3332 cit
394 3265 479 3352 quod
505 3264 603 3330 bleda
627 3264 684 3328 illa
709 3262 890 3349 asportauit
914 3269 1086 3349 postquem
1113 3265 1246 3331 fuerunt
1270 3265 1431 3333 incassum

321 3377 550 3457 superterram
566 3367 666 3432 illam.

386 3473 431 3538 Et
445 3471 609 3537 Henrieus
624 3470 704 3536 dicit
724 3469 811 3556 quod
833 3477 920 3534 tenc
941 3492 1000 3534 sua
1021 3478 1072 3535 est
1095 3479 1130 3535 et
1153 3471 1240 3557 qnod
1263 3472 1361 3538 bleda
1381 3474 1433 3542 ita

323 3577 455 3641 fuemnt
470 3582 635 3660 asportata
650 3581 686 3639 et
700 3573 734 3638 ui
749 3582 784 3638 et
798 3572 897 3638 ermis
911 3581 946 3638 et
965 3572 1006 3638 de
1029 3583 1123 3638 nocte
1145 3583 1181 3640 et
1202 3575 1263 3640 hoc
1284 3577 1431 3661 pertinet

321 3679 362 3744 ad
377 3679 470 3744 Dom.
487 3678 612 3766 Regem
628 3686 663 3742 et
677 3675 753 3741 inde
774 3676 860 3762 petit
881 3676 1046 3742 iudicium.
1092 3677 1209 3743 Postea
1230 3679 1431 3746 concomnti⁸

322 3792 399 3849 sunt
434 3805 492 3869 per
520 3782 687 3848 licenciam
713 3789 748 3845 et
774 3780 874 3868 Hugo
900 3779 958 3845 det
987 3780 1093 3846 eidem
1123 3782 1266 3848 Henrico
1295 3794 1430 3851 centum

321 3888 439 3954 solidos
453 3911 511 3974 pro
525 3886 674 3973 dampnis
688 3885 907 3972 predictorum
926 3884 1095 3949 hominum
1109 3894 1144 3951 et
1159 3887 1323 3952 Hemicus
1336 3898 1431 3956 tenet

323 4017 357 4059 se
372 3992 448 4058 inde
464 4000 663 4070 contentum,
677 3999 712 4056 ct
726 3989 800 4054 ideo
814 3989 890 4054 inde
905 3989 975 4054 sine
989 3989 1043 4054 die
1058 3998 1117 4055 etc.

356 4231 414 4279 ¹11.
427 4245 463 4280 m.
474 4231 513 4282 23.
552 4231 799 4297 Octavooinlcry.
902 4231 1072 4282 orcomwcll.
1095 4229 1161 4282 Mat
1169 4229 1287 4282 Per-vol.
1300 4233 1430 4297 8,p.125.

355 4295 495 4346 ’labello
523 4296 551 4346 of
580 4297 743 4360 Angoulcme.
797 4297 851 4347 Her
933 4296 1012 4358 mic,
1025 4297 1056 4345 Δ.

324 4361 408 4412 (lower
428 4361 505 4412 londo
524 4361 578 4412 had
596 4363 676 4427 latoly
692 4363 756 4414 been
774 4364 849 4425 given
933 4363 946 4396 ⁴
962 4361 1012 4424 Sin,
1024 4363 1055 4411 Δ.

324 4428 358 4491 by
374 4427 419 4478 the
434 4427 503 4491 King
517 4430 546 4478 to
558 4426 601 4478 hic
619 4427 723 4479 brother
737 4427 851 4478 Richord
932 4428 943 4460 ⁸
959 4429 1032 4490 σάκε’,
1047 4425 1103 4477 ΜΒ.
