3167 5075
501 408 566 458 an.
591 391 685 472 1227,
708 407 770 458 aa
797 395 846 458 12.
1161 394 1225 458 685

127 586 187 650 Ver
206 606 336 671 presens
359 583 422 649 fuit
446 591 481 648 et
500 583 585 648 bene
609 583 765 648 concessit
787 580 875 667 quod
896 581 1091 646 nominatim
1112 580 1228 646 dotata

126 687 184 752 luit
207 686 248 752 de
274 686 389 752 eadem
414 693 507 751 terra
559 684 808 750 consideratum
832 690 883 748 est
908 682 994 768 quod
1020 683 1128 748 iurata
1150 682 1227 748 inde

125 791 186 867 fiat,
201 800 234 856 et
249 791 429 856 uicecomes
444 787 658 854 Middlesexie
674 787 851 874 diligenter
863 787 1008 872 inquirat
1022 788 1081 874 qui
1095 789 1227 854 fuerunt

124 894 191 960 ubi¹
206 895 370 982 Robertus
384 894 425 958 de
441 892 511 957 Ver
529 915 602 958 eam
624 890 833 977 desponsauit
854 899 889 956 et
909 913 950 956 ex
968 891 1033 956 illis
1052 901 1142 957 etex
1156 893 1230 958 aliis

125 999 162 1064 de
176 999 303 1064 uisneto
322 998 364 1064 de
387 997 615 1083 Konsingtona
635 1018 694 1082 per
713 1017 795 1081 quos
815 1004 875 1061 etc.
891 995 1003 1061 uenire
1023 996 1122 1062 faciat
1140 997 1230 1083 apud

124 1100 446 1167 westmonasterium
484 1101 545 1165 tali
581 1100 635 1164 die
672 1099 727 1186 xij.
757 1107 827 1164 tam
856 1100 979 1165 milites
1008 1109 1068 1166 etc.
1098 1101 1180 1166 alios
1208 1124 1231 1166 a

124 1206 313 1293 supradictis
328 1204 403 1270 etc'

37 1311 90 1374 llo.
184 1309 362 1374 ⁸Robcrtus
384 1308 426 1373 de
447 1307 561 1372 Wikes
583 1315 618 1372 et
641 1308 723 1372 tales
746 1315 806 1373 etc.
822 1307 880 1393 iiij
894 1307 1017 1374 milites
1038 1308 1230 1374 summoniti

123 1409 162 1476 ad
186 1411 374 1498 eligendum
400 1410 442 1496 vj.
468 1409 590 1474 milites
618 1409 716 1474 simul
742 1432 817 1474 cum
842 1411 916 1476 aliis
938 1411 1030 1497 prius
1052 1412 1164 1477 electis
1187 1412 1230 1478 ad

123 1513 303 1579 faciendum
323 1512 579 1599 recognicionem
600 1534 717 1598 magne
738 1511 838 1577 assisa
858 1513 946 1578 inter
965 1513 1166 1579 Willelmum
1187 1514 1229 1579 de
1332 1547 1336 1554 ·

123 1617 273 1684 Crikecot
286 1625 456 1702 petentem
471 1624 506 1681 et
527 1616 661 1681 Petrum
682 1615 723 1680 de
745 1615 963 1681 Thelnetham
984 1625 1019 1682 et
1033 1617 1231 1684 Matillidem

122 1745 253 1788 uxorem
279 1722 350 1787 eius
373 1730 524 1787 tenentes
550 1721 592 1786 de
621 1729 754 1786 centum
780 1744 841 1786 acr.
869 1730 955 1787 terre
984 1745 1059 1787 cum
1088 1730 1169 1809 pert.
1195 1723 1231 1788 in

123 1827 302 1903 Ouesdena
331 1827 419 1891 unde
449 1825 536 1890 idem
566 1826 683 1891 Petrus
713 1834 748 1890 et
777 1825 914 1890 Matillis
951 1836 1153 1893 uocauerunt
1188 1827 1232 1892 ad

122 1941 302 1997 warantum
341 1931 497 2018 Egidium
533 1930 575 1995 de
614 1930 711 2006 Mera,
749 1938 784 1994 et
820 1929 879 2017 qui
915 1930 962 1994 eis
998 1931 1232 2013 warantizauit,

122 2044 155 2101 et
188 2036 247 2122 qui
283 2043 398 2122 postea
427 2055 461 2098 se
494 2033 638 2098 reddidit
667 2031 773 2096 ordini
801 2033 954 2098 Fratrum
984 2033 1156 2113 Minorum
1188 2035 1233 2100 Et

122 2160 180 2224 per
198 2137 437 2203 concessionem
460 2135 605 2202 eiusdem
627 2134 718 2200 Petri
740 2143 774 2199 et
797 2133 978 2212 Matillidis,
999 2136 1057 2222 qui
1082 2144 1233 2201 tenentes
1352 2176 1356 2180 Α

122 2249 206 2320 sunt,
232 2239 379 2327 procedit
404 2238 505 2304 assisa
530 2261 649 2326 magna
674 2246 713 2302 ut
738 2237 780 2302 de
806 2237 962 2303 warentia
987 2238 1089 2324 ipsius
1114 2239 1233 2326 Egidii‚

122 2355 232 2411 utrum
263 2345 333 2431 ipse
362 2345 481 2408 Petrus
503 2351 538 2408 et
565 2341 701 2407 Matillis
727 2341 785 2427 qui
811 2350 961 2407 tenentes
986 2351 1064 2408 sunt
1089 2344 1233 2409 habeant

121 2450 226 2516 maius
250 2449 361 2514 insin
386 2455 474 2513 terra
499 2447 557 2513 illa
583 2455 623 2512 ut
652 2446 693 2511 ds
725 2447 881 2512 warentia
910 2447 1012 2534 ipsius
1043 2446 1161 2534 Egidii‚
1189 2468 1233 2512 an

121 2554 288 2641 predictus
317 2552 509 2619 Willelmus
570 2552 614 2616 Et
640 2550 808 2616 sciendum
835 2559 885 2616 est
915 2551 1002 2638 quod
1030 2552 1232 2640 prohibitum

122 2659 186 2724 fuit
201 2658 311 2724 eidem
327 2656 444 2744 Egidio
460 2680 500 2721 ex
515 2664 609 2744 parte
629 2656 723 2720 Dom.
739 2656 840 2742 Regis
858 2656 947 2742 apud
961 2655 1233 2721 Westmonaster-

121 2762 191 2827 ium
205 2785 250 2828 ne
265 2761 345 2849 quid
359 2761 519 2825 uenderet
540 2759 689 2825 deteris
710 2781 770 2823 sua
792 2781 890 2845 quam
912 2758 1026 2824 eodem
1048 2759 1102 2825 die
1123 2760 1234 2825 tenuit

122 2888 186 2953 quo
212 2866 403 2931 warentiam
430 2864 520 2929 illam
547 2862 633 2940 fecit,
654 2885 697 2927 ne
719 2862 909 2926 warentiam
930 2861 1020 2927 illam
1042 2862 1146 2928 facere
1167 2885 1233 2927 non

122 2980 240 3056 posset,
265 2970 313 3035 ita
338 2968 425 3055 quod
450 2975 641 3055 preceptum
667 2966 732 3032 fuit
754 2966 939 3032 uicecomiti
962 2966 1121 3033 Suffolkie
1147 2967 1234 3054 quod

122 3080 255 3159 caperet
280 3072 316 3137 in
340 3092 475 3135 manum
501 3071 596 3137 Dom.
621 3070 722 3155 Regis
747 3068 788 3133 de
814 3078 901 3135 terra
925 3069 1027 3155 ipsius
1054 3070 1163 3156 Egidii
1190 3070 1234 3135 ad

122 3174 307 3241 ualenciam
335 3174 554 3260 predictamm
584 3196 609 3237 c
635 3194 781 3237 acrarum
809 3180 869 3238 etc
925 3172 970 3236 Et
992 3171 1159 3236 sciendum
1182 3180 1243 3237 est.

122 3281 209 3367 quod
222 3280 311 3345 idem
327 3278 464 3365 Egidius
478 3285 654 3361 antequam
674 3298 708 3341 se
728 3276 878 3342 redderet
897 3276 1046 3362 religioni
1067 3276 1177 3362 posuit
1197 3298 1233 3342 se

121 3388 157 3451 in
172 3406 329 3472 magnam
343 3382 477 3447 assisam
492 3380 532 3445 de
548 3380 662 3445 eadem
678 3387 765 3445 terra
778 3380 892 3445 eodem
912 3380 1007 3445 modo
1027 3402 1091 3467 quo
1108 3380 1232 3467 predic-

121 3502 176 3557 tus
192 3492 320 3567 Petrus,
334 3488 511 3553 ⁴uenerunt
527 3494 561 3551 et
576 3485 746 3573 elegerunt
760 3484 855 3551 istos⁸
870 3494 929 3550 eta

188 3596 310 3660 Postea
328 3593 422 3658 uenit
442 3590 555 3657 eadem
575 3590 674 3655 assisa
694 3587 798 3675 “apud
816 3589 1161 3655 westmonasterium⁶
1174 3613 1234 3676 per

122 3700 207 3766 tales
223 3706 285 3766 etc.
330 3697 397 3778 Qui
416 3696 516 3761 iurati
535 3694 650 3760 dicunt
670 3693 757 3781 quod
779 3692 967 3759 Willelmus
987 3692 1029 3759 de
1049 3693 1234 3759 Kirketorft

121 3810 309 3867 antecessor
322 3798 461 3885 predicti
475 3796 633 3862 Willelmi
648 3817 713 3859 non
728 3794 846 3860 habuit
860 3803 981 3860 terram
997 3794 1089 3859 illam
1107 3795 1172 3860 nisi
1191 3795 1234 3861 ad

122 3906 304 3972 terminum
319 3904 354 3969 in
370 3901 475 3979 uadio,
490 3909 525 3966 ct
538 3899 613 3965 ideo
632 3898 747 3964 dicunt
767 3897 854 3984 quod
874 3897 1039 3984 predictus
1060 3899 1178 3964 Petrus
1199 3907 1235 3964 et
1321 3952 1326 3961 .

122 4008 265 4077 Matillis
289 4007 395 4073 maius
420 4006 472 4071 ius
497 4004 621 4070 habent
646 4002 682 4099 in
707 4004 856 4088 predicta
879 4011 968 4068 terra
991 4011 1032 4068 ut
1055 4004 1109 4069 ius
1132 4004 1236 4091 ipsius

156 4186 234 4237 ¹ata'
244 4184 375 4249 repeated.
709 4180 806 4231 theses.
839 4180 967 4231 Thalam
977 4179 1086 4241 knights
1099 4179 1158 4230 who
1170 4194 1235 4231 ware

157 4250 397 4314 ’'I'hsjarorsare
411 4252 439 4299 tc
455 4248 487 4299 be
500 4246 576 4298 other
592 4244 658 4297 than
708 4246 863 4296 summoned
890 4260 964 4296 coms
986 4245 1040 4297 and
1067 4244 1162 4297 choors
1189 4245 1235 4297 the

125 4316 172 4369 the
184 4316 292 4367 suitors.
708 4311 876 4375 recognitum.

159 4381 221 4431 1Δ.
234 4395 271 4431 ιιι.
283 4379 348 4430 aad.
741 4376 824 4426 ‘rho
835 4390 927 4427 names
939 4374 1107 4428 followinA.

160 4448 172 4479 ⁴
188 4447 262 4497 Here
272 4445 337 4496 ends
348 4445 432 4507 along
441 4442 520 4495 saties
528 4444 557 4493 ol
566 4456 657 4505 paren·
741 4440 781 4475 Η
798 4441 913 4492 omits.
