3167 5075
381 381 445 448 628
489 382 715 447 nsrnssunn's
737 397 829 447 nrsn
850 398 889 447 m
912 398 1083 460 nonronn,
1104 398 1171 448 an.
1195 382 1292 462 1227,
1313 400 1371 449 aa
1392 385 1436 447 12.

380 571 466 658 quod
492 573 613 640 habeat
639 596 714 638 eum
739 581 799 639 etc.
844 571 898 638 Ad
921 573 1009 638 diem
1035 572 1129 637 illum
1152 572 1248 637 uenit
1272 572 1414 637 Oliuerns
1436 581 1464 636 et

381 675 542 741 Henrious
557 699 621 740 non
636 676 730 741 uenit
745 684 779 740 et
799 684 850 740 est
867 676 953 740 infra
972 684 1103 740 etatem.
1149 675 1194 739 Et
1215 675 1366 740 Oliuerus
1382 672 1464 738 nichil

371 778 477 844 sciuit
491 779 597 844 dicere
612 801 712 865 quare
726 778 837 845 dotem
851 801 917 843 non
928 777 1071 842 haberet.
1110 777 1153 841 Et
1163 777 1238 841 ideo
1249 776 1464 841 consideratum

380 891 430 947 est
445 883 531 969 quod
546 882 683 969 predicti
697 882 720 948 J
721 882 864 947 ohannes
879 890 913 945 et
928 880 1091 945 Beatricia
1103 890 1377 966 recuperauerunt
1391 879 1464 943 scisi-

380 1009 456 1052 nam
479 1009 571 1051 suam
593 993 632 1049 ut
654 984 695 1050 de
715 985 791 1049 dote
812 985 915 1071 ipsius
932 984 1094 1050 Beatrioie
1116 985 1159 1048 ad
1179 983 1362 1048 ualenciam
1380 983 1462 1048 tercie
1539 968 1540 1063 l

379 1089 482 1176 partis
496 1089 536 1155 de
554 1088 684 1154 redditu
702 1087 805 1174 ipsius
827 1088 978 1152 Henrici¹
998 1110 1101 1173 usque
1122 1087 1165 1152 ad
1183 1096 1309 1153 etatem
1330 1085 1467 1162 Henrici'‚
1539 1074 1540 1079 ἵ

379 1192 470 1256 saluo
486 1191 556 1256 iure
571 1213 630 1255 suo
645 1212 719 1255 eum
734 1189 776 1254 ed
791 1198 914 1255 etatem
929 1190 1117 1276 peruenerit
1130 1188 1172 1253 de
1186 1188 1346 1254 warentia
1362 1187 1388 1252 si
1404 1187 1465 1252 inde
1539 1206 1540 1245 l

379 1296 467 1382 loqui
482 1295 622 1360 uoluerit
637 1304 697 1360 etc
1539 1268 1540 1299 i

443 1399 555 1464 Assisa
568 1399 661 1464 uenit
676 1398 882 1484 recognitura
895 1398 924 1462 si
938 1398 1098 1463 Radulfus
1109 1399 1150 1463 de
1164 1398 1288 1463 Tiuilla
1301 1408 1338 1463 et
1350 1398 1465 1462 Bartho
1539 1400 1540 1475 j

250 1518 264 1546 ¹¹
347 1535 353 1548 ·
378 1504 501 1569 lomeus
534 1502 678 1570 Clericus
706 1504 830 1568 iniuste
862 1511 922 1568 etc
958 1502 1206 1568 disscisiuerunt
1235 1503 1417 1589 Philippum
1440 1501 1465 1564 le
1539 1494 1540 1503 ’

379 1608 527 1674 Ounuers
541 1609 581 1674 de
598 1609 698 1674 libero
713 1616 902 1674 tenemento
917 1629 975 1672 suo
989 1606 1024 1671 in
1046 1606 1213 1672 Intewode
1232 1614 1309 1692 post
1329 1607 1394 1670 ult'
1430 1604 1465 1667 Et

377 1711 537 1777 Radullus
556 1712 650 1777 uenit
673 1719 708 1776 et
726 1711 809 1776 dicit
826 1708 913 1796 quod
931 1733 1045 1776 reuera
1064 1710 1151 1775 idem
1172 1709 1346 1797 Philippus
1364 1707 1465 1774 finitio
1539 1744 1540 1799 3

376 1816 496 1881 seisina
509 1815 588 1881 dum
603 1817 668 1880 fuit
682 1815 825 1894 iudeus⁸‚
841 1823 876 1880 et
893 1815 980 1902 quod
1000 1815 1108 1900 ipsum
1127 1815 1205 1880 inde
1219 1838 1286 1880 non
1301 1812 1466 1885 disseisiuit
1539 1818 1540 1889 l

376 1929 427 1985 set
449 1921 549 1986 habet
570 1920 722 1986 seisinam
740 1942 801 2006 per
820 1920 913 1984 Dom.
937 1921 1063 2006 Regem
1084 1942 1144 2007 per
1161 1921 1263 1986 breue
1280 1915 1467 2002 suum‚quod
1539 1920 1540 1967 ἱ

375 2024 442 2089 tale
465 2032 523 2101 est,
546 2023 632 2110 quod
653 2022 746 2088 Dom.
770 2023 841 2088 Rex
859 2023 1029 2087 mandauit
1050 2022 1237 2088 uioeoomiti
1260 2020 1466 2086 Northlolchie
1539 2084 1540 2103 χ

375 2128 463 2214 quod
476 2128 647 2194 iusticiarii
662 2127 704 2192 ed
719 2126 899 2192 custodiam
913 2125 1084 2191 iudeorum
1095 2126 1253 2214 assignati
1263 2125 1466 2190 liberauerunt

374 2231 515 2297 Radulfo
529 2233 570 2298 de
588 2232 717 2318 Tyuilla
737 2241 857 2296 terram
877 2253 941 2318 que
960 2231 1024 2296 fuit
1044 2231 1126 2317 Elye
1147 2231 1188 2296 de
1209 2231 1375 2296 Cheswico
1391 2228 1465 2294 iudei
1539 2256 1540 2259 ¹

375 2345 488 2422 postea
509 2337 588 2401 facti
610 2335 810 2401 cristiani'in
832 2336 999 2401 Intewode
1018 2336 1194 2401 tenendam
1215 2336 1371 2421 quamdiu
1389 2335 1467 2400 Dom,
1539 2394 1540 2403 ,

375 2439 459 2526 Regi
473 2439 632 2525 placuerit
647 2461 704 2525 pro
720 2438 797 2504 dim.
817 2461 912 2504 mara
958 2439 1084 2503 Profert
1106 2438 1210 2503 eciam
1229 2438 1333 2503 breue
1353 2433 1468 2501 Henrici
1539 2446 1540 2491 l

374 2544 415 2608 de
431 2543 593 2629 Braybroc
609 2551 644 2609 et
655 2543 906 2609 iusticiariorum
918 2543 960 2608 ad
971 2542 1153 2608 custodiam
1162 2542 1335 2607 iudeorum
1346 2540 1469 2626 sasgua-

374 2656 481 2712 torum
496 2648 531 2711 in
546 2671 610 2733 quo
625 2645 812 2712 continetur
826 2647 912 2733 quod
927 2656 1014 2712 terra
1028 2670 1126 2733 quam
1144 2647 1243 2733 Elyas
1261 2647 1304 2711 de
1319 2644 1466 2713 Chaonio
1539 2661 1540 2746 p

374 2751 490 2817 iudeus
505 2752 562 2838 qui
576 2754 672 2818 modo
690 2760 740 2817 est
760 2752 933 2817 cristianus
955 2752 1064 2817 tenuit
1083 2751 1119 2816 in
1139 2751 1307 2816 Intewode
1329 2750 1369 2814 de
1388 2748 1466 2812 feodo
1539 2749 1540 2834 l

375 2854 505 2920 Radulfi
521 2857 561 2922 de
574 2856 1067 2943 Tyuillaliberata⁴Radullode
1077 2855 1277 2942 Tyuillaper
1287 2853 1467 2941 Magistrum
1539 2839 1540 2848 ἵ

374 2961 491 3047 Elyam
506 2960 545 3025 de
561 2961 713 3026 Dorsetia
732 2983 790 3046 pro
809 2960 886 3027 dim.
907 2982 1013 3039 marc,
1033 2968 1068 3025 et
1090 2968 1233 3025 testatur
1251 2958 1463 3024 liberacionem
1539 2941 1540 2984 ³

374 3062 468 3130 Dom.
485 3063 593 3151 Regis.
1539 3131 1540 3154 χ

440 3167 484 3231 Et
499 3167 669 3254 Philippus
684 3168 777 3233 uenit
792 3176 827 3232 et
841 3166 922 3232 dicit
937 3169 1023 3254 quod
1039 3166 1149 3233 tenuit
1163 3175 1284 3232 terram
1299 3166 1388 3231 illam
1399 3163 1465 3227 dnm

375 3269 439 3334 fuit
464 3269 588 3349 iudeus,
613 3278 648 3335 et
671 3280 844 3357 postquam
870 3271 935 3335 fuit
957 3270 1130 3336 cristianus
1151 3272 1216 3335 fuit
1237 3270 1274 3335 in
1294 3269 1409 3335 saisina
1432 3266 1466 3329 de
1539 3271 1541 3335 ἐ

374 3373 487 3438 eadem
509 3382 597 3439 terra
617 3375 719 3439 donec
740 3373 906 3460 predictus
927 3375 1089 3440 Radulfus
1111 3398 1188 3439 eum
1211 3374 1309 3439 eiecit
1329 3373 1371 3437 dc
1393 3380 1467 3436 tem
1539 3424 1541 3435 ι

373 3476 438 3556 illa,
453 3477 502 3542 ita
515 3477 602 3563 quod
615 3500 676 3564 per
688 3478 788 3543 breue
810 3500 895 3543 noue
915 3478 1084 3543 disseisine
1099 3478 1307 3563 recuperauit
1327 3475 1467 3541 saisinam

353 3604 465 3655 ¹suam
489 3604 595 3647 coram
620 3583 807 3648 iusticiariis
832 3582 1064 3648 itinerantibus
1087 3582 1152 3647 scil
1178 3582 1217 3647 G.
1246 3582 1288 3645 de
1317 3575 1467 3645 Boclande

373 3685 457 3763 stol,
473 3694 507 3751 et
521 3694 635 3772 postea
649 3694 688 3751 ut
703 3686 783 3751 dicit
798 3708 857 3772 per
871 3686 1012 3751 eundem
1028 3693 1078 3750 est
1092 3683 1281 3750 disseisitua
1301 3682 1306 3770 Ι

438 3790 482 3854 Et
497 3790 658 3855 Radulfus
672 3790 754 3855 dicit
768 3791 855 3877 quod
870 3812 946 3854 eum
961 3812 1026 3855 non
1041 3788 1229 3867 dieseisinit,
1243 3796 1294 3852 set
1308 3784 1394 3873 quod
1407 3784 1467 3870 ipse

372 3894 472 3960 habet
492 3894 643 3959 seisinam
667 3917 760 3959 suam
778 3916 837 3981 per
856 3894 951 3959 Dona
974 3894 1099 3981 Regem
1121 3916 1180 3979 per
1200 3894 1300 3959 breue
1321 3912 1415 3955 sunm
1433 3887 1467 3951 de

372 4020 436 4083 quo
450 3998 537 4062 facta
553 4007 604 4063 est
619 3998 753 4075 mencio,
771 4005 806 4063 et
825 3998 911 4062 siout
931 3997 1102 4063 iusticiami
1121 3997 1291 4062 iudeorum
1312 4000 1468 4059 testantur

371 4124 429 4188 per
443 4101 569 4167 litteras
584 4126 664 4168 suas.
710 4102 754 4168 Et
776 4103 854 4189 quia
873 4110 1032 4168 testatum
1056 4109 1108 4166 est
1130 4100 1216 4187 quod
1237 4098 1340 4165 estin
1361 4095 1467 4163 seisina

403 4246 523 4375 illidi}
533 4246 771 4362 ffifflfflffilll·
951 4244 1167 4374 Elludhpplyeat.

404 4377 415 4407 ³¹
431 4376 519 4439 Philip
530 4377 575 4427 the
587 4378 699 4428 Convert
714 4378 763 4428 has
779 4377 898 4440 changed
980 4377 992 4409 ⁵
1009 4376 1057 4426 See
1068 4376 1157 4433 above,
1169 4375 1234 4426 cnse
1245 4373 1317 4422 rus.

372 4456 450 4493 name
461 4456 489 4492 as
501 4442 556 4492 well
570 4458 600 4493 as
617 4442 699 4503 laith3
718 4444 751 4495 he
764 4458 818 4495 was
834 4458 899 4494 once
