3167 5075
361 373 426 437 584·
658 385 797 445 nasraa,
819 387 883 434 aa:
908 373 1002 448 122'62,
1023 386 1088 436 aa
1112 374 1161 436 lo:

359 558 450 623 illam
466 555 589 623 Domui
603 555 736 643 Templi·
747 556 783 620 in
797 577 913 642 puram
928 556 1138 621 elemosinam
1158 578 1218 642 per
1236 567 1354 622 cartam
1366 579 1440 622 snam

359 661 438 748 que¹
452 669 595 726 testatur
609 671 679 740 etc,
695 660 874 747 Episcopus
889 661 1119 725 Bathoniensis
1133 660 1303 747 distringit
1323 684 1389 726 eum
1406 661 1439 725 ad

359 765 545 830 faciendum
566 773 692 829 sectam·
711 763 754 830 ad
777 763 988 830 hundredum
1008 786 1105 829 suum
1130 787 1195 850 pro·
1213 763 1339 830 defectu
1359 766 1440 852 ipsiu

359 866 509 954 Hugonis
525 875 584 932 eto.

424 971 468 1034 Et
483 970 583 1056 Hngo
598 969 690 1035 uenit
706 978 741 1034 et
755 969 903 1035 defendit
917 977 977 1036 etc.
993 977 1029 1034 et
1042 969 1225 1057 dicitquod
1240 993 1299 1056 per
1311 971 1441 1037 defaltum

358 1073 429 1140 eius
451 1096 515 1139 non
533 1075 750 1160 distringitur,
771 1073 909 1159 quiade
929 1083 1002 1139 tote
1020 1083 1110 1139 secta
1132 1097 1232 1162 quam
1255 1076 1323 1162 ipse
1345 1075 1442 1140 lacere⁸

357 1175 457 1245 debet
482 1202 610 1266 semper
632 1201 708 1246 eum
732 1180 934 1266 acquietauit
957 1189 992 1244 et
1017 1180 1158 1246 libenter
1183 1183 1383 1267 acquietabit,
1402 1193 1442 1246 set

357 1305 473 1348 reuera
487 1283 533 1348 de·
543 1283 616 1348 uisu
631 1283 733 1348 franci
747 1283 848 1369 plegii
862 1306 927 1348 non
939 1293 1048 1370 potest
1059 1307 1134 1350 eum
1145 1286 1329 1372 acquietare
1342 1296 1374 1352 et
1384 1285 1442 1350 ideo

358 1387 444 1471 petit
459 1394 519 1450 etc.
539 1385 544 1472 Ι

230 1513 328 1564 {ausu
425 1489 469 1554 Et
491 1489 565 1555 ideo
587 1491 831 1556 consideratum·
851 1497 901 1555 est
922 1490 1009 1576 qnod
1029 1491 1195 1576 acquietet
1217 1491 1399 1575 Magistrum
1411 1489 1443 1554 de

357 1593 529 1680 principali
551 1603 641 1660 secta
663 1605 806 1681 excepto·
819 1594 893 1658 uisu
913 1594 955 1659 de
976 1595 1085 1659 franco
1103 1594 1212 1680 plegio
1232 1604 1268 1659 et
1282 1593 1443 1660 huiusmodi

359 1696 401 1762 ad
415 1720 564 1763 coronam
580 1699 673 1764 Dom.
690 1699 790 1786 Regis
805 1698 1029 1785 spectantibus
1044 1707 1104 1763 etc.

227 1816 319 1884 1753·
423 1801 547 1866 'Alicia
574 1801 644 1866 filia
670 1803 777 1889 Sigari
803 1803 889 1888 petit
914 1825 1029 1867 uersus
1057 1802 1238 1867 Henricum
1269 1802 1444 1868 Ketelbeme

230 1903 315 1942 ΒΜ
359 1905 570 1972 medietatem
585 1907 686 1971 trium
701 1930 760 1972 aar.
778 1916 863 1972 terre
879 1929 953 1972 cum
973 1915 1055 1993 pert.
1071 1907 1106 1970 in
1125 1906 1283 1972 suburbio
1302 1907 1445 1993 Cycestrie

359 2017 398 2074 ut
413 2009 464 2073 ius
479 2031 573 2072 sunm
589 2018 650 2074 eto.
666 2010 753 2075 unde
768 2009 936 2076 lohannes
951 2010 1051 2074 linter
1070 2031 1149 2074 suus
1168 2009 1233 2074 fuit
1253 2011 1378 2075 seisitns
1396 2018 1443 2073 etc

359 2119 505 2196 tempore
521 2112 562 2176 H.
579 2111 679 2198 Regis
694 2120 754 2178 etc.
770 2111 926 2198 capiendo
941 2121 1001 2177 etc.
1018 2112 1110 2178 etde
1128 2113 1200 2199 ipso
1219 2115 1367 2179 Johanne
1383 2113 1446 2199 quia

359 2216 441 2280 obiit
466 2216 534 2280 sine
561 2215 678 2282 herede
702 2217 743 2282 de
767 2240 801 2282 se
824 2217 993 2283 descendit
1012 2217 1064 2282 ius
1083 2217 1172 2283 illius
1194 2218 1377 2284 medietatis
1395 2216 1445 2303 lpn'

359 2319 463 2384 Alicie
478 2327 517 2383 ut
531 2319 630 2384 sorori
645 2327 679 2384 et
694 2319 807 2384 heredi
821 2329 881 2385 eto

425 2422 468 2486 Et
483 2423 645 2488 Henricus
660 2423 740 2488 dicit
756 2423 842 2510 quod
856 2446 922 2488 non
937 2425 1012 2489 uult
1026 2423 1068 2489 ad
1083 2425 1143 2489 hoc
1158 2423 1260 2490 breue
1274 2423 1445 2511 respondere

358 2525 436 2611 quia
460 2524 531 2612 ipsa
556 2525 656 2591 habet
681 2548 781 2591 unam
807 2549 946 2592 sororem
973 2527 1113 2593 Aliciam
1138 2527 1271 2594 nomine
1296 2551 1357 2615 que
1379 2526 1446 2591 sdeo

359 2653 514 2717 magnum
537 2631 589 2695 ius
612 2631 713 2695 habet
733 2631 819 2696 sicut
839 2640 873 2696 et
894 2632 954 2696 hec
974 2632 1089 2709 Alicia,
1104 2643 1140 2697 et
1157 2631 1233 2697 ideo
1252 2656 1318 2699 non
1335 2628 1446 2696 unltad

358 2732 419 2797 hoc
442 2734 540 2798 breue
561 2732 753 2819 respondere
773 2734 836 2799 nisi
857 2735 946 2799 curis
966 2746 1028 2801 etc.
1043 2734 1170 2801 desicut
1189 2736 1305 2802 breue⁴
1323 2736 1447 2823 loquitur

358 2835 399 2901 de
414 2858 459 2901 ea

424 2942 467 3006 Et
491 2942 596 3007 Alicia
618 2944 699 3009 dicit
724 2943 810 3030 quod
833 2944 913 3008 alios
937 2945 1016 3009 tulit
1035 2944 1135 3011 breue
1155 2946 1190 3009 in
1215 2968 1280 3031 quo
1299 2948 1378 3012 facta
1393 2943 1446 3008 luit

358 3045 483 3110 mencio
508 3044 548 3110 de
574 3054 712 3130 utroque
738 3069 852 3124 sorore,
879 3057 914 3111 et
940 3048 975 3111 in
1001 3049 1158 3113 comitatu
1186 3051 1266 3135 quia
1293 3072 1373 3114 soror
1397 3068 1447 3111 sua

357 3150 463 3214 noluit
477 3150 570 3236 sequi
585 3174 659 3215 oum
675 3174 713 3217 ea
728 3161 923 3237 prostratum
939 3151 1004 3216 fuit
1024 3152 1124 3217 breue
1144 3161 1301 3227 suamet
1319 3159 1446 3239 preterea

357 3253 428 3339 ipsa
439 3254 620 3339 implacitat
632 3277 770 3321 sororem
782 3278 883 3321 suam.
912 3256 1031 3322 Postea
1041 3256 1119 3342 quia
1131 3257 1294 3323 Henricus
1304 3254 1446 3343 cognoscit

358 3358 444 3443 quod
459 3357 531 3443 ipsa
545 3358 625 3423 alias
641 3360 719 3423 tulit
733 3360 834 3425 breue
848 3361 979 3425 nomine
999 3384 1057 3426 suo
1078 3371 1113 3426 et
1133 3362 1266 3427 nomine
1280 3363 1385 3427 sororis
1396 3380 1445 3424 sne

357 3462 392 3526 in
402 3463 569 3540 comitatu,
580 3472 614 3528 et
626 3473 824 3548 prostratum
839 3465 903 3530 fuit
919 3466 997 3552 quia
1010 3488 1097 3549 soror
1111 3488 1171 3531 sua
1188 3489 1253 3531 non
1268 3468 1332 3533 snit
1344 3475 1445 3538 secuta

358 3566 598 3631 consideratum
614 3576 668 3631 est
680 3567 770 3654 quod
782 3570 945 3635 Henricus
959 3570 1162 3656 respondeat.

423 3669 467 3733 Et
496 3671 659 3736 Henricus
688 3672 780 3738 uenit
811 3681 845 3738 et
875 3672 1022 3739 defendit
1050 3675 1103 3740 ius
1131 3696 1229 3740 sunm
1258 3673 1384 3741 tenendi
1414 3670 1444 3736 in

356 3770 525 3849 dominico,
540 3782 574 3837 et
589 3774 668 3839 dicit
684 3775 771 3862 quod
790 3776 959 3842 Johannes
979 3778 1079 3842 frater
1097 3800 1176 3843 suus
1196 3779 1290 3844 cuius
1312 3776 1444 3843 heredem

356 3874 475 3960 ipsese
491 3875 570 3941 facit
586 3879 810 3943 terramillam
831 3878 863 3943 ei
882 3880 1033 3944 uendidit
1053 3881 1230 3946 tenendam
1250 3883 1291 3948 de
1313 3875 1444 3947 Decano⁸

357 3986 427 4057 etc,
447 3986 481 4042 et
506 3980 598 4064 ponit
621 4003 656 4045 se
680 3981 715 4046 in
739 4005 892 4068 magnam
916 3983 1049 4049 assisam
1073 3985 1169 4051 Dom.
1190 3986 1296 4073 Regis,
1318 3996 1350 4050 et
1370 3982 1444 4069 petit

356 4083 612 4169 recognicionem
629 4084 700 4149 fieri
714 4093 829 4151 utrum
842 4087 912 4173 ipse
928 4089 1049 4153 maius⁸
1065 4090 1185 4155 hebeat
1205 4092 1240 4155 in
1255 4099 1334 4155 tenu
1345 4088 1397 4151 illa
1409 4096 1444 4149 ut

389 4202 580 4265 ¹⁵¹¹1³P¹7l⁰⁶·
967 4208 978 4239 ⁵
994 4209 1035 4259 uo
1046 4210 1149 4260 further
1159 4205 1397 4260 informamus.
1435 4277 1438 4279 v

387 4267 586 4383 :lpacgetssm’
966 4274 986 4352 ⁸,
995 4275 1095 4338 3¹¹1>le
1111 4278 1167 4335 ἕως
1191 4277 1213 4327 Β
1229 4276 1276 4327 has
1294 4278 1330 4324 ius
1343 4270 1442 4319 without

388 4399 404 4429 ⁴¹
416 4368 515 4461 supply
526 4371 575 4448 alon
587 4400 625 4449 B..
934 4355 1028 4391 mm*
