3167 5075
457 412 595 475 asenna,
617 412 681 465 an.
707 398 800 475 1225,
821 412 885 463 aa
909 400 937 464 9.
1181 403 1244 467 119

151 606 204 649 aar.
224 592 305 650 terre
327 594 362 649 et
388 606 444 650 sex
470 608 530 651 scr.
555 585 642 671 prati
667 608 742 650 cum
765 592 847 670 pert.
874 584 909 649 in
932 584 1089 650 Hautona
1111 586 1145 651 in
1169 586 1244 651 sock

149 685 185 751 de
204 686 374 753 Bulinbroc
398 694 433 753 et
454 688 585 753 terciam
606 694 733 774 partem
748 710 776 753 x.
793 687 901 753 bouat
917 696 1004 754 terre
1018 711 1093 754 oum
1113 698 1193 776 pert
1209 698 1244 755 et

147 812 212 855 xxa
238 814 297 857 aer.
323 800 409 857 terre
434 813 508 857 cum
534 800 615 877 pert.
640 792 675 857 in
700 792 876 879 Stepiuges
901 801 936 858 et
961 794 1094 859 terciam
1117 802 1244 881 partem

146 902 262 980 septem
287 895 395 961 houat
419 904 504 961 terre
530 919 605 961 cum
628 905 709 984 pert
732 896 767 962 in
792 897 1043 985 Beningewrthe
1069 907 1108 963 ut
1133 898 1244 964 dotem

144 996 238 1081 ipsius
260 998 354 1064 Sarra
378 998 464 1065 unde
489 999 667 1065 (filibertus
689 1000 729 1065 de
753 999 984 1088 Beningwrthe
1008 1002 1170 1087 quondam
1192 1003 1245 1067 uir

144 1122 216 1167 suns
230 1124 301 1167 eam
315 1102 446 1168 dotauit
460 1111 521 1169 etc.

204 1204 246 1269 Et
265 1204 449 1271 Rannulfus
469 1206 586 1273 Oomes
605 1206 699 1271 uenit
719 1215 754 1272 et
768 1208 901 1273 uocauit
914 1208 991 1274 inde
1006 1208 1048 1274 ad
1062 1220 1242 1275 warantum

147 1306 339 1373 Willelmum
353 1308 458 1374 filium
474 1318 509 1375 et
529 1308 681 1375 heredem
701 1311 841 1397 predicti
861 1311 1014 1377 Giliberti
1034 1312 1091 1399 qui
1111 1336 1242 1399 presens

143 1418 188 1475 est
206 1434 263 1497 per
285 1412 573 1478 summonicionem
593 1412 626 1478 ei
640 1414 759 1480 laetam
774 1423 810 1480 et
824 1416 988 1502 cognoscit
1003 1413 1124 1481 cartam
1140 1418 1242 1503 patris

142 1515 189 1579 sui
202 1524 251 1581 set
264 1516 346 1582 dicit
360 1516 445 1603 qued
462 1540 526 1582 non
542 1525 674 1583 tenetur
688 1518 719 1584 ei
739 1520 947 1585 warentizare
970 1518 1048 1605 quia
1072 1519 1159 1585 facta
1177 1520 1242 1585 fuit

142 1627 281 1707 tempore
297 1644 362 1708 quo
376 1630 471 1708 pater
485 1645 564 1687 suus
580 1621 753 1710 languidus
767 1624 832 1689 fuit
846 1624 887 1689 de
902 1625 1056 1712 languore
1076 1647 1140 1711 quo
1160 1625 1242 1689 obiit

142 1735 173 1789 et
190 1748 251 1811 quo
273 1727 463 1793 memoriam
485 1728 602 1806 amisit,
622 1737 657 1794 ct
678 1738 827 1815 preterea
845 1738 940 1816 pater
960 1752 1038 1795 suus
1059 1730 1159 1794 nichil
1178 1730 1241 1795 sibi

141 1830 190 1894 uel
213 1829 387 1897 heredibus
410 1832 479 1897 suis
503 1832 641 1897 retinuit
669 1832 770 1897 immo
792 1840 896 1898 totam
919 1833 1063 1919 quietam
1086 1833 1241 1899 clamauit

141 1942 253 1999 temam
279 1935 370 1999 illam
395 1943 434 1999 ut
456 1935 588 2020 capitali
609 1935 740 2001 domino
762 1945 797 2002 et
819 1934 905 2002 ide0¹
926 1936 1012 2022 petit
1033 1936 1190 2001 iudicium
1213 1936 1241 2001 si

141 2034 253 2102 debeat
268 2045 390 2102 terram
406 2037 495 2103 illam
510 2037 542 2103 ei
556 2038 769 2103 warantizare.

200 2142 243 2207 Et
263 2142 381 2209 Comes
400 2142 481 2208 dicit
501 2142 587 2229 quod
607 2143 635 2208 si
654 2151 748 2230 pater
762 2165 841 2208 suus
855 2143 945 2208 illam
960 2152 1080 2208 terram
1095 2142 1240 2229 quietam

139 2244 295 2321 clamauit,
320 2245 506 2311 continetur
530 2245 565 2311 in
591 2254 680 2311 carta
702 2246 759 2311 illa
785 2246 872 2333 quod
892 2245 979 2311 idem
1003 2245 1181 2311 Gilihertus
1206 2255 1242 2312 et

140 2346 266 2413 heredes
282 2348 335 2413 sui
350 2356 505 2413 tenentur
519 2358 638 2413 terram
654 2348 744 2414 illam
760 2348 790 2413 ei
806 2350 1013 2415 warentizme
1025 2356 1059 2413 et
1068 2350 1241 2414 heredibus

138 2452 200 2515 suis
227 2459 343 2517 contra
372 2473 484 2515 omnes
512 2449 666 2516 homines.
711 2452 763 2516 De
793 2460 938 2538 tempore
968 2450 1132 2538 languoris
1160 2450 1241 2516 dicit

138 2557 218 2641 quod
241 2559 302 2623 hoc
327 2579 393 2622 non
413 2556 511 2622 dehet
530 2557 562 2621 ei
582 2579 695 2622 nocere
716 2557 793 2643 quia
812 2556 900 2622 idem
915 2556 1100 2622 Willelmus
1119 2580 1240 2622 waren-

138 2660 247 2728 timuit
282 2663 315 2728 ei
351 2661 519 2749 quandam
554 2662 651 2728 aliam
686 2671 810 2728 cartam
844 2662 906 2727 sub
935 2663 1065 2727 nomine
1096 2661 1240 2728 eiusdem

138 2763 285 2832 Giliberti
307 2789 421 2832 uersus
443 2766 605 2832 Helenam
628 2767 668 2832 de
692 2766 868 2854 Stepinges
889 2790 953 2853 que
975 2768 1062 2832 lacta
1083 2767 1147 2832 fuit
1167 2777 1241 2852 post

137 2865 227 2932 istam
242 2876 368 2933 cartam
383 2875 418 2933 et
433 2867 518 2954 petit
532 2867 608 2933 inde
623 2867 789 2933 iudicium.

196 2973 273 3038 Post
293 2971 389 3038 uenit
415 2972 599 3038 Willelmus
625 2980 659 3038 et
685 2973 717 3038 ei
742 2972 968 3038 warantizauit
994 2980 1113 3038 terram
1135 2981 1239 3037 totam

136 3085 190 3142 etc
213 3088 247 3143 et
269 3077 353 3144 dicit
379 3077 465 3164 quod
487 3077 559 3164 ipsa
584 3077 648 3142 fuit
671 3078 786 3144 dotata
810 3077 1003 3143 nominatim
1027 3076 1068 3141 de
1090 3085 1177 3142 terra
1198 3078 1239 3142 dc

137 3179 287 3247 Hautona
314 3188 366 3245 set
390 3180 515 3246 nullam
540 3187 663 3246 sectam
688 3179 764 3246 inde
790 3180 899 3246 hahet.
945 3180 989 3244 Et
1009 3178 1081 3264 ipsa
1101 3179 1162 3243 hoc
1183 3179 1238 3244 de-

136 3285 233 3350 fendit
255 3295 290 3351 et
316 3283 395 3349 dicit
417 3284 503 3370 quod
525 3283 638 3350 dotata
659 3284 723 3349 fuit
744 3284 785 3350 de
808 3284 908 3349 tercia
929 3291 1022 3369 parte
1044 3290 1238 3369 pestutum,

137 3397 168 3453 et
187 3389 260 3456 inde
284 3387 436 3476 producit
458 3396 588 3454 sectam.
634 3389 678 3454 Et
699 3388 788 3454 ideo¹
811 3388 1050 3455 consideratum
1076 3396 1126 3453 est
1152 3389 1238 3474 quod

137 3491 216 3558 idem
240 3492 428 3559 Willelmus
452 3493 550 3558 faeiat
573 3493 679 3559 eidem
706 3493 832 3559 Simoni
857 3500 892 3558 et
920 3492 1014 3558 Sarte
1040 3493 1237 3558 escambium

137 3597 175 3661 sd
193 3596 375 3664 ualenoiam
395 3597 614 3683 predictarum
634 3597 808 3664 herciarum
827 3597 973 3684 parcium
993 3620 1051 3683 per
1065 3606 1181 3674 totum,
1203 3606 1238 3663 et

139 3698 248 3768 Comes
262 3709 378 3768 teneat
392 3701 503 3788 quiete
519 3710 554 3767 et
568 3701 603 3767 in
617 3725 695 3789 pace
711 3709 771 3770 etc

34 3813 104 3879 1103.
197 3804 331 3872 ’Jurata
360 3806 453 3871 uenit
478 3829 518 3871 ex
543 3829 697 3872 consensu
722 3806 868 3893 parcium
891 3806 919 3870 si
945 3804 1128 3871 Willelmus
1151 3807 1238 3873 filius
1290 3819 1358 3858 Mat

139 3907 265 3976 Henrici
295 3919 331 3976 et
360 3919 577 3975 antecessores
605 3911 656 3976 sui
685 3918 864 3976 tenuerunt
893 3909 974 3975 duas
1001 3919 1110 3996 partes
1139 3913 1237 3978 unius

137 4011 248 4079 bonate
270 4023 359 4080 terre
380 4037 455 4079 cum
477 4023 558 4100 pert.
581 4014 615 4080 in
638 4015 767 4081 Piltona
788 4015 824 4080 in
845 4015 1008 4103 uilenagio
1030 4016 1071 4081 de
1092 4025 1235 4083 anteces-

138 4119 255 4186 soribus
266 4119 489 4185 Bartholomei
502 4119 562 4184 filii
577 4120 745 4186 Eustachii
760 4119 906 4186 faciendo
918 4119 977 4184 has
986 4121 1236 4188 consuetudines

167 4333 176 4365 ¹
192 4333 231 4384 On
241 4333 287 4384 the
297 4331 399 4396 mund
410 4330 469 4382 that
479 4347 514 4383 an
527 4331 584 4382 heir
598 4347 658 4396 may
740 4331 751 4364 ³
767 4331 819 4381 For
828 4331 873 4382 the
879 4330 1016 4397 plaudings
1023 4331 1236 4394 sanbovaeus

138 4397 563 4522 noplgpplrtoagdoplperdisinhcrited
708 4399 765 4450 916.
