3167 5075
391 400 454 463 386
694 412 847 475 smsrrr,
869 412 933 463 nn.
959 398 1052 475 1220,
1074 414 1136 462 ns
1161 402 1189 463 4.

390 609 473 655 auus
491 608 569 652 suus
588 585 688 673 peciit
706 586 836 653 easdem
857 594 959 651 tersas
979 585 1092 652 eodem
1117 586 1211 652 modo
1232 608 1295 673 quo
1315 586 1382 673 ipse
1399 584 1468 651 modo

391 691 469 756 fecit
492 712 606 756 uersus
628 689 813 755 Johannem
840 690 880 755 de
905 691 981 755 Ken
1005 712 1105 756 auum
1129 690 1224 756 istius
1253 690 1407 757 Johannis
1429 712 1469 775 per

391 795 491 861 breue
519 794 561 860 de
590 801 678 859 recto
706 792 742 857 in
775 794 866 859 curia
901 794 1038 859 Roberti
1074 795 1237 881 quondam
1274 794 1470 860 Bethouiensis

393 896 567 984 Episcopi¹,
583 896 706 961 scilicet
720 896 863 961 habendi
883 897 955 961 illas
973 896 1008 962 in
1029 897 1197 976 dominice,
1219 897 1304 962 sicut
1324 898 1388 983 ipse
1407 918 1469 961 nunc

392 1001 478 1067 fecit.
522 1000 566 1065 Et
589 1000 624 1065 in
648 1007 778 1064 tantum
804 1001 960 1086 processit
986 1000 1114 1087 loquela
1144 1001 1231 1087 quod
1260 1000 1400 1066 ducllum
1424 1000 1469 1063 luit

392 1103 561 1169 uadiatum
583 1104 726 1169 incuria
747 1104 850 1189 ipsius
873 1104 1032 1190 Episcopi,
1047 1105 1096 1170 ita
1117 1104 1204 1190 quod
1226 1104 1313 1169 idem
1334 1105 1471 1170 Johunncs

392 1231 474 1273 auus
488 1206 669 1272 defendidit
684 1207 735 1271 ius
750 1207 853 1293 ipsius
866 1207 1026 1273 Willelmi
1040 1230 1227 1295 percorpus
1242 1234 1348 1288 suum,
1362 1218 1393 1274 et
1406 1209 1469 1274 iden

392 1313 576 1379 Willelmus
591 1312 707 1376 habuit
722 1312 896 1397 quemdam
912 1312 1095 1378 Walterum
1109 1313 1270 1380 Freceoxe
1285 1315 1343 1400 qui
1356 1322 1471 1379 armatus

393 1418 457 1484 fuit
476 1416 511 1482 in
531 1438 654 1502 campo,
670 1415 719 1481 ita
738 1415 825 1502 quod
845 1438 1032 1502 percussum
1055 1414 1118 1481 fuit
1138 1416 1293 1493 duellum,
1312 1426 1346 1481 et
1368 1416 1471 1481 taudem

393 1522 429 1587 in
457 1543 572 1607 campo
601 1543 661 1606 per
687 1520 891 1585 concordiam
920 1520 1064 1585 reddidit
1092 1520 1180 1585 idem
1204 1521 1371 1587 Johannes
1391 1520 1472 1585 eidus

393 1626 558 1691 Willelmo
572 1633 675 1690 terrm
689 1625 762 1689 illas
781 1632 821 1689 ut
842 1624 893 1689 ius
913 1648 1018 1703 suum,
1040 1631 1074 1689 et
1094 1625 1212 1690 hebuit
1233 1626 1384 1691 seisinam
1402 1646 1471 1689 suun

394 1739 429 1796 et
442 1730 477 1795 in
495 1729 613 1795 seisine
633 1728 697 1793 fuit
717 1728 868 1794 omnibus
889 1728 1004 1794 diebus
1023 1729 1093 1795 uite
1117 1752 1183 1807 sue,
1198 1730 1323 1795 scilicet
1345 1752 1398 1817 per
1413 1729 1473 1793 duos

394 1857 495 1900 annos
510 1842 545 1899 et
558 1833 733 1899 dimidium
747 1840 783 1898 et
798 1856 836 1897 eo
851 1833 991 1920 amplius
1004 1842 1079 1919 post
1098 1834 1245 1900 duellum
1264 1835 1356 1912 illud,
1370 1844 1400 1899 et
1413 1831 1473 1897 obiit

394 1939 470 2007 inde
491 1939 630 2015 scisitus,
645 1947 680 2003 et
697 1936 738 2002 de
760 1937 879 2001 seisina
900 1936 957 2001 illa
978 1946 1141 2003 muratum
1163 1946 1214 2003 est
1236 1937 1326 2004 istud
1347 1938 1472 2003 duellum

394 2047 513 2111 Postea
534 2066 613 2109 uero
635 2049 764 2107 mortuo
788 2040 961 2118 Willelmo,
990 2042 1170 2128 Episcopus
1191 2043 1355 2108 Robe1tus
1374 2040 1473 2107 seisiuit

394 2160 497 2217 terras
511 2148 583 2213 illas
597 2147 633 2211 in
647 2168 782 2210 manum
798 2167 899 2222 suam,
916 2152 951 2209 et
965 2145 988 2209 J
990 2145 1133 2210 ohannes
1152 2146 1192 2211 de
1216 2146 1393 2213 Cliuedona
1409 2145 1474 2209 filius

391 2253 551 2319 Willelmi
568 2250 697 2316 iuuenis
711 2250 775 2315 fuit
791 2249 875 2314 etin
890 2249 1038 2315 custodia
1053 2249 1190 2315 Comitis
1206 2250 1402 2317 Gloucestrie
1418 2270 1473 2313 cun

397 2357 539 2446 quedam
568 2355 634 2421 elia
662 2362 751 2419 terra
778 2354 820 2418 de
850 2351 942 2418 feodo
973 2353 1119 2419 Comitis.
1180 2354 1224 2419 Et
1253 2354 1383 2421 interim
1415 2354 1476 2419 obiit
1525 2366 1526 2415 ὲ

393 2460 561 2528 Johannes
579 2460 621 2525 de
641 2459 717 2523 Ken
734 2478 818 2523 auus
840 2464 899 2523 etc
924 2465 959 2522 et
981 2457 1139 2523 Ricardus
1161 2458 1248 2524 filius
1270 2482 1348 2525 suus
1368 2456 1474 2525 amosi

392 2575 467 2653 post
503 2586 659 2652 magnum
694 2571 827 2648 tempus
862 2562 905 2626 ad
942 2562 1138 2649 Episcopum
1175 2563 1390 2650 Reginnldum
1421 2576 1476 2649 post

392 2680 530 2736 mortem
560 2667 697 2733 Roberti
725 2664 878 2752 Episcopi
909 2664 1140 2732 Bathoniensis
1169 2667 1225 2754 qui
1262 2668 1397 2734 intrauit
1421 2674 1475 2752 post

392 2782 531 2840 mortem
553 2771 784 2859 predecessoris
810 2770 869 2848 sui,
895 2777 930 2836 et
958 2770 994 2834 in
1023 2779 1155 2836 tantum
1181 2771 1311 2838 locutus
1336 2773 1396 2838 fuit
1419 2791 1475 2834 cun

394 2877 552 2964 Episcopo
575 2875 633 2962 qui
650 2897 715 2939 non
732 2872 850 2938 habuit
872 2873 936 2938 nisi
957 2873 1138 2940 custodiam
1160 2875 1201 2940 de
1224 2875 1320 2941 terris
1341 2873 1477 2963 predictis,

393 2981 480 3067 quod
505 2979 592 3045 idem
615 2979 792 3065 Episcopus
814 2977 906 3043 dedit
928 2978 1103 3063 quamdam
1125 2987 1259 3064 neptem
1281 3003 1372 3046 suam
1393 2978 1476 3043 eidem

394 3085 532 3150 Ricardo
547 3092 582 3150 et
596 3082 757 3169 predictas
776 3089 880 3146 terras
900 3103 975 3145 cum
996 3105 1035 3146 ca
1054 3081 1085 3146 ci
1107 3082 1241 3160 dimisit,
1256 3092 1291 3149 ct
1311 3083 1381 3150 illas
1399 3092 1478 3147 terru
1523 3155 1524 3168 ἶ

393 3191 503 3255 tenuit
532 3188 620 3254 idem
642 3187 800 3252 Ricardus
827 3186 977 3252 omnibus
998 3187 1114 3252 diebus
1135 3188 1205 3254 uite
1228 3189 1332 3276 ipsius
1353 3185 1478 3276 Episcopi

393 3292 574 3380 Reginaldi
612 3291 656 3354 Et
670 3298 744 3376 post
758 3289 925 3354 decessum
937 3289 1039 3375 ipsius
1051 3290 1203 3377 Episcopi
1217 3292 1311 3358 uenit
1326 3293 1479 3378 Episcopus
1523 3273 1524 3285 ¹

395 3396 568 3463 Sauaricus
582 3395 639 3481 qui
654 3394 863 3480 propinquior
878 3416 993 3480 parens
1008 3394 1071 3458 suit
1086 3396 1194 3460 uxoris
1208 3397 1349 3483 predicti
1364 3391 1479 3464 Ricard't

394 3508 430 3564 et
457 3521 517 3586 per
545 3505 744 3584 potestatem
774 3519 867 3561 suam
891 3496 1101 3562 manutenuit
1125 3498 1232 3583 ipsum
1262 3499 1430 3564 Ricardum
1454 3497 1478 3561 in

395 3601 516 3666 seisine
538 3599 602 3663 illa
655 3598 773 3663 Postea
802 3619 880 3662 uero
909 3605 1054 3683 tempore
1085 3599 1237 3686 Episcopi
1268 3601 1411 3666 Sauarici
1434 3599 1479 3663 in·
1522 3613 1523 3670 l

394 3703 568 3792 placitauit
592 3701 760 3768 Johannes
790 3709 885 3788 pater
913 3723 991 3766 suus
1020 3701 1128 3787 ipsum
1157 3703 1337 3770 Ricardum
1358 3701 1481 3769 incuria

394 3808 488 3872 Dom.
511 3804 614 3892 Regis
635 3803 871 3889 perquisitum¹
891 3803 1059 3890 prohibuit
1079 3803 1230 3870 dominus
1253 3807 1324 3872 Rex
1347 3806 1481 3894 placitum

393 3911 485 3988 illud,
501 3909 588 3974 unde
603 3929 706 3993 usque
721 3929 809 3972 nunc
823 3930 1003 3994 numquam
1018 3907 1071 3974 ius
1085 3909 1203 3974 habere
1219 3910 1338 3995 potuit.

459 4013 504 4077 Et
519 4010 658 4097 predicti
673 4018 813 4095 quatuor
828 4010 949 4076 milites
965 4034 1022 4097 pro
1042 4011 1200 4077 comitatu
1222 4012 1336 4077 dicunt
1356 4011 1436 4099 quod
1452 4008 1482 4072 dc
1521 3975 1522 4057 l

394 4116 455 4182 hoc
469 4115 555 4202 quod
568 4115 592 4179 J
593 4115 736 4178 ohannes
750 4113 832 4178 dicit
846 4114 933 4200 quod
953 4114 1103 4201 probacio
1123 4114 1244 4180 delalte
1266 4115 1384 4181 debuit
1402 4110 1482 4197 recipi

426 4293 566 4358 ¹Bishops
591 4295 620 4344 ot
639 4293 725 4344 Bath:
760 4293 923 4344 nat-1166
1005 4289 1482 4351 ’mascemtobesoinnnwt
1520 4347 1521 4360 ἵ

393 4361 505 4419 nobam
523 4357 841 4435 1174-1191chinnts;
859 4361 923 4412 1192
973 4358 1099 4411 asinthe
1110 4361 1176 4410 Note
1187 4359 1267 4409 Book.
1520 4395 1521 4443 q

394 4427 491 4477 -1‘205
503 4425 620 4485 Sursum
639 4424 702 4474 lact
711 4425 833 4475 Joscelm.
