3167 5075
442 423 585 485 maiar,
608 421 673 473 aa.
697 409 792 485 1223,-
812 421 875 472 aa
898 405 926 475 7.
1170 407 1234 470 453

189 599 310 664 Postea
323 598 417 664 uenit
431 598 519 664 idem
534 607 718 665 attomatus
738 597 857 664 Prioris
877 605 911 663 et
932 595 1013 662 dicit
1035 595 1125 683 quod'
1143 595 1235 662 Prior

118 704 268 790 semper¹
297 713 371 790 post
400 703 521 769 donum
548 704 579 770 ei
604 705 681 769 inde
709 705 833 769 factum
862 702 1003 789 semper¹
1032 701 1234 788 presentauit

117 831 278 895 personas
307 808 394 872 unde
423 808 492 894 ipse
521 808 603 873 dicit
632 808 718 894 quod
747 809 817 893 ipse
845 805 1048 893 presentauit
1083 805 1235 870 ultimam

117 934 387 998 personamque
413 911 495 976 obiit
520 921 598 977 ante
623 912 724 976 istum
750 911 953 976 Willelmum
982 909 1041 996 qui
1068 932 1156 974 nunc
1184 917 1235 974 ast

117 1039 264 1103 persona
276 1016 407 1081 nomine
422 1016 596 1102 Rogemm.

189 1121 237 1184 Et
267 1120 442 1185 Gaufridus
471 1121 512 1184 de
542 1121 633 1206 Lucy
661 1119 742 1185 dicit
771 1118 857 1206 quod
887 1125 1069 1184 antecessor
1097 1117 1236 1203 predicti

119 1225 266 1290 Comitis
281 1225 430 1290 Gaufiidi
443 1224 551 1310 ipsum
565 1224 731 1311 Rogemm
744 1222 947 1309 presentauit
958 1230 992 1287 et
1002 1222 1088 1308 petit
1102 1221 1235 1287 assisam

116 1352 227 1395 suam

189 1433 270 1498 Post
297 1432 392 1498 uenit
420 1431 512 1497 Prior
541 1440 575 1498 et
604 1431 761 1497 concessit
789 1431 933 1507 assisam,
957 1439 1008 1496 set
1037 1429 1170 1516 ponitur
1198 1431 1234 1494 in

115 1545 309 1624 respectum
323 1558 426 1623 usque
440 1537 482 1602 ad
498 1537 598 1602 talem
612 1536 701 1601 diem
716 1543 775 1601 etc.
785 1557 843 1621 pro
855 1535 983 1601 defectu
995 1533 1234 1621 recognitorum

116 1651 184 1707 etc

118 1975 321 2042 PLAGITA
332 1975 458 2040 APUD
469 1973 935 2041 WESI'MONASTERIUM
949 1974 1011 2038 DE
1023 1972 1233 2039 TERMINO

213 2081 247 2145 S.
284 2078 494 2144 HILLARII
531 2079 663 2145 ANNO
704 2078 841 2144 REGIS
881 2077 1078 2145 HENRIGI
1121 2077 1235 2143 FILII

211 2183 349 2250 REGIS
377 2183 616 2250 IOHANNIS
646 2181 866 2249 SEPTIMO'.

45 2411 81 2475 n.
187 2409 317 2475 'Assisa
330 2410 422 2476 uenit
437 2410 645 2496 recognitum
658 2409 687 2474 si
698 2411 799 2496 Hugo
811 2409 898 2475 filius
907 2410 1042 2476 Roberti
1053 2409 1234 2476 auunculus

117 2515 285 2581 Willelmi
298 2515 341 2581 de
355 2513 588 2580 Heddenesora
609 2522 643 2579 et
658 2513 799 2580 Walteri
818 2515 998 2581 Maunsello
1020 2515 1084 2580 fuit
1105 2513 1234 2581 saisitus

117 2621 155 2685 in
170 2619 337 2686 dominico
351 2643 410 2684 suo
424 2628 463 2684 ut
478 2620 519 2684 de
534 2620 628 2684 feodo
642 2620 683 2684 de
699 2642 766 2685 una
784 2642 885 2685 carue.
902 2627 987 2685 terre
1006 2643 1081 2685 cum
1103 2618 1234 2706 pertin

118 2725 331 2812 Chippeham
345 2724 398 2789 die
414 2747 478 2811 quo
493 2733 563 2802 eto,
578 2732 612 2788 et
626 2723 656 2788 si
670 2732 739 2801 eto,
753 2747 852 2809 quam
867 2733 987 2789 terram
1009 2724 1171 2789 Robertus
1192 2724 1234 2789 de

117 2830 281 2896 Ferarriis
295 2839 329 2894 et
343 2830 367 2896 J
367 2830 495 2894 ohanna
509 2850 591 2893 uxor
604 2828 675 2893 eius
689 2836 811 2893 tenent.
838 2828 903 2908 Qui
919 2828 1058 2893 ueniunt
1073 2836 1107 2893 et
1119 2828 1234 2893 dicunt

117 2934 211 3020 quod
234 2942 350 2999 tenent
372 2940 491 2997 terram
513 2932 604 2997 illam
624 2932 659 2997 in
679 2940 830 3019 proparte
850 2954 1002 3011 soromm,
1017 2932 1104 2997 unde
1119 2954 1234 2997 uxores

118 3038 284 3103 Willelmi
305 3036 346 3102 de
367 3037 576 3102 Auerenches
595 3046 629 3102 et
648 3036 672 3102 J
673 3038 809 3103 ohannis
828 3036 869 3103 ds
885 3036 1028 3103 Beuilla⁴
1042 3046 1119 3103 sunt
1133 3037 1233 3124 parti-

117 3143 212 3229 cipes
233 3142 294 3218 sui,
309 3150 344 3206 et
365 3141 435 3206 sine
457 3141 505 3207 eis
526 3140 643 3206 nolunt
665 3142 856 3228 respondere
879 3141 942 3206 nisi
964 3141 1053 3207 curia
1074 3140 1233 3205 consider-

117 3246 240 3313 suerit.

190 3350 234 3415 Et
248 3349 414 3414 Walterus
429 3356 463 3413 et
474 3347 659 3414 Willelmus
673 3348 787 3414 dicunt
802 3348 889 3435 quod
904 3348 967 3435 ipsi
981 3346 1154 3434 participes
1168 3370 1233 3413 non

115 3454 246 3519 debent
269 3453 457 3540 exspectari,
478 3454 557 3539 quia
577 3451 665 3517 idem
688 3453 852 3517 Robertus
874 3460 909 3517 et
929 3452 1082 3517 Johanna
1106 3452 1232 3538 integre

115 3568 239 3623 tenent
252 3558 435 3622 manerium
450 3556 533 3623 illud
546 3558 588 3623 de
604 3556 794 3644 Ohipeham,
810 3566 843 3622 et
864 3558 1028 3644 predictus
1047 3558 1147 3643 Hugo
1169 3556 1233 3621 fuit

114 3665 220 3729 homo
235 3662 380 3728 eiusdem
395 3662 531 3727 Roberti
545 3670 580 3727 et
594 3669 714 3726 terram
726 3661 905 3747 predictam
915 3661 957 3726 de
969 3660 1081 3726 eodem
1090 3660 1233 3725 Roberto

115 3765 233 3831 tenuit
247 3766 300 3831 die
315 3787 380 3852 quo
395 3764 485 3843 obiit,
499 3765 587 3830 unde
602 3764 689 3830 idem
699 3765 864 3831 Walterus
875 3774 909 3830 et
925 3763 1104 3829 Willelmus
1118 3763 1232 3830 dicunt

113 3869 213 3957 quod
227 3870 332 3935 eidem
346 3869 489 3934 Roberto
503 3870 659 3935 remansit
669 3870 850 3935 manerium
862 3870 944 3934 illud
955 3868 1039 3934 sicut
1048 3868 1233 3934 Willelmus

113 3976 161 4041 dc
188 3973 350 4039 Boclande
372 3974 481 4038 tenuit
504 3974 547 4040 ad
569 3974 752 4061 porcionem
779 3996 881 4051 suam,
905 3973 1028 4038 scilicet
1057 3972 1117 4037 hoc
1145 3972 1232 4058 quod

113 4078 237 4145 tenuit
248 4079 284 4144 in
297 4078 458 4144 dominico
472 4078 508 4143 in
522 4078 692 4158 dominico,
704 4086 739 4143 et
750 4077 836 4164 quod
851 4077 960 4141 tenuit
975 4076 1009 4141 in
1024 4075 1183 4163 homagiis
1198 4084 1232 4141 et

153 4255 165 4288 ¹
186 4251 241 4302 Sic.
704 4249 800 4300 almost
812 4248 878 4299 total
889 4248 942 4299 loss
951 4249 1004 4301 ota
1015 4248 1174 4301 membrana.

151 4316 311 4367 'Parthis
331 4319 399 4367 term
419 4314 655 4377 B=CoramBega
736 4313 874 4364 ’suaa

114 4383 187 4437 Boll
200 4381 249 4431 Nc.
259 4383 298 4435 16.
331 4384 355 4432 A
366 4383 414 4433 {ew
425 4396 497 4433 cases
507 4382 521 4429 I
531 4381 653 4431 havenot
737 4381 748 4414 ⁴
763 4381 877 4441 Bouilto,
890 4380 921 4429 Β.

116 4446 222 4505 round,
236 4446 281 4497 but
299 4448 352 4499 this
373 4462 434 4511 may
450 4446 481 4497 be
502 4445 553 4496 due
575 4449 603 4496 tc
619 4460 655 4497 an
