3167 5075
404 368 554 429 aarum,
576 366 642 417 an.
665 353 760 430 1220,
781 368 847 419 aa.
870 355 899 417 4.
1140 355 1205 419 393

114 540 259 606 iudicium
279 562 376 605 urum
397 540 439 605 do
461 537 522 603 hoe
543 537 630 624 quod
651 559 716 602 non
738 536 1003 603 attachiauerunt
1026 546 1085 605 etc.
1109 548 1144 605 et
1165 540 1207 605 de

114 646 167 710 hoc
187 646 271 731 quod
292 667 357 709 non
378 644 513 708 fuerunt
542 650 603 708 etc.
633 642 718 706 sicut
746 642 937 707 summoniti
962 642 1117 709 fuemnt¹.
1163 644 1208 708 Et

112 750 287 837 inquiratur
307 749 381 836 quis
395 748 440 814 sit
454 747 529 813 talis
544 755 604 813 etc
621 746 679 833 qui
693 747 773 814 falso
787 746 964 813 essoniauit
979 757 1050 827 etc,
1064 758 1099 813 et
1113 748 1208 814 illum

113 854 210 940 capiat
223 862 258 919 et
272 853 309 918 in
323 852 453 940 prisona
467 858 527 917 etc

57 956 80 1019 d
105 969 108 973 ⁴
168 959 298 1023 ’Petrus
312 958 354 1022 de
369 956 456 1022 Malo
468 956 555 1021 [acu
567 963 601 1021 et
612 955 752 1021 Isohella
763 979 845 1021 uxor
855 956 925 1022 eius
936 980 994 1043 per
1005 964 1208 1023 attornatum
1311 978 1328 1009 ²·

111 1082 195 1125 suum
209 1069 329 1147 petunt
342 1082 456 1125 uersus
474 1059 660 1125 Johannem
680 1060 712 1124 le
733 1060 815 1125 (has
834 1083 905 1125 xxv.
921 1082 1011 1126 acras
1028 1068 1113 1125 terre
1133 1083 1208 1125 cum

110 1173 180 1248 pert
203 1164 238 1230 in
261 1163 410 1251 Belagha
432 1171 471 1228 ut
495 1163 548 1227 ius
570 1162 672 1248 ipsius
697 1163 836 1229 Isobelle
861 1172 921 1229 etc.
975 1166 1019 1229 Et
1042 1165 1209 1230 Johannes

109 1268 192 1333 uenit
205 1277 240 1333 et
254 1267 387 1333 uocauit
400 1266 476 1333 inde
491 1266 534 1332 ad
547 1275 728 1333 warantum
743 1268 902 1333 Thomam
923 1269 964 1334 de
985 1269 1136 1334 Hothum
1151 1292 1210 1356 per

109 1371 255 1436 auxilium
281 1372 379 1449 curie,
401 1370 450 1436 ita
475 1371 562 1457 quod
589 1371 730 1436 Thomas
750 1371 967 1436 summonitus
989 1372 1054 1436 fuit
1075 1372 1117 1437 ad
1139 1394 1208 1438 csse

109 1473 160 1538 tali
173 1474 224 1539 die
239 1483 312 1552 etc,
326 1482 361 1539 et
375 1496 441 1537 non
461 1472 554 1538 uenit
573 1472 616 1538 ad
635 1472 723 1537 diem
743 1472 837 1537 illum
858 1480 928 1551 etc,
943 1482 978 1539 et
997 1474 1209 1539 summonicio

108 1585 169 1651 etc,
188 1575 236 1640 ita
258 1575 347 1662 quod
368 1584 449 1641 tunc
472 1574 709 1641 consideratum
731 1575 797 1640 fuit
823 1575 908 1661 quod
932 1575 973 1641 de
997 1584 1085 1642 terra
1107 1576 1209 1663 ipsius

107 1679 218 1745 'ihome
244 1688 418 1767 caperetur
442 1680 486 1748 ad
510 1680 693 1745 usleneiam
717 1680 938 1767 predictarum
965 1704 1039 1748 xxv.
1062 1704 1209 1747 acrarum

106 1793 181 1849 terre
195 1791 230 1849 et
244 1784 334 1871 quod
349 1785 527 1850 uiceoomes
541 1784 711 1850 mandaret
726 1784 813 1851 diem
829 1785 989 1872 capcionis
1004 1794 1063 1851 etc.
1076 1794 1110 1851 et
1122 1785 1209 1871 quod

105 1898 318 1955 summoueret
342 1889 449 1973 ipsum
474 1890 632 1955 Thomam
659 1890 746 1976 quod
770 1899 855 1956 esset
877 1898 936 1956 etc
987 1892 1031 1955 Et
1056 1891 1099 1956 ad
1121 1891 1208 1957 diem

105 1990 188 2055 illum
206 2016 274 2057 non
294 1992 389 2058 uenit
408 1993 557 2071 Thomas,
576 2002 612 2057 et
633 1993 812 2059 uieeeomes
833 1993 1004 2059 mandauit
1024 1992 1112 2060 diem
1134 2017 1208 2081 cap-

104 2095 194 2160 cionis
218 2105 255 2161 et
282 2096 370 2183 quod
391 2098 610 2163 summonitus
632 2098 696 2164 fuit
718 2105 789 2176 etc,
811 2106 845 2163 et
872 2099 988 2163 Petrus
1012 2107 1046 2165 et
1069 2098 1210 2165 Isobelle

103 2197 551 2282 optuleruntseuersuseum.
596 2200 641 2264 Et
652 2198 725 2265 ideo
736 2198 974 2265 consideratum
985 2210 1035 2267 est
1046 2200 1133 2287 quod
1147 2203 1208 2267 Pe·

102 2311 164 2365 trus
174 2310 208 2366 et
218 2302 644 2388 Isobellarecuperauerunt
655 2303 807 2368 seisinam
817 2325 910 2368 suam
922 2301 962 2368 de
970 2302 1125 2390 predictis
1134 2328 1206 2370 xxv.

101 2404 174 2469 acris
187 2414 276 2471 terre
295 2428 411 2471 uersus
424 2406 448 2470 J
448 2405 609 2471 ohannem
627 2413 662 2470 et
676 2405 699 2469 J
700 2405 843 2470 ohannes
861 2406 982 2471 habeat
1000 2406 1151 2472 seisinam
1166 2406 1207 2473 de

102 2518 179 2576 terra
192 2511 320 2576 Thome
331 2510 373 2576 ad
384 2509 565 2576 ualenciam
577 2519 648 2598 etc.¹
658 2518 694 2576 et
705 2511 845 2576 Thomas
856 2511 892 2576 in
903 2510 1123 2576 misericordia
1134 2510 1207 2577 ete⁸

57 2613 72 2678 '.
158 2614 319 2680 ‘Matillis
345 2637 409 2701 que
436 2615 500 2679 fuit
525 2637 607 2679 uxor
628 2614 760 2679 Redulfi
781 2615 822 2680 de
845 2614 966 2680 Tiuilla
986 2615 1072 2701 petit
1094 2637 1207 2680 uersus

101 2718 184 2784 isaac
202 2720 355 2785 Judeum
375 2717 416 2785 de
436 2718 586 2784 Nervico
605 2742 704 2805 quem
724 2720 871 2806 Rogerus
891 2719 931 2784 de
952 2720 985 2785 S.
1005 2718 1152 2783 Dionisio
1172 2726 1207 2783 et

101 2821 189 2888 Sarra
202 2846 289 2889 uxor
304 2823 376 2888 eius
390 2831 592 2888 uocauerunt
608 2822 650 2887 ad
664 2830 846 2886 warantum
861 2830 895 2886 et
916 2822 974 2908 qui
994 2822 1041 2887 eis
1055 2824 1205 2890 waranti-
1332 2875 1333 2880 η

100 2926 179 2991 zauit
193 2926 380 2992 manerium
396 2935 431 2991 to
446 2927 652 2992 Huntevvode
667 2926 811 3012 exceptis
825 2927 879 3014 xij.
895 2926 1040 2992 solidatis
1060 2927 1206 2994 redditus

98 3040 132 3094 ut
145 3031 256 3097 dotem
271 3053 367 3096 suam
382 3031 469 3096 unde
484 3030 649 3117 predictus
664 3031 826 3097 Radulfus
839 3033 892 3097 uir
906 3053 984 3096 suus
995 3054 1067 3096 eam
1078 3032 1206 3097 dotauit

98 3155 150 3217 per
168 3157 341 3200 assensum
363 3142 398 3200 et
420 3136 625 3201 uoluntatem
649 3135 781 3201 Radulfi
800 3135 972 3221 patrissui
991 3143 1061 3213 etc,
1076 3143 1110 3202 et
1129 3135 1206 3201 inde

97 3237 242 3320 producit
256 3246 394 3318 sectam,
410 3247 470 3304 etc

156 3343 200 3407 Et
213 3344 313 3408 Isaac
332 3365 392 3428 per
410 3343 589 3408 Jurnetum
608 3341 755 3408 Judeum
775 3341 832 3428 qui
852 3363 887 3407 se
906 3341 985 3407 facit
1003 3348 1205 3407 attornatum

76 3465 184 3510 suum
207 3446 308 3512 uenit
327 3454 364 3510 et
383 3445 530 3511 defendit
550 3445 637 3532 quod
656 3468 722 3510 non
742 3444 842 3511 debet
861 3444 937 3511 inde
957 3444 1067 3510 dotem
1087 3445 1206 3511 hahere

96 3569 150 3613 nec
165 3548 333 3614 Radulfus
348 3556 442 3633 pater
455 3571 516 3612 nec
530 3547 691 3614 Radulfus
702 3549 789 3612 filius
805 3570 877 3614 eam
892 3549 1005 3613 dotare
1018 3556 1206 3635 potuerunt,

96 3652 167 3735 quia
187 3653 385 3739 priusquam
407 3650 495 3715 idern
517 3650 678 3716 Radulfus
699 3651 924 3737 desponsasset
945 3650 1049 3736 ipsam
1072 3650 1206 3715 Matilli-

96 3753 163 3819 dem
178 3755 414 3821 inuadiauerat
433 3753 595 3819 Radulfus
615 3763 710 3840 pater
728 3755 910 3820 manerium
930 3754 1013 3820 illud
1032 3754 1095 3840 ipsi
1115 3755 1206 3820 Isaac

95 3858 205 3939 Judeo,
228 3868 267 3925 et
289 3859 361 3946 ipse
382 3859 484 3926 nichil
505 3860 625 3925 clamat
646 3859 710 3925 nisi
731 3859 865 3924 uadium
888 3882 993 3938 suurn,
1015 3870 1050 3924 et
1070 3858 1205 3925 uadium

94 3961 171 4029 illud
184 3963 407 4029 inrotulatum
422 3972 473 4028 est
487 3963 523 4027 in
536 3963 652 4028 rotulis
667 3963 760 4028 Dom.
773 3962 882 4049 Regis,
893 3971 928 4028 et
942 3962 1025 4028 hene
1043 3963 1206 4050 cognoscit

94 4069 176 4152 quod
189 4069 346 4156 Rogerus
366 4074 401 4133 et
422 4068 520 4134 Sarra
539 4075 654 4134 tenent
674 4077 795 4134 terram
815 4067 905 4133 illam
924 4068 965 4132 de
986 4091 1024 4133 eo
1042 4067 1206 4134 reddendo

94 4193 291 4255 perannum
306 4172 347 4237 lx.
363 4171 418 4237 soh

124 4315 133 4345 ¹
150 4315 195 4364 Br.
208 4316 228 4364 ἰ.
240 4315 303 4364 442.
710 4315 723 4347 ³
739 4314 784 4363 Br.
796 4314 815 4363 s.
828 4315 876 4364 est
888 4313 913 4364 b.

123 4380 447 4438 ¹s.m.aa;B,m.1s.
712 4378 1079 4439 ⁴s.m.asd;B.m.13d.
