3167 5075
382 381 446 444 468
693 391 835 452 ninias,
857 389 921 440 nn.
947 377 1039 450 1223,
1061 389 1123 438 na
1146 377 1176 440 7.

380 566 448 631 cati
461 563 535 651 ¹psa
548 573 670 630 saetam
684 586 777 630 suam
790 561 880 649 quod
894 562 946 628 uir
959 584 1038 627 suus
1058 562 1101 626 sit
1123 570 1271 626 mortuus
1292 569 1327 625 εὴ
1341 561 1461 647 Rogcms

381 667 531 734 similiter
545 668 632 753 quod
647 667 691 733 sit
706 665 828 732 uiuus¹.

250 784 344 848 1596,
446 773 633 858 Stephanus
655 772 697 835 da
718 769 826 836 Ulmis
848 767 1065 834 summonitus
1086 767 1150 833 suit
1170 767 1212 832 ad
1230 766 1462 853 respondendum

261 885 326 925 Μ
382 877 517 964 Hugoni
532 877 572 941 dc
588 874 773 941 Stanfordia
787 884 822 939 εὴ
837 875 860 940 J
861 874 987 938 ohanne
1001 872 1094 936 uxori
1109 871 1179 936 eius
1193 894 1293 957 quare
1308 872 1373 957 ipse
1386 869 1461 934 duxit

380 981 558 1046 inuxorem
572 979 596 1044 J
597 979 758 1045 channam
769 1001 833 1064 quc
846 977 908 1042 fuit
917 999 1051 1042 uxorem
1067 976 1225 1042 Gilebcrii
1240 976 1281 1041 do
1291 975 1462 1040 Tilcmancs

380 1094 461 1150 tona
474 1107 536 1170 que
552 1091 602 1148 ast
616 1083 657 1146 de
672 1082 847 1147 donaciono
861 1080 1004 1166 ipsorum
1023 1081 1174 1166 Hugonis
1193 1089 1228 1145 εὴ
1247 1081 1271 1146 J
1272 1081 1392 1145 ohanne
1411 1091 1463 1152 etc,

380 1196 416 1254 εὴ
430 1187 543 1252 cadam
557 1185 581 1250 J
581 1186 710 1250 ohanna
723 1207 804 1250 uxor
818 1184 963 1248 ciusdem
979 1182 1139 1268 Stephani
1154 1183 1268 1248 eodem
1290 1181 1381 1248 modo
1395 1203 1464 1246 sun-

381 1290 507 1356 monita
519 1289 583 1355 fuit
597 1289 640 1354 ad
657 1287 918 1373 respondendum
938 1309 1038 1373 quaro
1058 1286 1165 1372 ipsum
1182 1287 1383 1372 Stephanum
1397 1286 1464 1370 copis

381 1394 416 1459 in
430 1393 547 1471 uirum,
561 1401 596 1457 εὴ
610 1391 698 1456 unde
712 1391 800 1456 idem
816 1391 915 1477 Hugo
931 1399 965 1455 εὴ
979 1390 1133 1455 Johanna
1154 1389 1270 1454 dicunt
1292 1389 1376 1476 quod
1395 1388 1465 1454 Gilc·

380 1497 493 1562 bortus
517 1495 681 1583 predictus
706 1503 741 1559 ct
766 1495 920 1560 Johanna
946 1516 1027 1558 uxor
1056 1492 1126 1558 cius
1156 1501 1335 1558 tenuerunt
1360 1491 1466 1557 feodum

381 1624 476 1667 suum
491 1600 526 1664 in
542 1600 714 1684 Stmmcye
729 1598 770 1662 de
785 1598 832 1662 eis
848 1607 881 1663 εὴ
897 1598 958 1664 hac
972 1597 1099 1662 racione
1120 1597 1183 1662 fuit
1198 1597 1271 1684 ipsa
1285 1599 1309 1664 J
1309 1597 1426 1662 ohanna
1436 1595 1466 1658 de

380 1705 556 1772 donacionc
571 1726 681 1769 eorum
696 1711 731 1768 et
745 1701 815 1767 sine
831 1701 878 1768 eis
893 1725 958 1768 non
974 1699 1111 1767 debent·
1126 1701 1280 1768 maritari

446 1811 490 1874 Ec
516 1808 703 1894 Stephanus
728 1817 763 1872 εὴ
785 1807 940 1874 Johanna
965 1817 1128 1872 uenerunt
1154 1815 1188 1872 εὴ
1215 1815 1413 1872 uocauerunt
1436 1803 1467 1866 ad

380 1921 560 1979 warantum
569 1910 855 1997 Archiepiscopum
868 1909 1151 1991 Cantaurienaem⁸
1161 1909 1247 1996 quod
1258 1933 1318 1996 per
1325 1931 1467 1976 assensum

379 2019 451 2083 eius
476 2026 510 2082 et
532 2017 736 2082 uoluntatem
759 2014 830 2080 sius
852 2015 998 2081 maiitahi
1019 2023 1104 2081 suno.
1150 2015 1194 2080 Ec
1220 2015 1467 2102 Amhiepiscopus

380 2143 440 2208 par
467 2127 668 2185 automatum
697 2141 793 2182 suum
823 2118 916 2183 ucnib
948 2127 982 2182 εὴ
1011 2118 1094 2183 bono
1121 2118 1167 2183 cis
1192 2119 1388 2195 warantizat,
1409 2116 1469 2202 quia

382 2223 567 2290 Gilcbertus
588 2222 753 2309 predictus
775 2223 939 2308 quondam
961 2223 1014 2288 uir
1032 2223 1056 2288 J
1058 2223 1184 2288 ohanne
1204 2231 1239 2287 εὴ
1254 2223 1328 2309 ipsa
1340 2223 1469 2290 Johanm

380 2334 558 2393 tennerunt
572 2326 613 2391 dc
628 2349 666 2392 co
680 2327 863 2413 predictum
880 2327 1009 2392 feodum
1031 2349 1126 2392 suum
1148 2335 1183 2391 εὴ
1205 2327 1246 2391 de
1269 2327 1469 2412 predecessore

379 2453 439 2496 suo
457 2429 707 2516 Archiepiscopo
730 2429 903 2508 Huberto⁴,
919 2438 953 2495 εὴ
975 2429 1044 2515 ipso
1066 2437 1116 2494 est
1138 2429 1173 2494 in
1195 2429 1316 2496 saisina
1336 2432 1376 2496 de
1396 2427 1469 2494 feodo

379 2533 437 2599 illo
448 2543 482 2599 εὴ
493 2534 534 2600 de
545 2533 680 2599 seruicio
690 2533 779 2599 illius
790 2533 885 2612 feodi,
895 2544 930 2599 εὴ
942 2534 1003 2599 hac
1014 2534 1140 2599 racione
1152 2544 1202 2599 est
1213 2533 1330 2601 eadem
1341 2535 1363 2600 J
1364 2535 1471 2600 ohanna

381 2637 422 2701 de
444 2636 621 2701 donaciono
641 2636 719 2703 cius
765 2638 809 2701 Ec
832 2638 931 2723 Hugo
952 2646 986 2702 εὴ
1005 2638 1029 2703 J
1031 2638 1159 2702 ohanna
1172 2638 1315 2704 ueniunt
1330 2648 1364 2704 ch
1377 2639 1471 2705 dicuni

380 2740 467 2826 quod
482 2740 752 2827 Archiepiscopus
765 2740 888 2805 iniusta
903 2741 983 2807 dicit
1003 2740 1089 2827 quod
1110 2742 1298 2809 Gilobortus
1320 2745 1422 2809 tenuit
1440 2742 1471 2805 de
1523 2780 1524 2789 κ

380 2865 427 2920 co,
442 2842 520 2929 quia
541 2842 649 2908 tenuit
671 2842 712 2908 dc
735 2843 782 2908 eis
805 2844 920 2909 utillo
943 2844 1000 2930 qui
1022 2844 1085 2909 fuit
1106 2844 1192 2909 filius
1211 2855 1365 2931 postnatc
1378 2844 1473 2911 sororis

379 2948 495 3015 mattis
516 2948 660 3033 predicte
682 2949 705 3014 J
706 2948 832 3014 ohanne
856 2949 963 3014 uxoris
985 2948 1130 3015 eiusdem
1152 2949 1314 3037 Ragonio,
1330 2961 1364 3016 εὴ
1383 2949 1472 3015 tenuit

379 3054 421 3117 de
435 3054 483 3117 ais
496 3053 581 3117 sicut
595 3053 636 3119 de
647 3053 704 3117 illa
718 3053 742 3118 J
742 3054 872 3118 ohanna
885 3076 949 3140 que
964 3054 1027 3118 fuit
1042 3053 1110 3118 filia
1128 3054 1347 3141 primogenite
1369 3053 1473 3127 somna

379 3165 414 3221 ct
425 3177 592 3242 nunquam
603 3154 777 3220 seruicium
790 3155 867 3220 fecit
880 3155 1066 3221 Gilebcrtus
1076 3156 1221 3242 predicto
1230 3156 1472 3242 Amhiepiscopo,

379 3269 413 3325 et
435 3259 511 3324 indc
540 3267 667 3345 ponunt
695 3280 731 3323 so
756 3280 854 3344 super
879 3258 1044 3325 iuratam⁵.
1090 3260 1133 3323 Et
1159 3268 1348 3325 attornatus
1377 3258 1473 3325 Archi·

378 3364 520 3451 episcopi
541 3363 622 3429 dicit
644 3363 730 3449 quod
752 3371 803 3427 cst
823 3362 858 3427 in
878 3362 997 3428 saisina
1015 3363 1056 3429 de
1071 3363 1205 3429 seruicio
1220 3364 1276 3428 illo
1291 3372 1329 3429 εὴ
1343 3364 1384 3429 de
1397 3362 1472 3428 feodo

378 3492 437 3535 suo
459 3477 493 3533 εὴ
515 3492 580 3533 non
601 3467 676 3533 uult
697 3490 816 3553 poncrc
837 3490 871 3532 sc
893 3490 992 3553 super
1007 3467 1148 3553 aliquam
1164 3466 1410 3553 inquisicionem
1424 3466 1473 3531 nisi
1521 3484 1522 3533 i

378 3574 468 3639 curia
481 3572 740 3648 oonsidcrauerit‚
749 3579 800 3635 act
811 3570 891 3635 dieii
906 3572 992 3657 quod
1008 3571 1192 3636 Gilehertus
1208 3570 1285 3635 fecit
1301 3571 1472 3659 homagium
1521 3616 1522 3653 4

378 3678 628 3763 Amhicpiscopo
650 3676 801 3740 Huberto
823 3684 857 3740 εὴ
880 3675 911 3739 oi
931 3675 1008 3741 facit
1026 3674 1198 3740 seruicium
1216 3698 1316 3740 suum
1331 3684 1403 3741 tota
1416 3676 1475 3739 uita
1521 3664 1522 3669 ¹

377 3804 445 3859 sua,
468 3790 502 3846 et
528 3790 641 3867 postca
666 3779 743 3845 fecit
768 3779 957 3866 homagium
983 3778 1128 3864 predicto
1152 3778 1407 3867 Amhiepiscopo
1429 3778 1473 3866 qui

376 3908 464 3951 nunc
479 3893 538 3962 est,
547 3894 581 3951 et
592 3885 668 3950 inda
677 3884 769 3970 ponit
780 3906 815 3949 se
826 3905 924 3969 super
934 3884 1081 3949 iuratam
1113 3884 1156 3948 Et
1172 3884 1272 3971 Hugo
1287 3894 1324 3949 εὴ
1339 3884 1475 3949 Johanna

377 3990 534 4056 similiter.
1520 3988 1521 4058 i

444 4094 487 4159 Et
502 4093 574 4157 ideo
588 4092 648 4157 fiai
662 4092 738 4157 indo
752 4092 861 4157 iurata
875 4099 909 4157 εὴ
924 4091 1036 4157 ueniat
1052 4090 1111 4155 tali
1126 4090 1178 4154 dic
1199 4091 1241 4156 ad
1261 4112 1475 4179 recognoscen-

411 4214 630 4277 ¹·11pseaectcm
650 4230 722 4263 niam
743 4216 810 4277 quod
831 4216 907 4263 cium
990 4212 1001 4245 ³
1018 4210 1131 4274 Sicphan
1144 4212 1272 4275 Langton.

376 4284 421 4338 ait.
443 4280 474 4329 B.
508 4280 557 4330 Soa
578 4294 609 4329 as
630 4282 658 4330 to
685 4278 731 4331 tha
755 4278 853 4330 burdon
879 4278 907 4328 oi
990 4276 1294 4333 ‘HubertWaltenoh
1308 4280 1385 4331 1205.

377 4344 517 4409 proot‚Br.
529 4345 546 4394 i.
560 4344 639 4394 3011).
990 4342 1092 4392 'Anto
1104 4342 1148 4393 the
1156 4341 1266 4392 relation
1274 4344 1304 4393 of
1313 4354 1476 4407 capannam

411 4410 488 4460 'Sia
958 4410 985 4459 to
997 4408 1041 4457 tho
1053 4407 1117 4464 lord,
1130 4408 1227 4457 sccBr.
1240 4410 1259 4457 f.
1272 4411 1314 4459 78.

1517 4926 1518 4955 i
