3167 5075
329 383 447 431 conans
470 382 568 443 snos,
590 382 654 431 nn.
680 366 944 442 1239-40,n.n
969 368 1017 429 24.
1161 367 1224 431 293

124 555 277 641 Episcopo
292 555 333 621 de
348 554 528 620 hereditate
544 576 603 618 sna
617 576 656 619 ex
672 561 764 641 parte
779 552 883 639 patris
897 574 995 639 quam
1017 553 1058 619 de
1079 553 1225 640 predicta

124 659 280 746 limgeria
295 659 335 723 de
351 658 531 723 hereditate
547 680 606 722 sna
621 681 660 721 ex
676 665 768 744 parte
784 657 904 723 matris.

182 764 227 827 Et
253 762 413 850 Margeria
438 785 496 848 per
518 770 719 827 attornatum
744 784 840 826 suurn
865 761 957 826 uenit
978 769 1014 827 et
1035 760 1115 826 dicit
1138 761 1224 848 quod

121 866 283 951 predictus
299 866 460 931 Henricus
474 866 538 931 fuit
553 866 637 931 infra
651 873 774 930 etatem
790 865 918 951 qnando
939 888 1015 930 eum
1037 866 1069 931 ei
1090 866 1225 931 tradidit

121 970 153 1034 in
166 971 254 1035 bona
267 970 331 1035 fide
345 992 387 1033 ne
402 970 610 1035 maritaretur
623 969 692 1033 sine
708 990 754 1047 ea,
769 979 804 1035 et
823 969 903 1033 dicit
918 970 1004 1055 quod
1019 970 1225 1057 maritagium

121 1075 159 1139 ad
173 1098 248 1141 eam
263 1074 406 1159 pertinet
426 1074 503 1161 qnia
524 1083 618 1160 pater
639 1074 781 1159 predicte
804 1074 906 1140 Elene
928 1075 1020 1140 cuius
1042 1076 1134 1141 heres
1155 1098 1227 1161 pre·

121 1178 224 1243 dictus
252 1170 413 1243 Henricus
436 1187 487 1243 est
512 1199 670 1263 apparens
699 1178 809 1241 tenuit
837 1178 877 1241 de
904 1200 943 1242 ea
967 1201 1026 1263 per
1053 1178 1226 1243 seruicium

120 1281 270 1358 militare,
285 1289 318 1346 et
333 1281 416 1345 bene
431 1289 538 1367 potest
552 1280 738 1368 contingere
759 1280 846 1365 quod
865 1303 1031 1366 nunqnam
1052 1283 1113 1347 erit
1133 1282 1227 1348 heres

119 1383 257 1467 predicti
272 1383 415 1469 Philippi
430 1383 471 1449 de
486 1383 589 1449 altera
603 1382 793 1461 hereditate,
808 1391 843 1447 et
860 1384 933 1448 ideo
953 1384 1040 1470 petit
1061 1384 1225 1451 iudicium.

121 1489 160 1553 Et
185 1490 268 1575 quia
297 1490 458 1555 hereditas
486 1490 589 1576 ipsius
618 1489 753 1553 Henrici
779 1488 868 1575 prius
894 1490 1086 1555 deliberata¹
1111 1499 1226 1555 estex

119 1602 207 1677 parte
232 1594 347 1659 matris
369 1616 431 1681 que
454 1602 504 1660 est
526 1594 567 1659 de
590 1594 682 1659 feodo
704 1594 848 1679 predicte
869 1594 1028 1681 Margerie
1043 1595 1161 1681 etipse
1176 1603 1227 1660 est

120 1696 208 1762 heres
224 1719 386 1782 apparens
400 1698 502 1784 ipsius
517 1697 619 1762 Elene
642 1706 676 1762 et
697 1698 781 1763 bene
804 1706 912 1785 potest
933 1700 1118 1786 contingere
1141 1700 1227 1786 quod

119 1823 288 1887 nunquam
300 1800 362 1865 erit
377 1801 469 1866 heres
483 1801 564 1867 dicti
579 1801 730 1887 Philippi,
742 1801 815 1866 ideo
825 1802 1062 1867 consideratum
1077 1810 1127 1866 est
1142 1801 1227 1888 quod

119 1907 267 1989 predicta
282 1905 445 1992 Margeria
458 1906 663 1992 recuperauit
678 1906 829 1971 seisinam
845 1928 937 1971 suam
952 1914 986 1970 et
1002 1905 1172 1992 Philippus
1192 1905 1228 1970 in

120 2008 345 2075 misericordia
392 2010 435 2073 Et
449 2008 645 2075 iustioinrius
660 2019 804 2075 rcseruat
819 2009 882 2074 sibi
897 2010 1098 2075 taxacionem
1116 2010 1228 2096 damp

119 2136 233 2178 norum
251 2120 311 2178 etc.

46 2221 83 2283 tl.
180 2215 298 2281 Assisa
320 2216 414 2281 uenit
437 2215 642 2303 recognitum
667 2216 694 2281 si
720 2217 831 2304 Agnes
857 2216 1024 2293 Huscarle‚
1046 2215 1230 2281 Willelmus
1340 2249 1347 2262 ·

119 2319 279 2384 Huscarlc
302 2328 337 2384 et
359 2320 468 2405 plures
490 2320 546 2384 alii
568 2328 627 2384 etc.
651 2328 685 2385 et
707 2318 807 2383 infr-2¹
829 2318 1073 2383 disseisiuerunt
1088 2319 1230 2385 Priorem

118 2422 157 2487 de
173 2424 328 2487 Mertona
342 2432 377 2486 et
392 2423 500 2508 plures
514 2423 593 2487 alios
608 2430 642 2487 et
657 2423 756 2487 infra⁸
771 2423 812 2487 de
827 2444 999 2487 communa
1020 2431 1151 2510 pasture
1172 2445 1231 2488 sne

119 2526 153 2591 in
170 2526 360 2594 Bedintona
375 2535 434 2593 etc.
450 2535 523 2614 post
538 2526 675 2614 primam
691 2527 988 2593 transfretacionem
1003 2537 1064 2594 etc.

181 2632 227 2696 Et
252 2632 375 2717 Agnes,
398 2632 581 2697 Willelmus
608 2639 642 2696 et
665 2653 776 2696 omnes
799 2631 856 2696 alii
883 2632 1022 2696 ueniunt
1051 2641 1086 2697 et
1115 2632 1229 2698 dicunt

117 2735 202 2819 quod
226 2734 330 2798 assisa
351 2757 416 2798 non
437 2733 536 2799 debet
557 2735 633 2799 inde
656 2734 728 2799 fieri
749 2741 809 2799 etc.
833 2742 867 2798 et
888 2734 1054 2821 assignant
1068 2735 1229 2800 racionem

116 2861 208 2904 suam
229 2837 237 2925 Ι
255 2839 380 2904 scilicet
396 2839 473 2925 quia
486 2838 630 2925 predicte
646 2838 760 2902 uillate
775 2837 817 2902 de
837 2838 1015 2903 Bidintona
1036 2847 1070 2903 et
1092 2839 1229 2903 alierum

117 2943 272 3007 uillarum
288 2949 323 3007 et
339 2951 424 3006 terre
440 2942 499 3006 ubi
512 2942 655 3006 clamant
676 2942 796 3006 habere
818 2964 1023 3006 communem
1044 2949 1122 3005 sunt
1143 2950 1230 3006 terra

116 3048 249 3112 arabilis
271 3055 307 3113 et
329 3048 463 3112 fuerunt
483 3046 578 3133 longe
597 3054 675 3111 ante
693 3055 824 3132 tempus
843 3047 935 3111 Dom
952 3046 1052 3133 Regis
1072 3047 1129 3133 qui
1142 3070 1230 3112 nunc

117 3161 165 3217 est
192 3153 399 3240 temporibus
421 3161 659 3216 antecessorum
685 3173 817 3216 suorum
841 3152 946 3216 etita
975 3152 1061 3237 quod
1090 3152 1229 3239 quedam

116 3267 254 3346 possunt
281 3257 385 3323 excoli
410 3257 556 3343 quolibet
580 3279 673 3322 anno.
717 3257 805 3321 Item
834 3257 947 3321 dicunt
977 3257 1062 3342 qnod
1086 3257 1228 3343 predicte

117 3365 195 3430 uille
222 3364 265 3428 de
293 3361 436 3426 Micham
459 3361 555 3426 etde
578 3361 762 3426 Bedintona
783 3370 818 3426 et
840 3361 902 3426 alie
924 3370 1001 3425 sunt
1027 3362 1068 3426 de
1093 3361 1229 3426 diuersis

116 3465 277 3533 baroniis⁴
299 3465 348 3529 ita
369 3465 455 3551 qnod
477 3465 568 3529 nulla
588 3487 760 3530 commune
774 3465 815 3529 de
831 3465 1014 3530 Bedintona
1032 3465 1086 3529 uel
1101 3464 1142 3528 de
1157 3464 1229 3529 aliis

117 3571 205 3636 uillis
220 3569 366 3656 pertinet
381 3570 423 3634 ad
439 3569 587 3634 Micham.
633 3570 720 3634 Item
734 3569 848 3634 dicunt
864 3570 949 3655 qnod
964 3568 1102 3654 quedam
1124 3567 1228 3633 diuise

149 3769 158 3801 ¹
176 3766 267 3816 When
289 3779 325 3815 an
346 3765 434 3814 infant
456 3763 566 3815 inherits
583 3765 651 3814 from
701 3763 805 3814 mother
826 3763 868 3814 die
889 3763 948 3813 first
963 3763 985 3812 it
1001 3762 1063 3812 does
1078 3765 1126 3812 not
1142 3763 1228 3813 follow

117 3834 181 3882 both
194 3831 283 3881 father
293 3830 347 3880 and
358 3830 461 3879 mother
471 3829 534 3879 lond
545 3829 605 3879 held
618 3830 652 3893 by
702 3830 761 3880 that
786 3830 834 3879 her
860 3829 917 3879 lord
943 3834 1000 3890 gete
1023 3828 1068 3878 the
1092 3830 1226 3890 marriage,

118 3897 214 3958 knight
227 3895 332 3954 service,
344 3895 458 3944 whether
472 3894 515 3943 his
526 3895 652 3956 marriage
702 3894 810 3944 beccum
821 3894 904 3956 owing
916 3898 944 3943 to
955 3899 1066 3957 curtmp,
1076 3893 1121 3943 the
1132 3898 1226 3943 mater·

118 3963 187 4014 shsll
199 3962 296 4022 belong
307 3965 335 4010 to
346 3959 390 4010 the
402 3959 508 4009 iather'a
517 3959 573 4010 lord
584 3975 614 4009 or
624 3964 652 4009 to
702 3961 746 4009 nal
757 3959 917 4009 inheritanoc
928 3959 951 4008 is
962 3962 1010 4022 pot
1021 3958 1148 4008 delivered
1159 3959 1228 4008 until

118 4029 163 4077 the
186 4025 314 4076 mother’s
336 4024 393 4074 lord
415 4023 528 4088 depende
550 4039 584 4074 on
607 4024 652 4074 the
702 4025 769 4074 efter
785 4024 830 4074 the
848 4024 953 4074 icther’s
968 4023 1054 4074 death.
1090 4023 1154 4073 This
1168 4038 1228 4074 case

118 4093 196 4142 order
210 4093 243 4140 in
259 4089 343 4139 which
359 4090 402 4139 the
418 4089 593 4140 inheritanccs
609 4105 652 4140 are
702 4089 819 4139 however
829 4090 901 4139 looks
912 4089 957 4139 the
967 4088 1042 4138 other
1052 4103 1116 4152 way.

118 4154 290 4208 deliveredto
306 4155 350 4204 the
366 4154 470 4215 iniant3
492 4155 554 4204 thus
571 4155 594 4204 ir
608 4155 652 4205 tha
734 4155 857 4204 'Names
878 4155 906 4203 oi
929 4154 1004 4204 other
1024 4153 1180 4204 deforciants
1201 4169 1228 4204 o·

118 4223 208 4273 lother
220 4219 265 4269 dic
276 4221 340 4280 first,
354 4219 399 4269 the
412 4221 530 4282 paternal
545 4219 651 4269 inhesit·
702 4218 804 4270 mitted.

118 4287 222 4337 anneis
239 4285 296 4334 first
311 4284 438 4334 delivered
454 4283 507 4334 and
523 4284 568 4334 tho
584 4300 652 4334 mar·
734 4284 859 4334 ’Names
886 4284 915 4334 of
945 4282 1019 4333 other
1045 4283 1173 4346 plantino
1202 4299 1228 4334 o·

120 4355 191 4416 tinge
215 4351 324 4412 belongs
346 4355 373 4399 to
396 4349 441 4399 the
462 4349 570 4399 lother’s
586 4349 650 4401 lord.
704 4349 806 4403 mitted.

119 4421 174 4468 nur
186 4417 314 4476 Bronton,
326 4415 345 4464 l.
357 4417 389 4466 89
401 4415 424 4479 b,
438 4429 497 4477 says
508 4415 653 4466 thatiitha
736 4415 810 4466 *See
821 4414 1061 4475 Bellantem.
