3167 5075
421 433 561 495 umam,
584 434 647 484 an.
674 421 766 495 1225,
789 436 851 485 aa
877 423 903 485 9.
1170 424 1212 493 67

103 610 135 675 ei
155 610 295 675 liberata
315 609 380 674 fuit
399 608 439 674 de
460 616 672 694 purprestura
693 608 779 673 facta
796 630 903 673 coram
917 609 1102 675 iusticiariis
1115 612 1212 677 itine-

102 713 254 778 rantibus
274 735 335 799 per
351 713 376 799 j.
392 711 463 777 den
484 710 684 776 reddendum
709 732 922 797 perannum,
944 718 979 776 et
1000 712 1082 777 bene
1104 713 1213 779 sciunt

102 817 190 903 quod
219 816 351 903 quando
381 815 521 902 quedam
549 814 677 881 brecca¹
702 814 822 880 cecidit
847 815 907 881 hoc
936 838 1022 881 anno
1049 817 1089 883 de
1119 840 1213 883 muro

101 922 244 1007 predicti
269 920 429 987 willelmi
454 927 489 985 et
514 918 571 984 alii
600 918 837 1005 prohibuerunt
866 942 908 985 ne
937 920 1026 986 idem
1056 921 1214 1009 Magister

102 1026 194 1091 illam
214 1025 363 1091 breooam
384 1032 548 1110 repararet
570 1032 605 1087 et
624 1022 799 1101 clauderet,
814 1031 849 1089 et
869 1024 930 1090 hoc
952 1027 1099 1091 fecerunt
1113 1028 1214 1093 semel

103 1137 138 1194 et
159 1130 282 1194 iterum
304 1129 354 1195 ita
375 1128 462 1215 quod
484 1126 642 1213 Magister
662 1126 752 1192 illam
775 1126 925 1192 claudere
947 1149 1013 1193 non
1034 1130 1153 1216 potuit,
1179 1139 1214 1196 et

103 1232 191 1297 unde
206 1232 321 1297 dicunt
341 1231 427 1318 quod
447 1229 617 1295 iusticiarii
636 1228 829 1295 itinerantes
848 1230 1070 1297 liberauerunt
1091 1233 1213 1298 Domui

105 1336 288 1423 Hospitalis
307 1336 446 1422 planiam
469 1335 561 1400 illam
580 1334 744 1400 reddendo
758 1357 818 1421 per
831 1357 955 1401 annum
969 1344 1029 1402 etc.
1075 1337 1119 1401 Et
1140 1337 1213 1402 ideo

105 1438 346 1503 consideratum
366 1445 417 1504 est
437 1437 523 1523 quod
542 1436 701 1523 Magister
722 1438 928 1523 recuperauit
947 1438 1098 1505 saisinam
1119 1461 1213 1505 suam

105 1551 141 1607 et
155 1564 269 1608 omnes
282 1542 339 1607 alii
354 1543 388 1606 in
402 1542 626 1607 misericordis.
673 1542 867 1628 Preceptum
883 1552 933 1609 est
947 1544 1131 1609 uicecomiti
1141 1544 1214 1612 etc.¹

42 1632 61 1711 ⁵.
171 1645 284 1710 Assisa
317 1644 411 1710 uenit
445 1644 651 1732 recognitura
679 1644 707 1709 si
736 1645 923 1710 Alexander
953 1645 1041 1711 filius
1069 1646 1214 1733 Philippi
1285 1660 1299 1689 ⁰

105 1746 228 1813 iniuste
251 1754 286 1811 et
307 1746 377 1811 sine
398 1745 518 1812 iudicio
540 1745 717 1811 disseieiuit
741 1746 943 1811 Willelmum
962 1748 1003 1813 de
1022 1747 1213 1813 Shinelesho

106 1860 142 1917 et
167 1850 383 1916 Holdiardam
409 1871 542 1914 uxorem
572 1849 642 1913 eius
671 1848 712 1913 de
742 1849 844 1914 libero
873 1858 1061 1915 tenemento
1090 1874 1149 1916 suo
1178 1852 1213 1917 in

106 1954 307 2021 Bromleldia
325 1963 399 2041 post
420 1954 574 2020 ultimum
595 1953 759 2020 redditum
779 1960 840 2020 etc
885 1955 929 2019 Et
943 1955 1130 2021 Alexander
1148 1979 1213 2021 non

106 2061 201 2125 uenit
215 2068 275 2126 etc.
291 2053 326 2125 et
340 2060 520 2125 uiceoomes
535 2058 614 2124 dicit
634 2057 720 2145 quod
740 2080 806 2123 non
825 2066 877 2123 est
896 2060 1053 2125 inuentus
1071 2067 1107 2125 et
1126 2060 1213 2146 quod

106 2166 236 2229 nullum
250 2166 352 2230 habet
365 2164 524 2230 balliuum
545 2172 580 2229 et
599 2163 673 2229 ideo
692 2162 792 2229 assisa
811 2164 959 2249 capiatur
977 2184 1036 2249 per
1058 2164 1213 2229 defaltum

105 2278 167 2337 etc

170 2374 341 2439 Juratores
356 2372 470 2438 dicunt
485 2372 571 2459 quod
586 2372 719 2459 quidam
734 2371 911 2437 Wamerus
926 2370 1066 2437 uioarius
1081 2372 1213 2437 ecclesie
1279 2417 1282 2428 ·

98 2478 144 2546 de
182 2478 383 2544 Bramleldia
415 2478 526 2544 tenuit
561 2484 786 2543 tenementum
820 2475 904 2541 illud
936 2483 975 2541 ut
1004 2476 1213 2542 elemosinam
1294 2506 1342 2564 „-

98 2582 239 2649 ecclesie
274 2604 332 2648 sue
362 2589 396 2646 et
425 2581 508 2646 illud
537 2581 629 2646 dedit
658 2580 693 2644 in
722 2579 931 2666 maritagium
961 2601 1037 2644 cum
1071 2580 1211 2666 quadam
1336 2606 1340 2617 ¹

98 2686 212 2752 Alicia
234 2685 304 2750 filia
327 2707 387 2750 sua
411 2684 539 2751 cuidam
565 2683 716 2770 Philippo
742 2682 830 2770 patri
854 2683 1033 2748 Alexandri
1061 2692 1097 2749 et
1125 2684 1212 2749 idem
1339 2720 1343 2726 ·

98 2790 278 2876 Philippus
301 2788 410 2854 tenuit
433 2787 515 2853 illud
538 2787 574 2852 in
599 2809 678 2874 pace
702 2795 737 2852 et
762 2809 828 2851 non
853 2787 961 2851 uisum
983 2787 1101 2852 fuitei
1126 2787 1212 2874 quod
1313 2780 1325 2841 l'

98 2892 322 2958 sufficientem
346 2890 480 2956 haberet
500 2897 681 2956 warantum
703 2897 737 2955 et
756 2889 857 2976 peciit
871 2889 914 2954 ab
928 2889 1042 2955 eodem
1056 2890 1212 2957 Warnero

98 3007 142 3066 ut
178 2998 211 3063 ei
246 2997 366 3062 habere
396 2996 517 3062 faceret
546 2996 826 3062 confirmacionem
855 2996 974 3060 Prioris
1005 2996 1037 3063 S.
1067 2997 1213 3064 Andree⁸

96 3100 257 3168 aduocati
278 3100 411 3166 ecclesie
433 3099 589 3177 eiusdem,
610 3108 645 3166 et
668 3099 760 3165 Prior
780 3099 823 3164 ad
844 3099 1041 3186 peticionem
1063 3102 1212 3167 Warneri

97 3203 311 3270 confirmauit
333 3202 439 3268 eidem
459 3202 611 3288 Philippo
631 3211 665 3267 et
680 3201 785 3267 Alicie
800 3209 921 3266 terram
936 3202 1035 3280 illam,
1051 3213 1086 3268 et
1100 3212 1213 3290 postea

96 3307 310 3372 denenerunt
332 3305 420 3369 idem
439 3304 611 3392 Philippus
632 3313 666 3370 et
685 3304 792 3370 Alicia
806 3328 966 3392 pauperes
980 3314 1014 3372 et
1030 3307 1213 3373 Willelmus

97 3410 272 3498 predictus
286 3409 460 3475 concubuit
474 3431 550 3474 cum
570 3409 710 3496 quadam
731 3409 799 3474 filia
818 3409 994 3474 eorundem
1014 3411 1159 3497 Philippi
1178 3421 1213 3476 et

96 3514 211 3581 Alioie
233 3521 269 3578 ct
290 3513 326 3578 in
348 3521 479 3578 tantum
501 3513 656 3600 prooessit
677 3512 764 3577 inter
784 3533 838 3576 eos
858 3511 945 3599 quod
964 3512 1027 3599 ipsi
1042 3513 1213 3599 Philippus

97 3627 137 3682 et
163 3615 276 3682 Alicia
300 3624 479 3702 posuerunt
505 3638 540 3681 se
565 3615 598 3680 in
626 3615 758 3680 consilio
787 3615 926 3701 predicti
951 3615 1109 3679 Willelmi
1137 3638 1212 3680 curn

97 3721 219 3787 eadem
239 3727 335 3796 terra,
355 3727 390 3784 et
404 3720 589 3784 Willelmus
609 3727 648 3784 ut
667 3728 774 3785 custos
795 3720 905 3784 tenuit
924 3727 1044 3784 terram
1066 3719 1158 3784 illam
1178 3728 1212 3798 et

96 3824 234 3891 inuenit
257 3824 305 3889 eis
327 3824 525 3890 estouerium
547 3846 652 3902 suum,
667 3831 702 3888 et
723 3823 856 3888 interim
878 3823 1103 3888 infirmabatur
1124 3823 1212 3888 idem

97 3929 277 4015 Philippus
312 3935 346 3992 et
381 3927 479 3994 tercio
514 3927 567 3993 die
596 3934 673 3992 ante
703 3935 841 3992 mortem
870 3950 964 3992 suam
998 3927 1076 3993 lecit
1105 3928 1211 3994 eidem
1308 3999 1313 4009 ⁴

97 4032 272 4098 Willelmo
301 4039 423 4098 cartam
453 4054 546 4098 suam
577 4031 618 4096 de
648 4031 843 4097 feofamento
869 4040 904 4097 et
933 4031 1016 4097 obiit
1046 4040 1081 4097 et
1105 4033 1213 4098 Alicia

98 4137 261 4202 remansit
282 4136 317 4201 in
339 4135 487 4202 custodia
505 4135 650 4202 eiusdem
667 4136 824 4201 Willelmi
843 4159 918 4201 cum
939 4136 1052 4201 eadem
1073 4143 1159 4201 terra
1177 4147 1212 4202 et

135 4345 297 4397 ¹Abreach
716 4343 946 4406 ⁸Northumpton.
980 4343 1095 4393 Monast.
1111 4344 1162 4392 vol.
1185 4344 1209 4401 5,

135 4412 148 4444 ¹
165 4412 189 4460 A
199 4411 365 4462 disturbando
375 4410 562 4473 olpossesrion
573 4425 634 4473 may
685 4425 710 4472 p.
725 4411 782 4460 185.

97 4477 303 4528 beadimeisin.
338 4475 382 4528 Br.
398 4476 415 4527 f.
430 4477 487 4526 162.

1039 4577 1123 4642 5,-2
