3167 5075
346 377 412 444 seo
445 345 449 355 ’
577 375 1219 454 monm,nn.1ras‚rnr-s.

345 567 460 634 ueniat
472 566 641 634 reocrdum
657 567 717 633 tali
731 566 856 634 diceto
894 567 948 634 Ad
963 589 1060 654 quem
1075 568 1163 633 diem
1178 568 1270 634 uenit
1282 568 1436 634 rscordum

345 670 432 757 quod
453 669 490 735 in
511 671 662 736 omnibus
682 671 856 736 concordat
877 667 1023 758 predicto
1044 671 1188 758 Hugcni‚
1203 679 1238 738 et
1257 672 1327 738 ideo
1346 673 1439 759 Hugo

344 775 388 839 sit
402 773 479 840 inde
493 775 632 861 quietus,
648 782 683 840 et
698 773 882 839 Willelmus
896 775 931 840 in
946 774 1164 840 misericordia
1178 785 1237 842 etc
1257 775 1262 863 Ι

410 875 608 954 ¹Gaufiidus,
634 877 829 943 Godefridus
851 885 886 943 et
909 877 966 942 alii
989 875 1089 942 tales¹
1111 877 1299 943 summoniti
1318 879 1441 944 tirenrnt

345 981 387 1047 ad
410 982 669 1069 respondendum
693 982 797 1047 Priori
821 981 861 1048 de
885 981 1035 1048 Radham
1061 1005 1125 1070 quo
1151 983 1221 1048 iure
1247 1005 1441 1048 communem

345 1084 482 1174 exigunt
503 1087 539 1151 in
561 1095 648 1152 terra
670 1087 771 1173 ipsius
798 1085 917 1151 Prioris
938 1086 972 1151 in
999 1083 1197 1151 Estrudham
1228 1084 1352 1151 dodcut
1377 1085 1441 1172 ime

346 1187 437 1252 Prior
457 1187 581 1253 nullam
603 1211 810 1254 communem
833 1188 932 1253 habet
955 1189 991 1252 in
1012 1197 1099 1253 terra
1120 1189 1264 1275 ipsorum
1286 1187 1443 1254 chefridi

345 1299 380 1356 et
395 1292 532 1357 aliorum
547 1300 607 1358 etc.
622 1315 682 1357 nec
697 1291 761 1379 ipsi
774 1293 949 1358 seruicium
964 1293 1090 1358 faciunt
1105 1293 1211 1359 eidem
1233 1293 1334 1359 Priori
1353 1315 1445 1380 quere

346 1395 381 1459 in
403 1403 490 1460 terra
509 1415 570 1460 sua
590 1417 795 1461 communam
818 1395 937 1461 habere
958 1394 1109 1474 debeant,
1131 1397 1219 1461 unde
1247 1396 1334 1462 idem
1362 1396 1447 1460 Prior

346 1497 493 1584 queritur
507 1498 594 1584 quod
607 1521 666 1585 per
680 1500 740 1566 hoc
755 1500 842 1586 quod
856 1500 978 1566 iniuste
992 1497 1130 1588 exigunt
1144 1521 1349 1567 communem
1362 1501 1446 1567 illam

347 1602 561 1668 deterioratos
575 1611 626 1668 est
640 1611 700 1668 etc

413 1706 457 1771 Et
473 1706 649 1772 (laufridus
663 1717 724 1774 ete.
739 1707 880 1773 ueniunt
895 1715 930 1773 et
945 1707 1060 1774 dicunt
1074 1707 1161 1794 quod
1174 1707 1261 1774 iuste
1277 1709 1448 1774 communi·

347 1819 424 1876 eant
437 1810 472 1874 in
488 1817 575 1875 terra
589 1810 735 1876 eiusdem
750 1811 870 1878 Prioris
884 1819 919 1876 et
933 1819 1150 1876 antecessores
1165 1810 1216 1875 sui
1235 1833 1256 1875 a
1275 1821 1448 1897 conquestu

347 1914 467 2002 Anglie
481 1915 813 1992 communicauemnt,
829 1923 864 1978 et
878 1913 966 1979 idem
982 1914 1073 1980 Prior
1087 1915 1304 1980 communicat
1317 1937 1393 1980 eum
1407 1915 1450 1980 eis

347 2018 383 2083 in
396 2026 484 2083 terra
494 2039 562 2096 sua,
577 2024 613 2081 et
627 2017 688 2082 hac
701 2017 830 2082 racione
845 2017 1086 2084 communicant
1108 2041 1183 2083 cum
1203 2018 1317 2084 eodem
1338 2018 1452 2094 Priore,

348 2133 407 2190 etc.

348 2356 553 2400 communem
568 2331 709 2398 habent⁸
722 2332 758 2396 in
773 2340 861 2397 terra
874 2331 1026 2418 ipsorum,
1041 2353 1101 2396 nec
1122 2332 1184 2417 ipsi
1204 2331 1336 2417 aliquod
1356 2333 1456 2397 serui·

349 2439 435 2503 cium
464 2438 495 2502 ei
519 2437 643 2503 faciunt
669 2435 744 2522 ‘per
766 2457 971 2501 communem
995 2435 1030 2500 in
1054 2444 1141 2501 terra
1164 2437 1237 2501 sua*
1256 2443 1291 2500 et
1309 2445 1457 2522 preterca

348 2552 435 2608 terra
458 2543 515 2618 illa
537 2542 624 2607 unde
648 2542 817 2607 contencio
839 2549 890 2607 est
909 2540 950 2607 de
970 2550 1111 2627 pastura,
1133 2542 1237 2607 estin
1259 2542 1457 2607 listrudham

347 2647 405 2713 nbi
420 2646 476 2711 alii
491 2646 637 2711 homines
648 2646 690 2711 de
706 2645 938 2711 Westrudham
953 2646 1076 2709 nullam
1097 2666 1303 2709 communem
1324 2645 1457 2723 habent

347 2754 401 2817 uel
417 2752 536 2817 habere
551 2759 695 2837 possunt,
709 2758 744 2816 et
759 2750 834 2816 ideo
849 2750 912 2837 ipsi
933 2750 1055 2816 iniuste
1075 2772 1282 2815 communem
1302 2751 1458 2829 clamant,
1545 2762 1546 2793 ³

348 2864 408 2921 etc.

412 2958 457 3023 Et
486 2957 661 3023 Gaufridus
690 2966 725 3023 et
749 2958 807 3023 alii
832 2957 947 3024 dicunt
972 2958 1058 3045 quod
1086 2958 1127 3023 de
1154 2958 1224 3023 iure
1250 2978 1459 3025 communam

348 3061 466 3127 habere
489 3060 611 3126 debent
636 3068 670 3125 et
693 3060 813 3125 habere
837 3061 942 3127 solent
965 3060 1028 3148 ipsi
1048 3070 1083 3127 ct
1103 3070 1322 3127 antecessores
1341 3064 1405 3139 sui,
1426 3074 1460 3129 et

347 3165 424 3230 inde
439 3174 565 3251 ponunt
579 3187 614 3229 se
628 3186 725 3251 super
739 3165 887 3251 patriam.
933 3166 976 3231 Et
991 3166 1111 3253 quesiti
1132 3166 1173 3231 de
1193 3189 1260 3253 qua
1279 3168 1459 3254 predictu-

348 3292 406 3334 um
429 3269 581 3333 uillarum
604 3267 647 3333 sit
671 3268 817 3354 predicta
839 3276 981 3355 pastura,
1005 3268 1120 3333 dieunt
1142 3267 1229 3354 quod
1249 3268 1399 3355 pertinet
1418 3270 1459 3335 sd

349 3382 521 3460 utramque
536 3371 658 3438 uillann

415 3475 458 3540 Et
488 3475 579 3539 Prior
606 3474 687 3540 dicit
716 3474 802 3562 quod
830 3476 899 3561 ipse
926 3483 961 3542 et
985 3474 1224 3562 prodecessores
1249 3476 1300 3541 sui
1328 3498 1461 3563 semper

349 3588 527 3666 potuerunt
547 3587 581 3644 et
600 3588 735 3665 possunt
754 3580 802 3645 ibi
822 3580 970 3645 edificare
990 3588 1025 3645 et
1044 3580 1151 3645 fodere
1172 3578 1286 3645 turbas
1306 3588 1341 3646 et
1365 3602 1460 3647 arare

350 3694 468 3749 terram
484 3692 519 3748 et
533 3682 681 3747 claudere
696 3683 766 3747 sine
781 3682 918 3748 alicuius
928 3684 1193 3749 contradiccione.

415 3785 459 3850 Et
474 3785 650 3850 (laufridus
664 3793 698 3849 et
713 3785 769 3850 alii
783 3786 844 3850 hoc
859 3794 967 3851 totum
982 3794 1179 3874 cognoscunt
1193 3793 1229 3851 et
1243 3785 1359 3851 dicunt
1371 3788 1462 3874 quod
1543 3840 1544 3873 3

351 3888 449 3955 nichil
464 3889 606 3953 clamant
620 3889 684 3953 nisi
698 3889 840 3955 herbam

416 3991 460 4055 Et
485 3992 563 4077 quia
587 4000 784 4079 cognoscunt
811 3992 898 4079 quod
923 3993 1014 4058 Prior
1039 4000 1159 4057 terram
1186 3992 1276 4059 illam
1306 3992 1463 4061 claudere

350 4104 459 4182 potest
473 4104 507 4160 et
522 4094 671 4160 edificare
686 4103 721 4160 et
735 4116 825 4160 arare
841 4095 971 4181 quando
986 4096 1135 4173 uoluerit,
1150 4096 1396 4162 consideratum
1412 4114 1462 4164 est

383 4290 392 4321 ¹
409 4288 439 4339 A.
458 4303 494 4339 m.
514 4292 530 4338 2
549 4290 575 4339 d.
608 4290 674 4339 'I'his
690 4304 749 4341 case
766 4290 790 4340 is
809 4291 877 4343 cited
959 4290 1059 4342 ¹Corr.
1074 4292 1155 4350 tabet.
1166 4292 1198 4341 Δ.

350 4355 745 4417 anonymouslybyBraoton‚l.
757 4356 843 4407 2801).
960 4356 998 4389 Η
1012 4359 1287 4421 perquodcommaanm
1297 4360 1324 4408 tn
1334 4364 1461 4411 lenum

382 4421 394 4452 ¹
410 4420 492 4470 Three
502 4420 598 4481 others,
610 4420 641 4469 Α.
929 4422 1143 4482 intermicant,
1157 4424 1186 4474 Δ.

415 2229 459 2293 nt
480 2228 572 2292 inor
593 2227 780 2314 dicitquod
801 2228 922 2294 iniuste
942 2227 1002 2293 hoc
1020 2227 1143 2306 neunt,
1158 2227 1236 2314 qun
1249 2227 1318 2314 ipse
1334 2227 1454 2293 sunm
