3167 5075
368 411 434 476 660
600 409 828 477 rsrmnuffls
848 425 943 476 amu
962 425 1002 475 ιι
1023 426 1234 487 renuamus,

367 600 594 666 warantizant¹
624 601 656 666 ei
686 609 745 666 etc
792 600 836 665 Et
859 599 1028 666 sciendum
1057 599 1145 684 quod
1169 599 1315 685 predicta
1338 599 1453 664 Matillis

370 726 435 767 non
463 704 612 790 sequitur
634 705 676 768 de
697 711 790 789 parte
813 726 878 768 sua
925 702 1176 770 consideratum
1198 711 1250 766 est
1271 701 1355 788 quod
1372 702 1455 766 amia

369 807 522 893 procedat
537 808 577 872 de
593 807 658 870 alia
672 806 795 871 bouata
811 814 870 872 etc

207 913 241 952 000
208 913 297 1008 ,,00,00
305 914 343 1009 ᾗῇ·
434 909 458 973 J
459 917 602 974 uratores
618 907 731 972 dicunt
747 907 833 994 quod
853 907 1015 972 Radulsus
1029 929 1094 970 non
1109 906 1174 972 fuit
1188 907 1265 971 inde
1280 907 1402 972 saisitus
1413 905 1456 970 die

207 971 250 1092 00οξ0
244 1010 321 1093 002,ξο
321 1035 434 1131 umquo
449 1012 530 1078 obiit
534 1013 634 1098 ,quia
648 1012 718 1098 ipse
732 1012 868 1076 dederat
889 1034 948 1097 per
965 1011 1022 1097 iiij.
1043 1011 1113 1075 dies
1134 1021 1211 1075 ante
1229 1020 1364 1076 mortem
1381 1033 1455 1074 suam

206 1100 312 1186 atsstit
370 1118 405 1182 in
422 1117 507 1182 bona
528 1117 683 1181 memoria
702 1116 828 1180 Abbati
848 1115 889 1180 de
910 1116 1015 1200 Rupe,
1034 1115 1083 1180 ita
1104 1115 1192 1200 quod
1213 1137 1279 1179 non
1302 1114 1379 1180 obiit
1396 1112 1456 1178 inde

207 1194 294 1234 0000000
370 1221 506 1287 scisitus
552 1221 597 1286 Et
610 1221 684 1284 ideo
699 1220 937 1286 consideratum
953 1218 1110 1304 estquod
1131 1218 1245 1283 Abbas
1264 1227 1301 1284 et
1320 1218 1457 1282 Henricus

371 1326 448 1391 inde
464 1325 569 1410 quieti
584 1333 618 1389 et
633 1324 656 1389 J
657 1324 792 1388 eremias
807 1332 843 1388 et
856 1345 938 1387 uxor
952 1322 1022 1387 eius
1037 1322 1071 1387 in
1088 1321 1310 1387 misericordia
1324 1330 1379 1386 etc

239 1418 331 1488 1877.
435 1430 547 1495 Assisa
576 1429 669 1493 uenit
698 1427 906 1513 recognitum
926 1427 954 1492 si
980 1426 1145 1493 Oristiana
1169 1427 1239 1491 filia
1260 1427 1352 1491 Petri
1372 1434 1458 1488 mater

371 1533 496 1600 Suniue
511 1541 546 1597 et
561 1531 721 1597 Beatricie
737 1531 847 1594 uxoris
867 1529 1027 1594 Gnidonis
1047 1529 1108 1593 filii
1127 1529 1260 1594 Alberti
1282 1529 1348 1593 fuit
1367 1527 1459 1592 saisita

370 1637 405 1702 in
419 1635 579 1701 dominico
594 1657 652 1699 suo
667 1642 727 1699 etc.
742 1634 783 1698 de
801 1633 826 1719 j
847 1633 971 1698 bouata
989 1641 1076 1697 terre
1098 1655 1173 1696 cum
1192 1640 1277 1716 pert
1299 1631 1334 1695 in
1352 1629 1459 1694 Tokwic

370 1739 424 1803 die
439 1746 510 1817 etc,
531 1760 628 1824 quam
649 1745 769 1800 terram
788 1736 881 1801 Prior
903 1737 936 1801 S.
960 1736 1132 1801 Trinitatis
1153 1735 1194 1800 de
1217 1734 1363 1799 Eboraco
1379 1741 1459 1797 tenet.

372 1842 437 1922 Qui
452 1842 545 1907 uenit
559 1849 594 1906 et
609 1849 706 1906 uocat
719 1841 796 1905 iude
816 1839 859 1904 ad
879 1848 1061 1905 warantum
1081 1842 1104 1906 J
1105 1840 1269 1904 ohannem
1290 1838 1461 1903 Mauleurer.

372 1946 504 2010 Habeat
533 1952 593 2009 eto.
639 1945 683 2008 Et
705 1943 874 2008 sciendum
897 1944 984 2030 quod
1013 1943 1177 2008 Beatricia
1198 1943 1284 2008 obiit
1310 1953 1345 2007 et
1366 1939 1462 2005 habuit

371 2058 498 2136 partem
514 2071 606 2114 suam
621 2049 706 2113 sicut
720 2047 813 2112 Prior
832 2048 1004 2134 cognoscit
1049 2046 1094 2111 Et
1113 2047 1187 2111 ideo
1207 2047 1364 2132 procedat
1381 2044 1463 2108 assisa

370 2153 413 2218 de
442 2153 564 2218 bouata
592 2152 656 2217 illa
701 2151 755 2216 Ad
782 2150 872 2215 diem
902 2150 996 2215 illum
1021 2151 1117 2215 uenit
1142 2150 1230 2216 idem
1256 2151 1417 2216 Johannes
1436 2157 1462 2211 et

372 2258 559 2322 warentizat
588 2255 691 2320 Priori
721 2264 755 2320 et
784 2263 881 2320 uocat
909 2254 988 2319 inde
1017 2254 1060 2319 ad
1089 2263 1272 2320 warantum
1304 2255 1463 2320 Robertnm

374 2361 481 2426 filium
510 2361 649 2426 Ricardi
710 2361 775 2440 Qui
808 2360 902 2425 uenit
931 2368 966 2425 et
994 2362 1027 2424 ei
1055 2361 1244 2425 warantizat
1274 2370 1312 2426 et
1339 2357 1465 2425 concedit

372 2465 514 2530 assisam.

438 2571 462 2635 J
463 2579 606 2635 aratores
621 2570 734 2635 dicunt
749 2570 837 2656 quod
852 2570 1016 2636 Cristiana
1035 2570 1117 2636 obiit
1136 2579 1215 2636 ante
1237 2568 1465 2635 coronationem

374 2671 449 2737 etc⁸.
494 2672 538 2736 Et
552 2672 625 2737 ideo
641 2672 769 2739 Sunius
784 2672 820 2735 in
834 2672 1060 2749 misericordia,
1076 2682 1110 2737 et
1124 2672 1183 2736 alii
1197 2672 1307 2758 quieti
1322 2680 1381 2736 etc

241 2774 334 2843 1878.
440 2776 551 2840 Assisa
565 2776 658 2840 uenit
672 2777 879 2862 recognitura
888 2776 917 2841 si
929 2777 1001 2841 Odo
1012 2776 1099 2841 filius
1109 2776 1291 2862 Thorphini
1302 2773 1466 2841 auunculus

375 2878 547 2943 Matillidis
573 2878 639 2944 filie
662 2879 843 2945 Cassandra
865 2880 929 2944 fuit
950 2880 1082 2945 saisitus
1104 2890 1164 2945 etc
1187 2880 1229 2944 de
1247 2879 1272 2965 j.
1300 2877 1468 2944 molendino

375 2989 515 3066 quatuor
536 2981 665 3046 bouatis
681 2994 766 3047 terre
781 3006 856 3047 oum
871 2992 953 3068 pert
969 2984 1005 3047 in
1020 2984 1201 3071 Aluesteyn
1216 2983 1307 3048 unde
1323 2982 1467 3047 Walteurs

213 3113 278 3153 auru
278 3112 354 3152 uam
376 3083 406 3149 le
423 3085 550 3171 Sauage
566 3094 659 3149 tenet
674 3093 806 3150 tantum
821 3094 881 3149 etc
897 3094 932 3150 et
943 3086 1084 3151 Thomas
1095 3087 1135 3152 de
1147 3087 1332 3173 Hastingcs
1347 3095 1468 3150 tantum.

213 3160 346 3247 οιοι
295 3164 341 3199 0000
314 3187 441 3302 0οί,ιι-ιιι
456 3190 528 3253 ueu’
544 3197 579 3253 et
593 3188 677 3253 bene
692 3210 775 3276 cogn
776 3190 885 3275 ’quod
900 3190 972 3255 Odo
987 3191 1070 3255 obiit
1086 3191 1226 3268 saisitus,
1245 3201 1297 3255 set
1318 3190 1378 3255 dic’
1395 3184 1469 3274 quod

213 3264 282 3385 Ξο000,0,οἒ
279 3252 356 3385 hoff
336 3289 447 3375 ¹¹¹ipsa
468 3314 532 3354 non
555 3291 654 3356 debet
675 3291 752 3355 inde
773 3293 970 3377 responderi,
988 3294 1066 3380 quia
1088 3294 1254 3379 predictus
1275 3295 1350 3359 Odo
1370 3290 1468 3358 habuit

213 3350 279 3441 00000
240 3351 350 3478 ,,,,0000000,,,
376 3395 549 3479 quemdam
572 3396 705 3460 fratrem
731 3404 922 3481 postnatum
945 3398 1125 3462 Radulfum
1146 3398 1277 3463 nomine
1300 3400 1360 3485 qui
1378 3397 1470 3463 adhuc
1540 3461 1541 3464 ,

213 3452 358 3581 00000,οὦ00ὤοοιοι
376 3499 463 3564 uiuit
478 3507 513 3563 et
527 3498 600 3564 ideo
615 3523 680 3563 non
695 3499 827 3564 uult⁴
799 3523 831 3565 οι
845 3502 1084 3586 respondere
1052 3502 1116 3565 rusi
1130 3503 1222 3567 curia
1234 3512 1295 3567 etc
1540 3489 1541 3522 0

214 3544 356 3711 30,ιῖιῆ
444 3604 488 3667 Et
502 3604 639 3668 Matillis
654 3604 734 3669 dicit
749 3606 835 3691 quod
849 3628 964 3671 reuera
977 3606 1064 3670 idem
1086 3606 1158 3671 Odo
1177 3607 1295 3673 habuit
1310 3606 1469 3723 quemdam
1540 3627 1542 3672 ι

214 3674 318 3758 0000330ιο
310 3671 361 3758 dni.
378 3708 510 3773 fratrem
540 3717 575 3773 et
597 3710 683 3794 quod
706 3708 802 3786 uiuit,
825 3717 875 3773 set
897 3709 1087 3795 dicitquod
1108 3733 1175 3775 non
1196 3710 1346 3776 debet
1317 3734 1350 3776 er
1371 3730 1469 3775 nocere

214 3767 348 3862 0000000
378 3811 456 3897 quia
470 3810 538 3896 ipse
554 3812 629 3876 talis
644 3820 693 3877 est
708 3812 795 3897 quod
812 3834 877 3876 non
896 3820 1005 3899 potest
1025 3814 1242 3880 hereditatem
1263 3824 1385 3934 petere,
1405 3835 1470 3900 qma

215 3871 258 3946 00000
251 3864 387 3993 0000000000
326 3938 446 4001 1pse
462 3938 573 3980 amens
588 3924 638 3980 est
653 3924 687 3980 et
702 3924 795 3981 extra
809 3940 949 3995 sensum,
963 3918 1012 3983 ita
1025 3919 1113 4005 quod
1126 3942 1186 4006 per
1199 3921 1381 3985 amancium
1390 3940 1469 3983 suam
1539 3919 1540 3950 0

410 4130 532 4180 ¹warent
539 4129 622 4188 '‚MS.
984 4130 1084 4181 ¹⁵Betui
1107 4133 1149 4181 Aa
1169 4132 1382 4195 §mamper
1407 4130 1467 4179 Wol-

410 4194 552 4258 ’Psrhaps
568 4194 645 4244 this
637 4210 661 4243 rs
677 4194 722 4244 the
739 4208 798 4245 casa
816 4195 902 4246 which
953 4199 1131 4246 monasterium
1147 4199 1178 4246 de
1194 4200 1364 4248 &cremata
1404 4196 1469 4244 Bm
1538 4211 1539 4250 t

378 4261 501 4322 Bracton,
515 4260 532 4310 s.
547 4262 588 4317 28,
600 4258 875 4324 citssanouymonsly.
953 4265 1009 4319 ton,
1021 4262 1039 4311 t.
1054 4262 1133 4321 2767),
1146 4264 1205 4321 7177,
1217 4277 1279 4325 says
1294 4262 1355 4312 that
1370 4260 1468 4317 nothing
1538 4259 1539 4264 ’

410 4325 656 4375 ⁸Thecoronation
669 4326 696 4375 oi
713 4325 840 4385 simum
857 4325 903 4377 tha
953 4298 1055 4375 minu
1071 4341 1125 4376 was
1140 4326 1233 4375 done'
1225 4342 1254 4375 m
1272 4327 1324 4377 this
1340 4342 1406 4385 cnse,
1423 4338 1467 4387 ptr·

377 4390 507 4455 periodos
517 4390 667 4440 limitation.
953 4392 1021 4454 haps
1032 4392 1141 4440 because
1154 4392 1200 4443 the
1212 4406 1322 4450 woman
1336 4386 1468 4449 tnuddtl
1538 4417 1540 4444 ι

410 4456 487 4505 ⁴Sio
952 4460 1157 4518 aotprosecute.
