3167 5075
331 436 450 489 consu
472 438 570 500 nuos,
593 438 658 489 sn.
683 426 842 503 1235-6,
863 438 925 491 nn
950 427 1000 492 20.
1154 426 1217 497 179

128 610 293 677 menum
316 610 381 698 xvj.
405 610 477 677 den
533 604 602 677 111ι
626 612 739 677 eudem
763 601 904 700 Roeysib
923 602 1047 701 recepit
1068 613 1116 680 ibi
1135 614 1217 680 dues

126 724 241 782 ueteres
253 715 405 804 mengics
418 734 556 802 querum
571 715 674 781 maior
692 714 810 782 cecidit
828 738 887 803 pro
905 716 1034 784 defectu
1054 726 1217 784 mutentu-

125 819 215 886 cionis
224 828 258 886 et
269 828 320 887 est
334 820 456 887 ibidem
468 818 673 887 meirsmium
688 820 778 886 illud
816 820 903 886 Item
918 820 1041 909 recepit
1054 821 1102 887 ibi
1116 844 1218 909 quen·

123 921 190 988 dnm
204 922 333 989 boscum
353 924 389 989 in
408 946 473 1011 quo
492 922 670 1010 prostrauit
688 920 743 1010 xij.
760 924 850 1012 fagos
869 923 911 989 de
930 924 1038 1011 precio
1058 924 1147 1011 xviij.
1161 924 1216 990 sot

124 1034 169 1093 set
199 1028 343 1094 nescitur
377 1049 443 1116 quo
478 1026 675 1093 manerium¹
703 1026 786 1093 illud
815 1028 959 1108 deuenit,
987 1028 1066 1115 quie
1092 1028 1218 1095 nullum

122 1131 375 1198 emendacionem
397 1132 596 1198 inuenerunt
618 1131 654 1197 in
678 1129 829 1197 domibus
851 1152 913 1198 neo
937 1132 973 1197 in
995 1131 1076 1198 eliis
1130 1131 1218 1198 Item
1292 1203 1294 1211 ,

120 1336 178 1406 viii
192 1340 262 1409 den.
276 1342 366 1408 unde
380 1343 525 1409 nescitur
538 1364 603 1430 quo
616 1340 822 1408 deuenerunt
840 1342 919 1429 quie
936 1342 1029 1408 nulls
1048 1342 1135 1408 tincto
1154 1340 1219 1407 fuit

120 1446 296 1512 emendacio
310 1445 346 1512 in
360 1445 506 1534 predicte
519 1444 666 1511 custodia
679 1445 765 1511 sicut
779 1446 963 1533 preffictum
977 1451 1037 1511 est.
1081 1445 1126 1511 Et
1140 1446 1218 1532 quio

119 1550 223 1615 endem
236 1550 378 1637 Roeysis
392 1550 502 1616 tenuit
516 1550 654 1617 eandem
668 1548 849 1616 custodium
866 1551 933 1616 iem
952 1572 1012 1639 per
1030 1558 1097 1617 tres
1115 1570 1216 1617 annos

119 1654 233 1741 elapsos
247 1664 283 1721 et
298 1655 399 1721 nichil
414 1654 556 1743 emplius
575 1654 663 1743 cepit
682 1654 723 1720 ed
740 1654 882 1719 ¹husbote
901 1660 937 1719 et
955 1654 1095 1742 hnybote
1117 1663 1152 1720 et
1173 1653 1216 1721 od

118 1754 287 1825 ardendum
310 1780 409 1846 quam
431 1756 592 1846 predictos
613 1759 703 1845 fugos
728 1766 763 1825 et
788 1778 934 1844 quercus,
952 1756 960 1845 Ι
978 1757 1215 1825 consideratum

117 1867 162 1925 eet
187 1860 273 1947 quod
298 1861 426 1926 nullum
452 1860 530 1927 fecit
555 1868 696 1939 uastum,
721 1860 770 1927 ite
794 1868 908 1926 tamen
932 1859 1020 1947 quod
1046 1860 1129 1926 tales
1153 1866 1214 1927 etc

117 1972 368 2051 menuoeperunt
382 1963 468 2050 quod
483 1964 597 2031 eedem
611 1964 750 2051 Roeysie
761 1963 903 2051 reparari
914 1965 1035 2030 feceret
1045 1963 1216 2051 coquinam

117 2073 148 2130 et
160 2068 311 2156 grangias
325 2073 361 2134 et
375 2090 415 2134 ea
429 2088 492 2155 que
506 2068 694 2135 oeciderunt
708 2075 854 2155 tempore
869 2090 934 2155 quo
944 2066 1059 2134 eedem
1072 2066 1219 2134 custodis

117 2169 237 2237 exstitit
257 2172 295 2237 in
317 2192 418 2238 manu
438 2188 499 2238 'sua
519 2172 605 2239 infre
625 2173 713 2239 hunc
733 2196 865 2250 annum,
882 2180 919 2238 et
939 2172 1026 2259 quod
1047 2172 1088 2238 de
1110 2179 1218 2238 cetero

104 2274 310 2341 sustentabit
323 2276 433 2341 omnic
446 2276 511 2342 etin
521 2276 649 2343 edificia
658 2284 693 2341 et
702 2275 789 2362 quod
798 2274 925 2341 nullum
933 2283 1065 2341 uastum
1074 2274 1172 2341 faciet
1181 2274 1217 2341 in

117 2374 176 2441 situ
190 2379 352 2467 mesuagii
366 2400 427 2445 nec
440 2380 520 2445 alibi
534 2378 576 2446 nd
591 2380 876 2447 exheredecionem
891 2378 1029 2467 predicti
1043 2378 1193 2447 heredis‘.

29 2480 84 2545 166.
173 2480 304 2549 ‘Abbes
320 2480 353 2550 S.
367 2478 548 2570 Augustini
562 2482 719 2550 Bristollii
734 2484 799 2550 fuit
813 2506 919 2550 coram
929 2482 1115 2551 iusticieriis
1128 2482 1217 2572 apud

116 2583 438 2654 Westmonesterium
459 2587 501 2654 ed
523 2588 782 2676 respondendum
805 2588 929 2655 Thome
950 2589 992 2656 de
1013 2589 1218 2678 Berkeleghe

116 2710 208 2775 quare
226 2713 295 2756 non
316 2690 480 2777 permittit
499 2714 576 2757 eum
597 2699 783 2779 presentare
804 2691 963 2778 ydoneam
985 2713 1154 2779 personam
1175 2689 1218 2759 ed

49 2791 52 2798 ’
116 2791 277 2860 ecclesium
304 2793 347 2859 de
368 2792 537 2860 Wintonie
558 2816 622 2881 qus
648 2803 745 2860 uocat
766 2803 827 2862 etc.
849 2803 885 2861 et
905 2793 949 2861 ed
974 2817 1066 2860 suem
1091 2803 1219 2883 spectet
1321 2795 1324 2800 ’

115 2891 322 2961 donacionem
333 2904 404 2975 etc,
414 2896 462 2962 ite
473 2895 560 2984 quod
570 2896 682 2964 Abbss
696 2897 814 2964 habuit
823 2897 911 2964 diem
921 2919 981 2984 per
990 2898 1219 2964 essonietorsm

115 3015 205 3065 sunm
226 2999 263 3065 in
286 2999 572 3077 Oct.sffi11.‚ud
593 3021 691 3087 quem
713 2998 801 3066 diem
823 3022 888 3066 non
909 3000 1005 3066 uenit
1025 3000 1138 3067 Abbes
1158 3021 1219 3066 nec

116 3099 226 3187 aliquis
239 3123 302 3190 pro
318 3125 356 3168 eo
371 3102 457 3168 unde
471 3103 535 3190 ipsi
549 3103 719 3170 iusticierii
733 3103 843 3170 minus
857 3103 995 3170 discrete
1009 3103 1219 3192 procedentes

117 3204 147 3270 in
167 3206 299 3294 loquele
321 3205 591 3275 adiudiceuerunt
612 3207 720 3294 ipsum
742 3205 909 3276 Abbetem
929 3208 1042 3275 fecisse
1063 3209 1219 3276 defsltem

32 3353 35 3356 -
117 3315 149 3370 et
160 3329 217 3393 per
230 3308 391 3374 defaltem
406 3308 495 3374 illem
510 3307 780 3376 ediudicauerunt
795 3310 901 3377 eidem
922 3310 1046 3376 Thome
1066 3311 1219 3378 ssisinem

116 3412 366 3494 presentacionis
387 3433 453 3490 sue,
475 3421 510 3478 et
531 3413 580 3479 ite
600 3413 687 3500 quod
709 3414 827 3480 hebuit
846 3415 947 3481 breue
969 3414 1011 3481 ed
1032 3415 1219 3502 episcopum

117 3510 173 3578 loci
186 3521 245 3581 etc.
294 3515 340 3582 Et
355 3515 433 3603 quis
446 3517 511 3582 fuit
525 3525 691 3583 ostensum
705 3517 799 3584 Doni
815 3519 900 3607 Regi
914 3541 955 3585 ex
969 3527 1062 3607 perte
1079 3518 1220 3584 Abbetis

117 3617 197 3701 quod
222 3619 288 3706 ἱρά
315 3617 485 3686 iusticierii
510 3620 560 3687 its
583 3621 670 3694 mele
695 3631 928 3710 processerunt,
953 3623 1062 3689 uocati
1087 3611 1220 3688 fuerunt

117 3739 217 3786 mmm
231 3719 330 3788 Doni
346 3717 437 3810 Rege
451 3731 487 3788 et
506 3721 554 3790 ibi
573 3733 795 3811 cognouerunt
809 3724 974 3813 quod'itn⁸
987 3733 1220 3813 processemnt,

116 3837 164 3889 set
183 3827 396 3893 nesciuerunt
416 3826 451 3892 in
473 3825 560 3893 dioto
581 3829 714 3915 negocio
736 3828 853 3895 melius
874 3818 1066 3915 procedere.
1112 3828 1159 3893 Et
1177 3827 1220 3894 ad

146 4009 244 4128 ἓξὲξ
255 4014 412 4129 immm
673 4019 1137 4137 Ἠ1αἰιιιι111ι1ἰ1ιι1111ουιια1ιζ

146 4138 237 4193 ’ibis
252 4157 315 4194 coss
331 4144 356 4193 in
371 4142 446 4207 men
461 4147 491 4196 st
506 4143 622 4208 length·
614 4157 643 4196 m
724 4128 1218 4211 Obunctbctprooscdingstnc'rroi

117 4203 350 4268 cenwine
692 4210 1217 4276 mampuntnminsttheiudso·

146 4271 644 4352 ‘Animportsntccssintbehistory
692 4275 929 4328 whohcreerrsd
963 4277 1203 4338 Astomsmeprc

117 4333 324 4390 duacenses.
356 4340 480 4390 Anerror
466 4354 548 4390 rmco
550 4339 642 4392 mitted
691 4340 1114 4428 cessinanreimpedit‚sceBr.
1126 4341 1214 4403 1147,

116 4399 328 4460 bytbeJustices
339 4403 641 4456 strittheBechisom-
691 4407 740 4468 55.

117 4467 305 4520 tectedcorcm
276 4469 397 4532 mBsge.
434 4469 639 4530 ΒωΒτ,1.108

1024 4571 1130 4634 12-2
