3167 5075
194 388 283 438 urar
304 389 349 438 or
370 387 571 438 asinanum
593 389 632 438 ΙΝ
655 389 758 451 anun,
779 389 844 439 no.
869 375 964 451 1227,
985 388 1048 439 aa
1072 376 1123 440 ll.
1168 377 1228 442 601

135 561 211 629 didit
225 569 344 628 terram
363 563 453 629 illam
474 563 516 630 ad
538 564 664 630 firmam
686 563 750 630 nisi
771 563 863 630 saluo
884 563 955 629 iure
977 562 1143 632 haredum.
1187 565 1231 631 Et

133 666 200 732 ideo
214 667 361 754 capiatur
375 668 483 734 assisa

190 773 358 838 Juratores
381 773 496 840 dicunt
520 774 607 860 quod
632 771 797 838 Robertus
821 772 904 838 obiit
930 772 1061 838 saisitus
1082 773 1123 839 da
1144 781 1233 840 tana

133 876 184 941 illa
196 885 234 942 ut
249 876 289 942 de
305 877 408 956 feodo,
422 886 457 944 et
472 877 558 964 quod
573 877 630 942 isti
645 877 830 944 Willelmus
840 887 875 944 et
885 878 909 944 J
910 878 1053 944 ohannes
1068 886 1146 944 sunt
1161 878 1232 945 eius

132 974 368 1066 propinquiores
383 980 525 1046 heredes.
571 980 615 1046 Et
638 980 712 1046 ideo
730 981 969 1046 consideratum
992 990 1042 1046 est
1062 983 1148 1068 quod
1168 982 1232 1070 ipsi

132 1081 267 1148 habeant
281 1083 433 1150 saisinam
449 1106 552 1162 suam,
569 1092 603 1149 et
618 1084 804 1150 Willelmus
818 1085 854 1149 in
868 1084 1088 1150 misericordia
1102 1092 1162 1149 eto.

47 1193 99 1262 173,
190 1187 316 1253 ¹Assisa
329 1189 422 1253 uenit
441 1188 647 1276 recognitum
669 1188 698 1254 si
718 1188 856 1254 Matillis
876 1188 943 1255 filia
962 1188 1107 1254 Wulnofi
1127 1196 1233 1254 mater

131 1291 239 1356 Emma
262 1293 370 1356 uxoris
392 1293 572 1380 Augustini
591 1292 633 1359 ad
653 1293 796 1359 Puteum
819 1303 853 1359 et
872 1293 1044 1381 Wymarce
1064 1302 1099 1359 et
1121 1293 1231 1359 Alesia

130 1417 266 1460 sororum
290 1395 393 1482 ipsius
419 1397 534 1462 Emma
557 1397 621 1461 fuit
642 1397 754 1462 saisita
774 1397 810 1462 in
831 1397 993 1463 dominico
1021 1421 1080 1463 suo
1104 1406 1162 1463 etc
1189 1398 1231 1464 de

130 1499 191 1584 xiij.
207 1499 291 1564 aona
306 1509 391 1566 terre
407 1509 441 1566 et
457 1501 481 1587 j.
499 1501 664 1588 mesuagio
684 1522 758 1566 oum
779 1509 860 1588 pert.
876 1501 912 1566 in
926 1502 1074 1567 Roctona
1087 1500 1140 1567 die
1161 1510 1231 1580 etc,

129 1611 160 1666 ot
174 1601 200 1667 si
215 1611 287 1680 etc„
300 1602 387 1668 unde
402 1602 561 1668 Ricardus
576 1603 658 1668 Braz
672 1602 713 1667 de
729 1603 792 1668 Fer
808 1611 842 1667 et
863 1603 1004 1668 Thomas
1018 1603 1060 1668 de
1075 1602 1230 1690 Shating-

129 1707 207 1773 dona
221 1717 256 1773 et
272 1708 355 1774 tales
374 1716 435 1774 etc.
454 1715 577 1773 tenent.
624 1706 690 1788 Qui
711 1706 853 1772 ueniunt
875 1716 909 1773 et
930 1722 1050 1772 uocant
1071 1708 1230 1773 Thomam

128 1810 166 1875 ad
179 1819 368 1890 warantum,
385 1819 418 1876 et
433 1811 491 1898 qui
506 1811 553 1876 eis
572 1819 643 1890 eta,
663 1819 698 1876 at
718 1810 799 1877 dicit
818 1811 905 1898 quod
926 1811 1027 1876 assisa
1045 1834 1110 1876 non
1130 1810 1230 1877 debet
1242 1835 1299 1876 noc·
1307 1837 1364 1886 quor

1292 1883 1347 1923 hest

126 1915 197 1981 iude
211 1915 284 1980 fieri
299 1915 376 2001 quia
392 1915 461 2002 ipsa
475 1916 593 1980 Emma
607 1924 641 1980 et
663 1915 726 1980 alie
746 1915 880 1979 hierunt
899 1914 935 1980 in
955 1914 1074 1980 saisina
1087 1915 1128 1979 de
1143 1922 1230 1979 terra
1242 1894 1371 2026 ἓξὲξ

125 2019 178 2086 illa
191 2027 265 2107 post
280 2029 419 2086 mortem
433 2019 605 2085 Matillidis
624 2020 738 2085 matris
760 2042 872 2084 aarum
893 2019 959 2084 fere
981 2041 1040 2107 per
1057 2019 1082 2105 j.
1098 2041 1229 2096 annum,
1241 2027 1374 2112 magd·

125 2225 287 2292 ciecerunt
309 2226 382 2291 illas
399 2233 434 2291 et
454 2233 633 2292 tenuerunt
653 2225 742 2290 illam
761 2233 800 2290 ut
820 2225 955 2290 heredes
974 2225 1076 2311 ipsius
1094 2225 1229 2290 Matilli-
1241 2211 1340 2300 ffiitnr

124 2328 227 2395 disat
252 2329 342 2394 illam
366 2337 486 2394 terram
511 2328 740 2406 uendiderunt,
767 2327 900 2393 atinde
926 2335 1054 2414 ponunt
1075 2351 1110 2394 se
1132 2351 1229 2415 super

123 2432 269 2500 iuratam.

184 2540 228 2605 Et
251 2538 467 2626 Augustinus,
492 2538 608 2603 Emma
632 2545 666 2603 et
687 2538 750 2603 alie
773 2537 834 2602 hoo
855 2534 1036 2603 defendunt
1058 2545 1094 2603 et
1115 2538 1230 2604 dicunt

123 2644 205 2729 quod
231 2643 360 2709 nullum
385 2644 517 2707 fratrem
544 2642 738 2719 hahuerunt,
760 2650 812 2707 set
833 2640 917 2706 bene
939 2641 1120 2707 concedunt
1142 2642 1229 2729 quod

122 2748 188 2834 ipse
203 2750 338 2814 fuerunt
352 2748 387 2812 in
402 2747 522 2813 saisina
535 2748 577 2813 de
592 2746 706 2812 eadem
721 2756 808 2812 terra
822 2769 998 2834 perunum
1018 2770 1140 2813 annum
1155 2757 1229 2834 post

121 2864 257 2921 mortem
281 2852 452 2919 Matillidis
473 2853 559 2918 sicut
580 2860 667 2917 recte
686 2852 821 2918 heredes
838 2853 940 2939 ipsius
961 2853 1139 2918 Matillidis
1184 2854 1229 2917 Et

120 2956 190 3024 ideo
205 2958 445 3025 consideratum
462 2957 613 3046 estquod
628 2958 719 3023 nulla
733 2958 818 3023 iacet
838 2958 945 3024 assisa
989 2958 1068 3023 Ideo
1089 2958 1229 3023 Thomas

120 3060 192 3127 inde
207 3062 279 3127 sine
295 3061 348 3127 die
363 3070 423 3127 etc.

48 3172 86 3243 74,
182 3165 312 3231 'Amisa
335 3166 428 3232 uenit
447 3166 653 3252 recognitum
671 3164 701 3230 si
720 3165 884 3230 Robartus
905 3165 947 3230 da
968 3164 1113 3230 Derham
1134 3173 1229 3251 pater

120 3268 224 3335 Floria
247 3267 357 3335 uxoris
381 3269 518 3334 Galhidi
541 3270 570 3334 le
593 3270 750 3356 Espercer
771 3270 836 3335 fuit
857 3270 987 3335 saisitus
1009 3270 1045 3335 in
1066 3270 1227 3335 dominico

120 3381 176 3439 etc
197 3374 240 3439 da
260 3373 388 3439 duabus
408 3373 489 3438 acris
508 3381 592 3439 terra
616 3383 650 3439 et
670 3374 801 3441 dimin
816 3374 1026 3440 Hackintona
1040 3374 1093 3440 die
1108 3383 1178 3454 etc,
1192 3384 1227 3441 et

119 3478 228 3557 sieta,
245 3477 334 3543 unde
349 3477 512 3543 Rohartus
527 3478 644 3544 Russel
665 3487 757 3545 tenet
778 3479 860 3544 duas
879 3487 989 3566 partes
1012 3488 1047 3543 et
1068 3479 1228 3545 Anxellus
1285 3502 1346 3544 soa

120 3581 147 3649 le
162 3584 291 3649 Mercer
304 3582 439 3648 terciam
454 3590 581 3668 partem
596 3592 695 3649 tenet.
716 3582 720 3671 Ι

180 3689 225 3753 Et
253 3687 418 3753 Robertus
442 3687 558 3752 Russel
585 3687 678 3753 uenit
702 3694 736 3753 et
761 3687 843 3753 dicit
868 3687 954 3773 quod
976 3688 1085 3753 tenuit
1107 3695 1226 3753 terram
1274 3718 1356 3769 [mal

119 3790 205 3857 illam
221 3815 298 3857 oum
313 3792 453 3857 Isobella
472 3815 570 3857 uxore
591 3815 651 3858 sua
673 3793 765 3858 ouius
785 3792 950 3857 hereditas
973 3800 1060 3858 terra
1078 3792 1136 3858 illa
1155 3792 1227 3869 fuit,

120 3904 151 3960 et
174 3896 248 3983 ipsa
274 3895 416 3961 Isobella
439 3905 568 3962 mortua
590 3904 648 3974 ast,
670 3896 719 3961 ita
740 3895 828 3982 quod
849 3918 915 3960 non
937 3896 1037 3961 habet
1059 3895 1135 3961 inde
1165 3896 1227 3960 nisi
1240 3907 1390 3995 {mg-m

119 4001 299 4067 custodiam
315 4022 388 4065 eum
404 4000 511 4065 Alicia
525 4008 559 4065 et
575 4000 714 4066 Isobella
730 4000 859 4065 filiabus
879 4007 913 4064 et
930 3998 1106 4064 heredibus
1125 3999 1228 4085 ipsius

118 4103 256 4171 Isobelle
278 4126 341 4190 quc
362 4110 440 4169 sunt
459 4103 544 4168 infra
558 4111 680 4169 atatem
696 4111 731 4169 et
746 4101 883 4190 petunt⁶
897 4109 1021 4167 etatem
1036 4124 1138 4167 suam,
1184 4102 1228 4167 Et

150 4291 205 4343 1Δ.
218 4292 320 4345 mad.
731 4292 742 4325 ⁴
760 4290 861 4340 SeaBr.
873 4290 892 4340 f.
904 4290 953 4343 274
964 4290 989 4341 b.

149 4357 281 4409 ¹80an
294 4358 381 4411 itit.
731 4355 810 4413 ⁸Sic,
823 4357 853 4405 Δ.

149 4422 160 4455 ¹
176 4425 208 4473 Δ.
219 4438 257 4473 m.
270 4426 293 4475 9.
