3167 5075
324 392 388 455 184
540 405 658 454 cosan
680 406 778 469 snos,
801 404 866 455 an.
890 392 1134 466 1235-6,aa
1158 392 1209 455 20.

323 580 490 647 Johannes
517 576 709 663 impetrauit
737 574 865 641 litteras
893 576 987 642 Dom.
1013 574 1114 663 Regis
1142 583 1178 641 et
1208 576 1430 663 implaeitnuit

322 682 430 769 ipsum
459 681 654 768 Magistrum
683 680 718 745 in
744 680 901 745 comitatu
925 680 1027 745 donee
1051 702 1110 766 per
1137 679 1428 745 consideracionem

322 785 425 873 ipsius
449 785 623 851 comitatus
649 792 738 850 carta
762 783 793 849 ei
822 784 950 849 reddita
977 783 1050 860 fuit,
1076 792 1112 848 et
1140 784 1227 870 quod
1254 794 1428 872 postquam

322 892 426 978 primo
448 892 512 955 fuit
534 890 673 955 feofatus
696 910 824 975 semper
845 888 954 952 tenuit
974 887 1125 953 saisinam
1147 910 1240 952 suam
1260 910 1365 973 usque
1387 888 1430 953 ad

322 996 410 1062 diem
426 1018 489 1082 quo
503 1018 561 1083 per
574 993 737 1080 predictos
750 991 931 1057 disseisitus
949 991 1020 1056 fuit.
1064 992 1109 1055 Et
1127 990 1302 1078 requisitus
1321 992 1429 1057 euius-

323 1100 411 1165 modi
425 1100 575 1165 seisinam
590 1098 665 1162 inde
680 1094 862 1182 recepisset,
876 1095 957 1159 dicit
976 1094 1062 1182 qnod
1079 1096 1114 1159 in
1134 1096 1282 1161 omnibus
1302 1119 1367 1183 que
1386 1097 1430 1161 ad

323 1213 443 1271 terrem
458 1205 547 1269 illam
563 1202 771 1289 pertinebant
786 1210 821 1265 et
835 1201 976 1265 maxime
990 1200 1026 1266 in
1046 1223 1084 1265 eo
1104 1200 1191 1288 quod
1210 1202 1350 1266 feosatus
1364 1202 1430 1267 fuit

323 1331 382 1397 per
402 1307 575 1373 seruieium
597 1306 639 1392 xj.
659 1306 714 1371 sol.
731 1304 789 1369 ubi
809 1304 942 1369 reddere
962 1304 1133 1370 consueuit
1152 1328 1202 1369 xv.
1217 1305 1281 1382 soi,
1296 1314 1332 1370 et
1350 1305 1428 1371 inde

323 1412 460 1501 protulit
474 1432 573 1477 unam
587 1418 710 1476 cartam
726 1432 788 1497 que
804 1409 864 1474 hoo
876 1416 1025 1487 testatur,
1036 1416 1071 1473 et
1084 1408 1161 1475 inde
1175 1410 1268 1496 ponit
1281 1432 1315 1475 se
1330 1432 1431 1497 super

323 1517 471 1581 iuratam.

388 1618 556 1684 Juratores
577 1616 699 1695 dieunt,
719 1616 842 1681 seilicet
863 1615 1025 1680 Rohertus
1043 1614 1085 1680 de
1106 1614 1298 1702 Stapeltona
1314 1616 1352 1680 'et
1371 1615 1430 1681 alii

324 1732 383 1789 ete
410 1730 445 1788 et
471 1722 578 1800 infra¹,
604 1722 691 1808 quod
716 1720 862 1807 predicta
889 1718 1008 1784 Anicia
1034 1718 1160 1784 dimisit
1188 1726 1308 1784 terram
1337 1718 1429 1783 illam

323 1826 347 1892 J
348 1825 467 1892 ohanni
482 1826 522 1891 de
538 1825 662 1891 Seuilla
671 1832 706 1890 et
717 1823 815 1889 matri
825 1847 882 1889 sue
893 1823 936 1888 ad
946 1823 1073 1887 firmam
1083 1844 1186 1908 usque
1197 1822 1239 1887 ad
1250 1823 1429 1889 terminum

323 1952 480 1995 annorum
494 1951 553 2015 per
567 1928 801 2016 cyrographum
815 1928 892 1992 inde
906 1927 994 1991 inter
1012 1949 1067 1992 eos
1086 1928 1267 1991 consectum
1287 1934 1324 1991 et
1343 1926 1431 1993 infra

323 2034 464 2119 primum
479 2053 600 2097 annum
612 2030 714 2117 ipsius
725 2030 950 2095 conuentionis
959 2029 1102 2095 reddidit
1112 2029 1261 2116 quietum
1273 2030 1430 2096 clamauit

323 2143 358 2201 et
368 2134 518 2201 uendidit
529 2135 655 2221 prefata
665 2133 783 2198 Anicia
793 2132 932 2198 Rioardo
943 2133 1099 2198 Pincerne
1113 2132 1180 2197 filio
1194 2155 1252 2198 suo
1266 2141 1301 2198 et
1316 2133 1430 2199 heredi

324 2245 431 2303 totum
446 2237 497 2301 ius
512 2245 547 2301 et
561 2235 714 2300 olamium
729 2235 816 2322 quod
830 2236 946 2301 habuit
965 2235 1020 2301 uel
1040 2236 1158 2301 habere
1178 2237 1288 2322 potuit
1304 2236 1340 2301 in
1359 2247 1431 2303 tota

324 2349 411 2404 terra
432 2362 490 2404 sus
512 2338 552 2403 de
576 2337 760 2403 Silkestona
780 2361 855 2402 oum
876 2347 957 2424 pert
973 2338 1064 2403 eum²
1082 2338 1147 2425 viij.
1162 2338 1278 2404 mareis
1299 2341 1430 2426 argenti

325 2465 405 2529 quas
424 2442 455 2507 ei
473 2440 564 2506 dedit
583 2449 618 2505 et
640 2462 698 2527 pro
719 2463 786 2506 una
806 2441 928 2506 bouata
949 2449 1035 2505 terre
1056 2440 1092 2506 in
1114 2441 1255 2507 Sandale
1275 2464 1376 2528 quam
1397 2444 1430 2509 ei

324 2544 480 2612 concessit
502 2552 537 2610 et
556 2543 648 2610 dedit
667 2543 842 2610 tenendam
862 2552 933 2609 tota
953 2544 1024 2609 uita
1043 2567 1110 2622 sua,
1125 2553 1159 2609 et
1179 2554 1303 2610 cartam
1317 2546 1430 2632 quiete

324 2650 527 2716 olamacionis
548 2649 579 2714 ei
600 2648 699 2715 dedit.
745 2649 788 2713 Et
807 2649 948 2736 quadam
968 2648 1022 2714 die
1039 2649 1200 2714 dominioa
1214 2671 1323 2714 eoram
1337 2673 1432 2736 pmo-

324 2756 448 2820 ohianis
462 2755 502 2819 de
518 2754 703 2820 Silkestona
717 2763 839 2818 cartam
853 2754 943 2818 illam
958 2754 1065 2842 legere
1080 2754 1166 2830 feeit,
1180 2761 1216 2819 et
1229 2754 1384 2820 seisinam
1397 2755 1432 2820 ei

325 2858 424 2937 dedit,
449 2867 483 2924 et
506 2858 541 2923 in
570 2857 736 2945 presencia
763 2857 865 2944 ipsius
893 2857 1009 2924 Auieie
1038 2859 1126 2944 cepit
1153 2859 1241 2923 idem
1270 2859 1432 2925 Rioardus

325 2963 513 3050 homagium
528 2962 701 3027 liberorum
719 2961 888 3027 hominum
907 2962 1031 3027 scilieet
1050 2963 1200 3048 Hugonis
1219 2963 1382 3050 Prepositi
1395 2973 1432 3029 et

325 3067 462 3132 aliorum
487 3064 586 3130 infra⁸
604 3065 609 3151 Ι
630 3073 664 3130 et
688 3064 848 3130 «Iohannis
870 3064 911 3129 de
935 3065 1169 3132 Haueleshirst.
1224 3067 1269 3132 Et
1298 3069 1431 3134 nolente

326 3170 395 3256 ipso
416 3167 584 3235 Johanne⁴
606 3168 844 3234 accommodare
869 3169 901 3232 ei
926 3169 1036 3234 domos
1061 3178 1100 3234 ut
1125 3193 1199 3235 eum
1223 3171 1342 3237 uicinis
1363 3173 1434 3238 suis

249 3347 254 3360 ι
326 3274 475 3359 epularet
500 3273 535 3338 in
562 3272 657 3338 domo
682 3273 784 3359 ipsius
807 3273 973 3359 Hugonis⁸
995 3272 1235 3340 comminando·
1259 3285 1431 3362 pernocta·

325 3377 429 3443 batur.
487 3378 532 3441 Et
568 3377 611 3441 ad
646 3377 829 3462 proximum
864 3378 1099 3463 wapentaeium
1129 3379 1216 3465 quod
1244 3389 1317 3447 erat
1346 3381 1433 3448 infra

324 3482 540 3568 septimanam
555 3481 690 3547 eandem
705 3479 793 3567 apud
808 3481 988 3547 Calthorn'⁷
1003 3482 1096 3548 uenit
1111 3483 1229 3549 Anicia
1242 3493 1278 3550 et
1292 3509 1432 3552 renoua-

325 3585 376 3650 uit
397 3585 549 3651 saisinam
570 3584 631 3650 filii
652 3584 704 3651 sui
725 3593 760 3649 et
780 3594 903 3650 cartam
923 3607 1015 3650 suam
1034 3586 1156 3652 ibidem
1174 3587 1241 3675 legi
1262 3589 1434 3677 fecitque

324 3689 439 3754 audita
460 3689 628 3755 Johannes
656 3689 697 3753 de
728 3687 853 3754 Seuilla
881 3689 938 3776 qui
967 3711 1097 3775 presens
1125 3699 1196 3756 erat
1223 3692 1311 3758 dixit
1338 3695 1431 3760 illam

324 3793 447 3858 nullam
471 3815 541 3858 esse
564 3791 705 3877 quiade
732 3799 920 3857 tenemento
945 3792 1001 3857 illo
1024 3793 1114 3879 prius
1139 3795 1279 3860 feofatus
1306 3797 1371 3863 fuit
1394 3808 1433 3864 et

324 3907 446 3962 cartam
461 3897 538 3961 inde
552 3895 677 3974 habuit,
692 3903 741 3960 set
755 3897 880 3960 nullam
895 3895 1037 3962 ostendit
1056 3898 1133 3963 lieet
1152 3898 1184 3964 ei
1202 3899 1330 3966 dietum
1345 3917 1434 3969 esset

325 4027 346 4070 a
370 4002 492 4069 balliuo
517 4009 557 4066 ut
582 4001 610 4066 si
635 4023 732 4086 quam
755 4000 923 4067 habuisset
946 4001 1138 4069 ostenderet.
1181 4005 1236 4069 Ad
1261 4006 1324 4072 hoo
1346 4008 1436 4075 dixit

359 4239 483 4289 ¹Jnrors'
495 4253 585 4290 names
595 4238 712 4290 omitted
902 4239 1159 4294 sessionsstarmor.

359 4305 521 4367 ’Compro
933 4305 1041 4370 ⁸Hugh
1053 4306 1197 4359 tbeBeevs.

359 4369 481 4419 ³Names
492 4371 520 4418 oi
529 4369 604 4420 other
614 4373 720 4421 tenants
731 4369 850 4422 omitted.
933 4370 1239 4436 ‘Oomromedesdovt

358 4433 442 4484 ⁴Ths
457 4433 579 4499 plaintifl‚
596 4434 654 4487 who
673 4451 726 4486 war
744 4438 773 4486 in
793 4451 851 4500 pos·
934 4436 1123 4489 ⁷0owthorne.
