3167 5075
509 411 646 473 menne,
668 411 731 461 nn.
753 399 851 473 1224,
871 412 935 463 an
958 402 988 462 8.
1274 400 1295 461 3
1428 430 1432 440 ,

183 586 360 652 Peuncefot
387 584 474 672 quod
497 584 612 651 reddat
637 584 669 651 ei
693 585 735 671 xj.
760 584 816 652 lib.
837 606 919 671 qucs
940 586 972 651 ci
994 585 1093 651 debet
1116 593 1151 651 et
1172 585 1293 653 iniuste

182 691 309 757 detinet
324 690 411 757 unde
426 691 513 756 idem
529 690 629 777 Hugo
643 689 787 755 ostendit
802 690 890 776 qnod
904 689 1092 755 tradidit'ei
1111 691 1294 756 manerium

180 814 278 857 suum
300 792 340 857 de
363 792 474 858 Hcsel'
489 791 531 857 ad
552 792 678 857 firmam
700 791 742 857 cd
764 791 942 857 terminum
964 814 1020 857 sex
1041 814 1199 858 annorum
1220 792 1292 857 red-

180 896 287 963 dendo
301 919 359 984 per
373 919 495 961 annum
510 896 563 983 xij.
580 896 634 962 lib.
650 903 685 961 et
699 896 740 961 de
756 896 874 961 ultimo
888 918 973 961 anno
989 897 1022 961 ei
1035 904 1141 963 arctro
1155 905 1234 962 sunt
1247 898 1291 984 xj.

180 1000 234 1066 lib.
251 1008 285 1067 et
300 1000 376 1067 inde
391 1000 541 1087 producit
555 1008 677 1066 sectam
692 1000 917 1066 sufficientem.

246 1105 291 1170 Et
321 1103 478 1169 Ricardus
506 1125 566 1190 per
594 1112 798 1169 ettomatum
826 1126 923 1169 suum
952 1104 1046 1170 uenit
1075 1113 1111 1171 et
1143 1105 1290 1173 defendit

179 1217 293 1274 contra
314 1232 389 1275 eum
412 1218 447 1273 et
469 1217 580 1273 contra
601 1216 723 1273 sectam
743 1229 836 1273 suam
856 1208 943 1295 quod
962 1208 1064 1273 nichil
1079 1210 1111 1274 ei
1125 1209 1224 1276 dehet
1238 1218 1290 1276 set

178 1336 295 1379 reuera
314 1312 384 1399 ipse
406 1312 529 1399 recepit
550 1319 671 1376 terrem
692 1311 783 1399 illam
803 1312 846 1377 ad
865 1300 992 1377 firmam
1007 1313 1092 1379 sicut
1105 1314 1289 1400 predictum

178 1428 238 1497 cst,
252 1426 304 1483 set
318 1418 405 1483 idem
421 1418 520 1504 Hugo
534 1417 570 1481 in
585 1416 649 1481 fine
664 1415 711 1481 v²¹.
725 1416 804 1481 anni
818 1416 911 1481 uenit
925 1416 1003 1481 illuc
1021 1440 1096 1482 cum
1116 1439 1216 1483 uxore
1228 1426 1290 1483 sta

177 1530 213 1587 et
228 1522 325 1588 eiecit
340 1544 416 1587 eum
430 1521 471 1586 de
487 1528 574 1585 terra
587 1520 644 1585 illa
659 1542 717 1606 per
726 1520 752 1606 j.
767 1541 890 1583 annum
905 1527 982 1584 ante
1000 1520 1177 1586 terminum
1191 1544 1287 1586 suum

177 1627 377 1714 completum
392 1633 427 1691 ot
441 1626 579 1692 abstulit
595 1625 627 1690 ei
641 1624 768 1689 firmam
783 1631 818 1689 et
833 1623 976 1703 bladum,
990 1633 1025 1690 et
1041 1623 1174 1691 interim
1194 1625 1288 1691 uenit

179 1730 356 1817 Episcopus
370 1728 411 1795 de
427 1728 619 1795 Herefordia
638 1750 697 1815 per
715 1727 912 1814 peticionem
927 1728 1073 1794 eiusdem
1086 1730 1238 1817 Hugonis
1252 1738 1287 1794 et

177 1833 274 1900 eiecit
288 1856 364 1899 eum
378 1833 519 1899 secundo
533 1833 574 1899 de
589 1842 677 1897 tona
690 1832 748 1897 illa
765 1855 824 1919 per
843 1833 930 1920 qnod
949 1832 1163 1899 deterioratos
1182 1843 1232 1899 est
1252 1842 1288 1899 et

177 1937 355 2025 dampnum
371 1938 472 2004 habet
485 1936 527 2003 ed
541 1936 722 2002 ualenciam
737 1936 790 2022 xij.
807 1937 860 2002 lib.
877 1945 913 2001 et
927 1936 1003 2003 inde
1023 1939 1117 2024 ponit
1136 1962 1170 2004 se
1190 1960 1288 2025 super

178 2041 326 2127 petriam,
337 2049 388 2107 set
402 2041 485 2106 bene
501 2040 664 2127 cognoscit
678 2040 764 2127 quod
779 2042 807 2105 si
821 2040 988 2105 habuisset
1003 2041 1179 2106 terminum
1193 2042 1287 2107 illum
1364 2037 1367 2043 ’

177 2145 386 2231 completum,
400 2154 480 2209 tunc
494 2143 629 2210 deberet
643 2144 676 2209 ei
689 2145 731 2230 xj.
747 2144 803 2210 lib.
817 2144 859 2209 de
873 2145 1034 2233 areragiis

241 2248 286 2312 Et
302 2248 402 2336 Hugo
417 2247 564 2313 defendit
579 2248 665 2336 quod
680 2271 847 2335 nunquam
867 2246 965 2313 eiecit
983 2270 1059 2313 eum
1078 2248 1180 2313 immo
1197 2248 1286 2315 idem

177 2351 337 2417 Ricardus
368 2354 463 2439 plene
497 2353 615 2418 habuit
649 2353 828 2417 terminum
856 2376 962 2431 suum,
989 2353 1067 2439 quia
1094 2354 1138 2419 ad
1153 2355 1285 2425 'festum

175 2456 325 2523 Annunc.
338 2458 374 2523 B.
387 2458 489 2523 Marie
505 2458 651 2545 proximo
664 2465 828 2523 transacto
838 2456 943 2544 primo
954 2457 1062 2545 posuit
1074 2480 1108 2523 se
1119 2459 1154 2523 in
1164 2468 1286 2526 terram

174 2582 280 2640 suem,
303 2569 377 2648 post
407 2561 584 2626 terminum
605 2583 701 2626 sunm
727 2568 918 2626 contentum
942 2561 978 2626 in
1003 2562 1202 2648 cyrographo
1226 2583 1287 2626 nec

174 2663 301 2750 aliquid
321 2665 410 2752 cepit
431 2665 519 2730 intra
544 2663 721 2730 teiminum
746 2685 807 2728 nec
833 2663 967 2729 bladum
989 2685 1050 2729 nec
1074 2665 1202 2730 firmam
1226 2685 1286 2729 nec

175 2765 301 2853 aliquid
321 2765 357 2831 in
379 2766 502 2832 mundo
524 2774 559 2831 et
584 2767 644 2832 hoc
670 2767 765 2830 offert
788 2765 961 2831 defendere
987 2765 1072 2831 sicut
1097 2767 1187 2832 curia
1211 2790 1285 2832 con—

174 2867 368 2935 siderauerit
390 2878 426 2935 et
445 2870 532 2956 petit
553 2869 616 2935 sibi
637 2869 767 2935 allocari
788 2869 876 2957 quod
897 2869 1059 2956 cognoscit
1080 2869 1229 2936 debitum
1251 2879 1286 2936 et

174 2971 427 3038 conuencionem
450 2981 509 3038 etc
558 2973 676 3038 Postea
696 2972 820 3037 dedicit
841 2978 1026 3036 attomatus
1047 2971 1178 3037 Ricardi
1199 2972 1410 3058 quodhfflm

173 3097 241 3140 non
254 3075 437 3162 asportauit
451 3076 585 3142 bladum
599 3085 635 3141 ct
648 3075 749 3141 nichil
769 3084 896 3141 certum
915 3075 996 3141 dicit
1014 3085 1175 3162 quantum
1194 3078 1287 3143 firme

172 3177 277 3268 Hugo
306 3180 394 3267 cepit
423 3203 483 3246 nec
512 3190 613 3248 testes
642 3181 694 3246 sui
724 3181 849 3267 ahquid
877 3180 954 3246 inde
982 3182 1098 3248 sciunt.
1144 3183 1188 3248 Et
1213 3183 1287 3249 ideo

175 3284 416 3351 consideratum
439 3294 490 3352 est
511 3285 598 3374 quod
620 3287 720 3374 Hugo
739 3285 945 3373 recuperauit
965 3285 1114 3351 debitum
1133 3309 1229 3352 snum
1244 3287 1286 3373 xj.

174 3387 239 3465 lib.¹
255 3396 290 3454 et
306 3389 464 3456 Ricardus
477 3391 513 3455 in
527 3390 744 3456 misericordia
758 3399 819 3457 etc.

123 3551 130 3566 ,
241 3493 383 3559 Thomas
403 3494 445 3560 de
466 3494 638 3583 Scootegni
657 3495 744 3582 petit
764 3518 879 3562 uersus
900 3496 1067 3561 Jollanum
1088 3495 1130 3561 de
1152 3494 1286 3560 Neuilla
1368 3513 1401 3542 Μ·

175 3616 274 3682 quem
294 3596 410 3662 Simon
431 3596 472 3662 de
494 3597 628 3684 Chancy
648 3598 781 3663 uocauit
802 3597 845 3663 ad
867 3605 1047 3663 warantum
1069 3606 1104 3662 et
1125 3594 1208 3661 Alic'
1231 3593 1284 3661 ux'

175 3698 247 3765 eius
266 3707 302 3765 st
322 3701 380 3787 qui
400 3701 447 3766 eis
466 3701 538 3766 wad
544 3701 554 3735 ¹
574 3701 654 3788 xiiij.
669 3701 778 3768 bouet
794 3710 880 3767 terre
902 3724 976 3768 cum
998 3710 1079 3789 port.
1094 3701 1129 3768 in
1147 3701 1286 3790 Waleby

175 3809 215 3866 ut
234 3800 286 3866 ius
306 3825 412 3880 suum,
427 3802 515 3868 unde
537 3803 684 3890 Rogcms
706 3803 793 3869 filius
815 3803 966 3869 Fulconis
984 3801 989 3892 Ι
1009 3804 1073 3869 fuit
1094 3802 1229 3870 seisitus'
1246 3813 1285 3870 ut

174 3904 216 3972 de
230 3906 324 3972 feodo
338 3915 373 3973 et
388 3907 458 3973 iure
473 3916 619 3996 tempore
634 3909 734 3997 Regis
748 3909 881 3976 Ricardi
895 3909 1051 3996 capiendo
1065 3909 1142 3975 inde
1154 3911 1287 3997 expleta
1332 3977 1338 3984 ,

176 4009 218 4075 ad
246 4010 428 4076 ualenciam
457 4019 518 4077 etc.
549 4019 584 4076 ct
613 4011 655 4077 de
683 4011 753 4099 ipso
788 4013 917 4100 Rogero
953 4012 1120 4079 descendit
1156 4015 1284 4079 cuidam

177 4112 342 4179 Willelmo
357 4113 495 4180 filiosuo
510 4115 600 4180 etde
615 4115 685 4202 ipso
701 4115 865 4182 Willelmo
879 4117 955 4182 huic
972 4118 1094 4183 Thome
1109 4126 1149 4183 ut
1162 4117 1229 4183 filio
1250 4127 1285 4184 ct

178 4217 288 4286 heredi
308 4241 369 4284 suo
391 4227 426 4284 et
451 4219 510 4285 ubi
531 4243 596 4285 non
622 4221 722 4288 habet
743 4221 924 4309 ingressum
947 4223 1011 4287 nisi
1035 4245 1094 4311 per
1118 4224 1285 4290 Jollanum

179 4331 303 4407 patrem
326 4345 421 4388 suum
434 4323 494 4389 ⁴cui
513 4325 626 4412 Agnes
645 4325 809 4413 quondam
829 4348 910 4391 uxor
928 4326 1066 4413 predicti
1085 4327 1206 4414 Rogeri
1225 4326 1285 4392 filii

228 4451 237 4484 ¹
255 4450 326 4502 Alica
338 4465 421 4502 seems
432 4451 489 4502 wife
501 4453 530 4504 ct
540 4452 640 4505 Simon.
674 4453 748 4518 They
759 4469 789 4506 cs
800 4457 906 4506 tencms
916 4455 983 4506 hsvs
994 4454 1111 4506 vonohsd
1121 4455 1217 4508 Jollcn.

1112 4556 1196 4616 1-2
