3167 5075
319 370 361 432 14
633 381 772 442 ruerus,
794 380 860 431 nn.
884 368 978 443 1224,
1000 380 1063 431 aa
1086 369 1116 430 8.

312 577 387 620 curn
409 554 528 640 quibus
550 552 735 618 hominibus
750 552 872 617 debent
894 553 1007 618 uenire
1029 554 1072 619 ad
1094 553 1284 621 conuiuium
1309 554 1425 621 dicunt

313 657 399 745 quod
428 680 502 723 cum
533 664 604 722 tota
631 656 761 742 propria
791 656 915 721 familia
942 680 1011 723 sua.
1064 657 1163 726 Unde
1192 657 1307 723 dicunt
1336 658 1425 744 quod

311 762 454 828 Jacobus
468 761 567 827 debet
582 761 795 826 medietatem
810 762 956 826 omnium
971 762 1101 827 illarum
1116 762 1398 828 consuetudinum

381 865 629 933 consideratum
645 864 798 950 estquod
813 863 927 929 Simon
942 865 1149 950 recuperauit
1165 864 1317 931 seisinam
1331 888 1425 931 suam

312 971 353 1036 de
368 970 524 1057 predictis
546 969 692 1035 seruiciis
714 968 934 1055 predictorum
956 968 1162 1038 denariorum
1183 977 1218 1035 et
1240 969 1281 1035 de
1303 970 1425 1035 medie-

314 1082 383 1139 tate
406 1074 551 1139 omniurn
574 1073 710 1139 aliorum
732 1072 943 1139 seruiciorum
966 1072 1029 1137 sibi
1051 1080 1086 1139 et
1107 1073 1282 1139 heredibus
1304 1074 1425 1138 suiset
1469 1132 1476 1147 ,

312 1180 455 1246 Jacobus
477 1180 512 1245 in
535 1179 762 1257 misericordia,
777 1178 856 1267 quia
876 1178 981 1264 primo
1003 1177 1102 1263 petiit
1124 1185 1233 1242 totum
1248 1178 1425 1243 seruicinm

312 1282 496 1369 predictum
518 1304 632 1347 uersus
652 1282 836 1368 predictum
851 1280 1013 1346 Jacobnm
1027 1289 1062 1345 et
1077 1302 1191 1346 uersus
1204 1279 1424 1345 Annselinnm

313 1387 447 1451 fratrem
463 1408 568 1463 suum,
583 1392 617 1450 et
633 1384 719 1472 quod
734 1384 823 1451 idern
837 1384 861 1449 J
861 1383 980 1450 acobus
994 1383 1092 1449 faciat
1108 1384 1139 1449 ei
1149 1384 1312 1471 reregium
1326 1407 1425 1449 suum

313 1487 354 1553 de
369 1486 523 1574 predictis
538 1485 682 1551 seruiciis
698 1486 844 1572 exceptis
858 1484 1000 1550 denariis
1014 1484 1055 1549 de
1076 1484 1196 1571 quibus
1211 1486 1242 1550 ei
1257 1485 1425 1551 satisfecit.

313 1593 358 1657 Et
379 1592 545 1658 sciendum
568 1590 655 1677 quod
677 1590 836 1677 placitum
858 1590 981 1676 incepit
1002 1589 1045 1676 xj.
1067 1589 1162 1655 annis
1184 1590 1357 1657 transactis
1381 1590 1424 1657 de

313 1697 432 1783 quibus
460 1696 547 1783 petit
576 1695 746 1781 reregium.
808 1694 852 1758 Et
880 1702 996 1779 postea
1023 1692 1218 1779 perdonauit
1247 1694 1279 1759 ei
1308 1694 1424 1761 Simon

313 1808 420 1865 totum
435 1800 598 1887 retugium
613 1820 717 1884 usqne
732 1798 774 1863 ad
789 1797 912 1885 uiginti
925 1796 980 1863 sol.
995 1805 1067 1875 etc,
1081 1805 1117 1861 et
1130 1797 1310 1865 uicecomes
1324 1796 1425 1865 faciat

313 1904 345 1969 ei
360 1903 479 1969 habere
494 1927 546 1969 xx.
561 1904 617 1969 sol.

377 2007 422 2071 Et
432 2006 599 2071 sciendum
611 2015 661 2072 est
675 2005 761 2093 quod
775 2006 817 2072 de
829 2005 993 2071 claustura
1002 2005 1027 2092 j
1037 2006 1148 2071 fossati
1157 2006 1245 2071 unde
1255 2006 1424 2072 contencio

312 2110 376 2176 luit
390 2110 477 2175 inter
487 2109 627 2176 eundem
640 2110 807 2177 Simonem
818 2118 853 2176 et
863 2110 1046 2196 predictum
1057 2110 1081 2175 J
1081 2110 1217 2175 acobnm
1228 2110 1302 2197 quis
1310 2134 1423 2177 eornm

311 2238 388 2281 euru
404 2214 553 2281 claudere
562 2215 687 2292 debuit,
698 2238 756 2301 per
770 2214 1010 2301 responsionem
1024 2222 1059 2279 et
1074 2214 1293 2300 cognicionem
1307 2216 1425 2284 Jacobi

312 2318 552 2384 consideratum
567 2327 618 2383 est
633 2319 719 2404 quod
733 2319 757 2384 J
758 2319 878 2384 acobus
892 2317 974 2383 illud
989 2318 1139 2383 claudere
1154 2319 1280 2386 debeat

380 2422 526 2487 Gnnulla
538 2444 602 2507 que
617 2422 682 2485 fuit
697 2444 777 2485 uxor
786 2420 898 2485 Atti-‘¹
913 2421 1014 2485 Baret
1028 2421 1115 2506 petit
1131 2444 1242 2488 uersus
1255 2424 1423 2493 Abbatcm

217 2541 263 2571 ⁸²¹⁶·
313 2526 354 2592 de
377 2525 573 2613 Kingeswde
596 2525 730 2591 terciam
754 2533 882 2611 partem
904 2524 991 2611 xviij.
1007 2548 1069 2591 acr.
1086 2534 1170 2592 terre
1193 2551 1268 2592 cnm
1290 2537 1371 2616 pert
1387 2529 1425 2596 in

187 3981 266 4034 [rus]

191 4053 266 4116 962.

191 4152 261 4192 lintel-

312 2631 514 2697 Gulkertona
528 2637 567 2695 nt
581 2628 693 2694 dotem
708 2651 801 2694 suam
816 2637 877 2694 etc

378 2735 423 2799 Et
436 2733 549 2800 Abbas
563 2753 621 2818 per
634 2740 838 2798 attornatum
849 2755 946 2797 snum
961 2733 1092 2798 uocauit
1101 2733 1178 2800 inde
1189 2734 1232 2800 ad
1241 2745 1424 2802 warantum

313 2840 477 2926 Rogemm
487 2838 586 2902 Baret
597 2835 702 2902 filium
711 2844 746 2902 et
757 2836 909 2902 heredem
921 2837 1059 2923 predicti
1070 2838 1207 2905 Aluredi
1221 2841 1279 2926 qui
1291 2863 1425 2927 presens

313 2951 364 3008 est
378 2964 438 3029 per
452 2941 740 3008 summonicionem
755 2951 816 3007 etc.
831 2949 866 3006 et
885 2941 969 3007 bene
992 2943 1155 3030 cognoscit
1175 2944 1263 3031 quod
1277 2946 1426 3032 predicta

314 3045 458 3112 Gunilda
471 3045 535 3109 luit
549 3043 626 3109 inde'
641 3043 762 3122 dotata,
770 3052 822 3110 set
832 3067 897 3109 non
908 3043 1043 3110 uidetur
1056 3045 1087 3110 ei
1102 3047 1189 3132 quod
1203 3048 1324 3114 donum
1340 3050 1425 3118 illud

311 3150 431 3216 debeat
443 3149 549 3214 eidem
559 3147 684 3214 Abbati
699 3148 907 3214 warantizare
917 3149 996 3234 quia
1005 3157 1100 3234 pater
1109 3173 1188 3216 suus
1199 3153 1308 3220 tenuit
1317 3162 1425 3221 totam

312 3263 432 3320 terram
459 3253 500 3319 de
526 3251 638 3318 eodem
662 3252 793 3318 Abbete
817 3260 852 3318 et
877 3253 946 3339 ipse
970 3261 1063 3318 tenet
1086 3253 1127 3318 de
1151 3255 1265 3322 eodem
1290 3258 1425 3325 Abbate

313 3357 468 3446 quioquid
483 3356 592 3435 habet,
602 3365 637 3421 et
648 3356 721 3422 ideo
733 3356 819 3442 petit
828 3356 1022 3422 iudicinmsi
1033 3357 1152 3424 debeat
1164 3360 1195 3424 ei
1206 3362 1423 3431 warentizare

314 3463 358 3528 Et
379 3463 492 3528 Abbas
513 3460 594 3526 dicit
615 3460 703 3547 quod
726 3468 818 3526 tenet
839 3461 946 3526 adhuc
968 3485 1042 3529 xxx.
1056 3485 1117 3528 scr.
1134 3472 1218 3530 terre
1240 3467 1282 3532 de
1303 3469 1425 3555 quibus

312 3569 513 3634 sufficienter
534 3574 643 3652 potest
665 3567 769 3632 facere
794 3565 976 3631 seruicium
1023 3567 1067 3632 Et
1092 3567 1240 3654 Rogerus
1263 3571 1325 3637 hoc
1347 3595 1425 3660 cog-

313 3673 427 3750 noscit,
439 3681 474 3738 et
488 3693 553 3737 non
568 3669 690 3736 dedicit
706 3675 828 3734 cartam
842 3668 945 3755 patris
958 3669 1019 3735 sui.
1049 3671 1093 3734 Et
1101 3670 1174 3736 ideo
1183 3673 1424 3741 consideratum

313 3786 365 3843 est
401 3777 487 3864 quod
518 3776 665 3861 Rogems
694 3773 792 3838 faciat
822 3772 929 3838 eidem
964 3773 1107 3839 Gunulle
1144 3778 1344 3844 escambium
1380 3780 1425 3846 ad

313 3880 496 3947 seleucim
510 3877 654 3965 predicte
669 3876 769 3942 tercie
784 3877 895 3963 partis,
906 3884 941 3941 et
952 3876 1065 3943 Abbas
1079 3878 1155 3944 inde
1170 3881 1302 3965 quietus
1317 3890 1378 3949 etc
1398 3882 1406 3970 1

379 3985 543 4050 Robertus
567 3981 713 4066 Scriptor
736 3987 772 4045 et
795 3981 904 4064 plures
930 3980 986 4045 alii
1011 3981 1202 4047 summoniti
1224 3984 1358 4049 bierunt
1381 3985 1426 4052 ad

313 4085 573 4176 respondendum
595 4083 719 4148 Abbati
742 4083 774 4148 S.
791 4082 923 4172 Georgii
944 4084 985 4149 de
1007 4085 1244 4152 Baskerenilla¹
1265 4109 1330 4175 qno
1352 4089 1426 4154 iure

346 4261 444 4341 ¹Corr.
459 4289 573 4338 aluredi.
681 4329 682 4334 ,
890 4284 1238 4351 hsdscellstEdyweston
1252 4287 1423 4340 inRutlan'd.

345 4357 356 4388 ¹
372 4353 533 4406 Boohcrdlle
554 4365 618 4402 near
639 4351 739 4402 Bonan
768 4350 837 4402 Gall.
892 4351 1006 4402 Monnst.
1017 4352 1068 4404 rol.
1080 4355 1105 4412 6,
1116 4368 1141 4415 p.
1158 4355 1232 4406 loon.

314 4421 411 4472 Christ.
422 4420 473 4471 vol.
487 4419 526 4478 11,
538 4417 587 4468 col.
599 4417 655 4468 267.
684 4415 748 4466 This
759 4415 840 4466 house
