3167 5075
216 391 306 442 uren
328 391 371 440 or
394 389 595 441 rurnsnonn
617 392 655 440 m
679 391 780 451 uror,
801 391 868 440 nn.
892 374 986 452 1227,
1007 389 1072 442 un
1096 377 1144 438 11.
1192 375 1253 439 191

146 565 224 632 uillc
239 567 442 653 presentnuit
456 565 596 631 eundem
612 566 746 630 Petrum
762 565 804 630 ud
819 565 956 630 condem
971 564 1106 629 terciam
1120 572 1256 650 purtem,

147 679 180 734 et
194 671 280 756 petit
295 669 447 734 scisinom
462 689 556 734 sunm
571 676 629 733 etc.
652 665 657 754 Ι

211 774 256 838 Et
270 773 454 839 Willelmus
468 773 548 838 dicit
564 772 651 858 quod
665 770 838 836 cduocecio
852 771 910 835 illa
924 779 974 836 cet
989 771 1042 836 ius
1061 793 1157 836 suum
1179 768 1258 856 quin
1315 793 1374 845 [nor

145 877 326 968 Herinerus
346 899 429 941 auus
452 895 530 941 suus
553 875 754 962 presentauit
772 874 956 960 predictum
975 875 1118 951 Petrum,
1140 881 1175 938 et
1197 873 1258 938 hoc

145 981 240 1046 offert
255 981 398 1067 probare,
414 988 448 1045 et
464 979 544 1044 dicit
564 979 650 1065 quod
672 978 845 1044 aduocucio
866 979 1011 1066 predicte
1034 979 1133 1044 tercie
1155 977 1258 1064 partie

145 1087 289 1172 pertinet
304 1085 346 1151 od
362 1084 492 1150 feodum
508 1106 604 1150 suum
620 1083 706 1170 quod
721 1083 791 1169 ipse
806 1091 900 1148 tenet
913 1084 954 1148 de
970 1083 1002 1149 S.
1019 1083 1198 1148 Edmundo.

210 1189 289 1254 Post
313 1188 453 1252 ueniunt
479 1187 574 1252 umbo
601 1195 635 1252 et
661 1193 788 1273 ponunt
817 1209 852 1251 ee
881 1187 917 1250 in
945 1207 1098 1272 magnum
1124 1186 1257 1251 moinum

144 1293 239 1357 Dom.
256 1293 356 1379 Regis
370 1301 405 1357 et
420 1300 539 1378 petunt
553 1291 809 1378 recognicionem
830 1291 901 1357 fieri
922 1291 996 1377 quis
1019 1313 1130 1356 eorum
1152 1290 1258 1355 maius

143 1397 195 1462 ius
209 1397 332 1462 habeat
346 1397 453 1462 inille
467 1397 687 1462 aduocatione.
726 1396 806 1461 Dies
821 1396 919 1462 datus
933 1405 984 1462 est
999 1397 1046 1462 eie
1061 1396 1097 1460 in
1111 1397 1257 1462 aduentu

143 1499 398 1565 iusticioriorum
414 1507 474 1564 etc.

40 1601 109 1670 .763.
210 1602 436 1668 Herkcnbaud
450 1603 491 1667 de
507 1602 780 1667 Hcrchieceeham
795 1611 911 1688 captus
922 1625 979 1689 pro
992 1602 1160 1667 latrocinio
1170 1602 1259 1688 opud
1335 1625 1361 1655 ω

144 1707 275 1772 Roffam
301 1718 335 1772 et
361 1707 448 1771 unde
473 1715 633 1772 testatum
658 1709 818 1793 estquod
843 1715 913 1772 erat
935 1708 1088 1794 probator
1109 1707 1202 1772 uenit
1224 1716 1260 1772 et

143 1809 293 1874 defendit
315 1816 423 1874 totum
446 1817 480 1874 et
502 1809 588 1894 quod
604 1831 771 1895 nunquam
787 1809 940 1896 cognouit
955 1807 1169 1874 latrocinium.
1214 1808 1260 1872 Et

142 1911 326 1977 uicecomes
339 1932 399 1997 per
412 1911 538 1976 litteras
552 1934 627 1976 euos
642 1912 814 1976 mandauit
828 1913 914 1997 quod
929 1934 1037 1977 coram
1053 1934 1091 1976 eo
1106 1912 1259 1998 cognouit

142 2016 352 2082 latrocinium
375 2023 409 2080 et
431 2014 529 2080 multi
551 2015 607 2080 olii
630 2015 690 2080 hoc
712 2015 800 2081 idem
822 2025 995 2082 testantur.
1040 2017 1084 2080 Et
1102 2016 1175 2081 ideo
1189 2039 1258 2081 sus·

141 2120 318 2206 pendatur,
341 2127 376 2185 et
401 2119 548 2184 homines
571 2141 651 2205 quos
676 2119 745 2206 ipse
769 2119 949 2206 appellauit
974 2118 1042 2185 nint
1064 2120 1126 2184 sub
1150 2120 1258 2208 plegio

142 2231 205 2287 etc

141 2478 205 2545 DE
232 2475 426 2561 ITINERE
455 2477 500 2543 M.
530 2474 592 2541 DE
614 2475 945 2544 PATTESHULLA
965 2475 1098 2544 ANNO
1122 2477 1257 2545 REGIS

231 2580 432 2648 HENRIGI
461 2582 573 2647 FILII
602 2580 738 2648 REGIS
766 2582 1006 2649 IOHANNIS
1036 2582 1256 2650 X1¹000n

235 2686 440 2754 KANGIEt

40 2868 107 2939 764.
208 2864 386 2929 'Ricardus
416 2863 502 2929 filius
532 2862 632 2951 ch'³
662 2871 696 2927 et
726 2862 848 2947 Roysiu
877 2884 959 2927 uxor
987 2862 1058 2928 cius
1086 2864 1256 2949 pecierunt

141 2991 260 3034 uersus
289 2968 470 3033 Robertum
498 2966 604 3031 filium
635 2966 774 3030 Wolteri
805 2964 859 3051 vij.
888 2988 978 3031 acrae
1007 2990 1081 3031 cum
1110 2976 1191 3054 pert.
1221 2967 1257 3031 in

142 3074 269 3137 Lesnee
294 3078 333 3135 ut
359 3070 412 3135 ius
437 3070 540 3156 ipsius
563 3068 691 3156 Roysie,
713 3069 801 3133 unde
824 3070 945 3155 Roysia
966 3070 1007 3136 de
1030 3072 1160 3137 Douera
1181 3072 1258 3136 auin

141 3174 248 3261 ipsius
262 3174 383 3259 Roysie
398 3173 461 3238 fuit
476 3172 587 3238 scisita
601 3182 641 3238 ut
660 3173 701 3238 de
722 3172 815 3238 feodo
840 3182 985 3260 tempore
1005 3174 1105 3261 Regis
1126 3176 1256 3241 Ricardi

142 3278 303 3365 capiendo
317 3276 394 3342 iude
409 3285 479 3353 eto,
494 3284 528 3341 et
543 3277 584 3342 de
604 3276 752 3363 predicta
771 3276 893 3363 Roysia
912 3276 1078 3342 descendit
1100 3278 1151 3342 ine
1171 3288 1255 3344 terre

142 3384 232 3449 illius
248 3383 393 3447 Roberto
408 3381 449 3446 de
464 3381 596 3446 Douera
609 3397 649 3448 ut
664 3380 731 3445 filio
746 3389 781 3447 et
796 3379 910 3447 heredi
925 3389 994 3459 etc,
1009 3381 1099 3446 etde
1114 3382 1256 3447 Roberto

142 3488 221 3553 huic
237 3494 299 3551 cto.

209 3590 307 3655 Idem
337 3586 496 3653 Rieurdus
525 3596 559 3653 et
589 3586 710 3675 Ropsia
738 3596 858 3675 petunt
883 3612 996 3655 uerene
1017 3589 1192 3655 Ricardum
1215 3590 1256 3656 dc

144 3694 261 3759 Monte
277 3690 406 3756 Ficheti
419 3698 547 3755 tontum
562 3699 683 3756 terrum
704 3713 778 3755 cum
799 3699 880 3776 pert.
903 3699 961 3756 etc
983 3691 1020 3755 in
1042 3691 1156 3758 eedem
1177 3692 1257 3758 uillu

143 3820 203 3883 per
227 3796 343 3861 eadem
365 3794 467 3859 uerba
489 3803 524 3859 et
546 3794 586 3860 de
610 3796 723 3860 eodem
747 3802 904 3880 tempore,
925 3803 960 3859 ct
981 3818 1095 3864 uorsus
1117 3799 1256 3863 eundem

144 3898 341 3966 Ricardum⁴
369 3907 429 3963 etc.
453 3898 540 3963 unde
565 3898 705 3964 intrauit
726 3898 762 3965 in
784 3907 966 3967 parantum
988 3921 1101 3966 uersus
1124 3924 1177 3967 cos
1198 3925 1257 3989 pro

144 4002 288 4069 Redulfo
302 4001 344 4066 do
359 4000 473 4066 Monte
488 4000 617 4066 Ficheti
632 4010 692 4068 etc.

177 4136 260 4186 ¹For
277 4135 333 4185 thie
355 4150 414 4199 cyre
437 4135 586 4186 n=conm
608 4136 676 4198 Rege
758 4136 866 4191 'Lm
880 4139 905 4190 2.

145 4202 205 4253 nou
233 4200 282 4253 No.
310 4202 351 4252 28.
386 4202 412 4251 It
436 4216 519 4251 seems
546 4202 605 4252 thot
632 4202 677 4252 the
759 4202 840 4261 ’sic
856 4204 892 4261 Ar
918 4202 963 4254 the
985 4205 1061 4256 ncucl
1082 4206 1257 4260 abbreviation

146 4268 250 4319 aanor
265 4281 318 4317 wne
333 4266 395 4317 held
417 4270 445 4316 ut
464 4266 625 4331 Gnnterbury
641 4284 677 4318 on
727 4272 775 4319 not
787 4269 816 4317 ol
824 4270 963 4332 Reptucldr'
974 4270 1022 4320 bnt
1034 4272 1063 4321 ol
1071 4274 1157 4335 Repu.

147 4333 193 4383 the
209 4347 322 4383 morrow
339 4332 381 4397 (15
395 4332 476 4396 Sept.)
493 4332 521 4381 ol
538 4332 583 4383 the
599 4332 676 4383 Exul·
754 4332 860 4447 fflsty
884 4339 935 4385 two
961 4350 1033 4385 coreo
1059 4336 1088 4387 in
1114 4336 1159 4388 the
1187 4354 1259 4389 eume

147 4398 243 4448 tution.
728 4397 782 4447 vi.
821 4434 828 4447 .
982 4440 985 4443 ,
