3167 5075
438 428 590 488 ιιιιιιιιι,
614 428 678 477 ιιι).
703 415 796 490 1224,
818 428 881 478 aa.
905 419 934 481 8.
1195 422 1238 483 49

141 603 290 689 ydoneam
319 624 488 690 personam
514 602 556 667 ad
586 602 752 668 ecclesiam
776 603 817 668 de
842 604 948 669 Parua
971 601 1161 673 Fransham‘
1175 630 1237 693 que

142 716 229 774 uacat
257 716 316 773 etc.
345 717 379 771 et
404 707 445 772 ad
475 705 683 772 donacionem
714 706 859 773 eiusdem
889 708 1019 774 Radulfi
1044 719 1171 795 spectat
1199 721 1239 775 ut

139 808 213 874 dicit
226 820 284 875 etc

198 913 240 977 Et
256 913 369 979 Simon
384 912 478 978 uenit
493 922 527 977 et
541 913 622 977 dicit
637 911 724 999 quod
739 912 840 978 nichil
855 913 974 978 clamat
983 914 1019 979 in
1031 914 1089 980 illa
1101 916 1238 981 aduoca-

138 1018 222 1083 cione
246 1040 305 1083 nec
328 1018 363 1083 in
384 1018 624 1103 presentacione
644 1026 695 1082 set
716 1016 786 1103 ipse
810 1026 861 1082 est
884 1040 1020 1103 persona
1042 1020 1174 1086 ecclesie
1196 1020 1238 1085 de

138 1118 254 1205 Magna
282 1120 463 1185 Franeham
492 1118 535 1185 ad
564 1141 664 1205 quam
694 1119 820 1206 capella
848 1119 889 1185 de
924 1121 1030 1187 Parua
1059 1123 1239 1187 Fransham

136 1224 273 1309 pertinet
288 1234 323 1289 et
338 1224 439 1289 nichil
453 1224 573 1289 clamat
592 1224 656 1290 nisi
675 1234 714 1290 ut
736 1246 874 1313 persona
894 1226 1051 1311 capellam
1073 1226 1239 1312 pertinen-

137 1338 200 1394 tem
221 1329 263 1397 ad
287 1329 456 1395 ecclesiam
479 1351 571 1395 suam
595 1329 631 1395 in
655 1351 720 1415 qua
741 1338 792 1395 est
814 1330 996 1408 institutus,
1020 1339 1055 1395 et
1075 1329 1149 1395 ideo
1174 1354 1239 1395 non

135 1432 262 1499 uidetur
276 1434 309 1499 ei
324 1433 410 1521 quod
425 1433 544 1499 debeat
558 1434 634 1499 inde
650 1433 756 1499 eidem
772 1434 912 1499 Radulfo
926 1434 1126 1520 respondere.

196 1538 239 1603 Et
253 1532 416 1603 Radulfus
435 1560 494 1624 per
512 1546 714 1603 attomatum
729 1560 825 1603 suum
840 1538 920 1604 dicit
935 1539 1021 1625 quod
1036 1540 1170 1605 ecclesia
1183 1541 1241 1606 illa

134 1650 182 1707 eat
195 1643 331 1709 ecclesia
345 1651 380 1708 et
395 1664 460 1708 non
475 1642 600 1729 capella
613 1652 648 1708 et
663 1644 810 1730 Rogerus
824 1652 919 1729 pater
937 1666 1016 1708 suus
1035 1646 1240 1730 presentauit

136 1744 282 1811 ultimam
307 1768 477 1832 personam
503 1745 569 1811 scil.
593 1746 759 1811 Simonem
785 1745 826 1810 de
850 1745 1018 1812 Fumeaus
1043 1748 1100 1833 qui
1123 1748 1240 1812 ultimo

133 1850 211 1916 obiit
231 1851 364 1917 saisitus
383 1860 444 1917 etc.
461 1858 495 1917 et
514 1850 591 1916 inde
613 1850 706 1937 ponit
727 1872 762 1916 se
784 1872 883 1936 super
905 1851 1046 1937 patriam
1068 1852 1123 1917 uel
1145 1853 1257 1917 offert·

133 1953 343 2021 dinacionare
358 1956 386 2020 si
402 1954 491 2021 curia
512 1955 772 2030 consideraueiit
787 1963 823 2019 et
837 1955 924 2041 quod
938 1955 1005 2020 tale
1019 1955 1062 2020 sit
1077 1956 1129 2020 ius
1142 1978 1238 2021 suum

133 2065 166 2121 et
179 2057 264 2143 quod
279 2058 429 2143 Rogerus
443 2064 538 2144 pater
556 2078 634 2122 suus
653 2056 702 2121 ita
724 2056 787 2121 luit
810 2055 940 2121 seiaitus
961 2055 1002 2120 de
1024 2056 1082 2120 illa
1103 2056 1240 2122 aduoca-

133 2161 218 2226 cione
233 2169 268 2227 et
284 2161 372 2247 quod
388 2160 502 2227 Simon
515 2161 565 2225 ita
579 2161 642 2225 fuit
663 2159 822 2225 missus
837 2169 896 2225 etc.
912 2160 1007 2226 offert
1026 2160 1238 2227 disracionare

131 2286 187 2349 per
202 2287 320 2351 corpus
341 2264 510 2330 cuiusdam
526 2264 619 2329 liberi
640 2264 781 2330 hominis
794 2265 847 2330 sui
862 2264 993 2331 Ricardi
1007 2265 1064 2351 qui
1079 2265 1139 2331 hoc
1154 2266 1239 2332 uidit

132 2376 198 2448 etc,
212 2378 247 2435 et
262 2369 347 2435 dicit
369 2369 455 2457 quod
477 2392 542 2435 non
564 2377 615 2435 est
636 2370 760 2455 capella
781 2370 882 2435 immo
904 2370 1023 2435 matrix
1047 2372 1182 2437 ecclesia
1202 2380 1239 2437 et

132 2470 227 2539 habet
241 2472 443 2540 cimiterium
458 2480 493 2540 et
508 2472 736 2560 baptisterium
753 2479 787 2538 et
802 2472 957 2560 quicquid
970 2473 1090 2539 matrix
1105 2474 1240 2540 ecclesia

132 2575 247 2643 habere
262 2578 373 2644 debet.
417 2577 462 2642 Et
477 2577 589 2643 Simon
605 2577 689 2643 sicut
704 2577 794 2665 prius
808 2577 889 2644 dicit
903 2578 990 2665 quod
1004 2579 1105 2644 nichil
1119 2580 1239 2645 clamat

130 2680 163 2744 in
176 2681 393 2746 aduocacione
405 2703 465 2746 nec
479 2679 514 2745 in
529 2680 771 2766 presentecione
786 2688 836 2746 set
847 2689 887 2746 ut
901 2681 1035 2747 clericus
1048 2683 1134 2768 petit
1148 2681 1238 2748 illam

129 2791 166 2848 ut
186 2784 348 2870 capellam
371 2783 590 2868 pertinentem
613 2783 656 2848 ad
679 2783 847 2849 ecclesiam
869 2805 961 2848 suam
984 2793 1043 2851 etc.
1059 2792 1095 2851 et
1113 2785 1239 2851 desicut
1359 2801 1362 2804 ’

128 2887 194 2973 ipse
208 2887 358 2975 loquitur
372 2887 412 2953 de
426 2887 498 2952 iure
512 2887 577 2953 scil.
590 2887 630 2953 de
646 2887 860 2954 aduocacione
875 2888 909 2952 in
924 2909 990 2975 qua
1004 2889 1106 2955 nichil
1120 2890 1241 2955 clamat

129 2990 212 3076 petit
237 2991 319 3058 inde
343 2991 508 3056 iudicium.
554 2991 598 3058 Et
622 2992 781 3058 Radulfus
807 2992 965 3059 similiter.
1011 2995 1055 3058 Et
1079 2993 1240 3060 Radullus

129 3092 206 3160 dicit
227 3093 319 3181 quod
342 3101 436 3180 pater
458 3113 537 3159 suus
559 3095 762 3180 presentauit
784 3094 967 3181 predictum
992 3096 1159 3162 Simonem
1183 3097 1240 3184 qui

129 3197 243 3264 ultimo
258 3197 344 3264 obiit
358 3220 495 3285 persona
508 3206 543 3264 et
557 3198 634 3264 inde
647 3198 741 3284 ponit
756 3221 790 3264 se
806 3221 903 3286 super
916 3200 1065 3286 patriam.
1109 3201 1152 3266 Et
1166 3201 1240 3266 ideo

130 3301 368 3368 consideratum
383 3309 433 3368 est
454 3301 541 3389 quod
562 3301 662 3367 assisa
682 3311 929 3368 summoneatur
948 3303 991 3368 ad
1012 3325 1238 3392 recognoscen-

130 3403 204 3470 dum
220 3405 298 3492 quis
311 3404 489 3470 aduncatus
504 3403 589 3492 etcl
1224 3478 1227 3484 ,

19 3515 96 3586 1007.
192 3509 319 3576 Idonea
340 3531 404 3595 que
425 3509 490 3574 ruit
512 3530 594 3574 uxor
614 3509 755 3575 Simonis
773 3509 815 3575 de
829 3508 1009 3576 Waledena
1022 3531 1081 3597 per
1093 3518 1237 3578 attorna-

131 3621 198 3680 tum
213 3637 313 3682 suum
329 3615 415 3701 petit
428 3637 542 3680 uersus
561 3613 782 3680 Alexandrum
805 3615 911 3680 filium
932 3614 1083 3681 Audoeni
1104 3615 1237 3682 terciam

131 3725 254 3803 partem
279 3719 366 3784 feodi
388 3719 413 3804 j.
439 3717 555 3784 militis
578 3741 653 3784 cum
678 3726 758 3804 pert
783 3719 819 3784 in
843 3719 1022 3786 Waledena
1048 3728 1082 3785 et
1103 3721 1237 3788 terciam

130 3831 255 3906 partem
285 3823 328 3888 xl.
358 3845 419 3888 acr.
450 3829 535 3886 terre
565 3845 639 3886 cum
668 3831 749 3908 pert.
779 3823 815 3888 in
845 3825 1031 3891 Elenedena
1060 3834 1099 3891 ut
1127 3827 1237 3894 dotem

130 3946 218 3992 suam
234 3935 296 3992 etc

192 4031 236 4096 Et
251 4031 439 4096 Alexander
453 4031 547 4095 uenit
561 4039 596 4096 et
611 4030 694 4096 bene
709 4031 856 4097 concedit
871 4032 902 4098 ei
913 4033 1047 4099 terciam
1061 4042 1188 4122 partem
1203 4036 1239 4101 in

130 4131 237 4200 dotem
251 4143 289 4201 et
302 4156 431 4221 semper
444 4135 601 4200 concessit
612 4142 662 4200 set
674 4134 745 4222 ipsa
756 4135 862 4201 uoluit
872 4137 1014 4224 recipere
1025 4138 1089 4203 nisi
1103 4139 1238 4205 haberet

132 4237 260 4303 terciam
292 4247 419 4325 partem
445 4237 594 4325 capitalis
620 4239 755 4325 menagii
780 4247 816 4305 et
840 4241 974 4309 terciam
999 4250 1127 4327 partem
1152 4243 1239 4308 dotis

132 4361 225 4424 quam
248 4343 400 4408 Eulcmia
420 4350 526 4408 mater
540 4341 684 4408 eiusdem
706 4341 848 4407 Simonis
862 4350 954 4409 tenet
968 4354 1003 4410 et
1017 4347 1160 4432 exceptis
1174 4347 1238 4412 illis

133 4442 235 4510 adhuc
257 4446 341 4510 hene
364 4446 512 4512 concedit
535 4447 565 4510 ei
587 4446 697 4511 dotem
720 4467 820 4511 suam.
866 4447 910 4512 Et
930 4448 1003 4514 ideo
1025 4449 1096 4536 ipsa
1118 4452 1237 4516 haheat

216 4583 253 4632 ιι.
300 4584 349 4634 ιιι.
1130 4576 1150 4638 4
