<?xml version="1.0" encoding="UTF-8"?>
<!DOCTYPE html PUBLIC "-//W3C//DTD XHTML 1.0 Transitional//EN"
    "http://www.w3.org/TR/xhtml1/DTD/xhtml1-transitional.dtd">
<html xmlns="http://www.w3.org/1999/xhtml" xml:lang="en" lang="en">
 <head>
  <title>
</title>
<meta http-equiv="Content-Type" content="text/html;charset=utf-8" />
  <meta name='ocr-system' content='tesseract 3.04.00' />
  <meta name='ocr-capabilities' content='ocr_page ocr_carea ocr_par ocr_line ocrx_word'/>
</head>
<body>
  <div class='ocr_page' id='page_1' title='image "bractonsnoteboo03maitgoog_0348.png"; bbox 0 0 3167 5075; ppageno 0'>
   <div class='ocr_carea' id='block_1_1' title="bbox 350 357 1152 436">
    <p class='ocr_par' dir='ltr' id='par_1_1' title="bbox 350 357 1152 436">
     <span class='ocr_line' id='line_1_1' title="bbox 350 357 1152 436; baseline 0.002 -15"><span class='ocrx_word' id='word_1_1' title='bbox 350 357 415 421; x_wconf 77' lang='lat'><strong>334</strong></span> <span class='ocrx_word' id='word_1_2' title='bbox 659 374 811 433; x_wconf 77' lang='lat' dir='ltr'><strong>rnrmrr,</strong></span> <span class='ocrx_word' id='word_1_3' title='bbox 833 374 896 422; x_wconf 69' lang='lat' dir='ltr'><strong>an.</strong></span> <span class='ocrx_word' id='word_1_4' title='bbox 922 360 1016 436; x_wconf 79' lang='lat'>1220,</span> <span class='ocrx_word' id='word_1_5' title='bbox 1037 375 1100 423; x_wconf 73' lang='lat' dir='ltr'><strong>An.</strong></span> <span class='ocrx_word' id='word_1_6' title='bbox 1124 362 1152 423; x_wconf 77' lang='grc' dir='ltr'>ι.</span> 
     </span>
    </p>
   </div>
   <div class='ocr_carea' id='block_1_2' title="bbox 344 545 1533 1258">
    <p class='ocr_par' dir='ltr' id='par_1_2' title="bbox 344 545 1533 1258">
     <span class='ocr_line' id='line_1_2' title="bbox 344 545 1432 633; baseline -0.001 -23"><span class='ocrx_word' id='word_1_7' title='bbox 344 545 406 633; x_wconf 89' lang='lat' dir='ltr'><strong>qui</strong></span> <span class='ocrx_word' id='word_1_8' title='bbox 427 546 579 611; x_wconf 74' lang='lat' dir='ltr'><strong>similiter</strong></span> <span class='ocrx_word' id='word_1_9' title='bbox 599 546 720 631; x_wconf 76' lang='lat' dir='ltr'><strong>optulit</strong></span> <span class='ocrx_word' id='word_1_10' title='bbox 739 568 774 611; x_wconf 86' lang='lat' dir='ltr'><strong>ee</strong></span> <span class='ocrx_word' id='word_1_11' title='bbox 795 546 838 610; x_wconf 85' lang='lat' dir='ltr'><strong>ad</strong></span> <span class='ocrx_word' id='word_1_12' title='bbox 859 546 1100 612; x_wconf 82' lang='lat' dir='ltr'><strong>defendendum</strong></span> <span class='ocrx_word' id='word_1_13' title='bbox 1118 547 1170 611; x_wconf 82' lang='lat' dir='ltr'><strong>ius</strong></span> <span class='ocrx_word' id='word_1_14' title='bbox 1185 546 1287 633; x_wconf 83' lang='lat' dir='ltr'><strong>ipsius</strong></span> <span class='ocrx_word' id='word_1_15' title='bbox 1300 545 1432 611; x_wconf 77' lang='lat' dir='ltr'><strong>Wdlelni</strong></span> 
     </span>
     <span class='ocr_line' id='line_1_3' title="bbox 347 648 1434 735; baseline -0.001 -22"><span class='ocrx_word' id='word_1_16' title='bbox 347 670 407 735; x_wconf 90' lang='lat' dir='ltr'><strong>per</strong></span> <span class='ocrx_word' id='word_1_17' title='bbox 429 672 543 735; x_wconf 81' lang='lat' dir='ltr'><strong>corpus</strong></span> <span class='ocrx_word' id='word_1_18' title='bbox 563 672 659 713; x_wconf 86' lang='lat' dir='ltr'><strong>suum</strong></span> <span class='ocrx_word' id='word_1_19' title='bbox 679 657 792 714; x_wconf 79' lang='lat' dir='ltr'><strong>contra</strong></span> <span class='ocrx_word' id='word_1_20' title='bbox 814 649 998 735; x_wconf 88' lang='lat' dir='ltr'><strong>predictum</strong></span> <span class='ocrx_word' id='word_1_21' title='bbox 1021 649 1210 715; x_wconf 85' lang='lat' dir='ltr'><strong>Hemicum</strong></span> <span class='ocrx_word' id='word_1_22' title='bbox 1255 650 1299 715; x_wconf 85' lang='lat' dir='ltr'><strong>Et</strong></span> <span class='ocrx_word' id='word_1_23' title='bbox 1318 648 1434 735; x_wconf 81' lang='lat' dir='ltr'><strong>predicti</strong></span> 
     </span>
     <span class='ocr_line' id='line_1_4' title="bbox 347 752 1435 840; baseline -0.002 -21"><span class='ocrx_word' id='word_1_24' title='bbox 347 752 532 819; x_wconf 81' lang='lat' dir='ltr'><strong>Willelmus</strong></span> <span class='ocrx_word' id='word_1_25' title='bbox 548 761 582 818; x_wconf 92' lang='lat' dir='ltr'><strong>et</strong></span> <span class='ocrx_word' id='word_1_26' title='bbox 597 752 781 819; x_wconf 81' lang='lat' dir='ltr'><strong>Willelmus</strong></span> <span class='ocrx_word' id='word_1_27' title='bbox 802 753 924 840; x_wconf 79' lang='lat' dir='ltr'><strong>quesiti</strong></span> <span class='ocrx_word' id='word_1_28' title='bbox 942 753 1002 818; x_wconf 89' lang='lat' dir='ltr'><strong>ubi</strong></span> <span class='ocrx_word' id='word_1_29' title='bbox 1023 752 1169 818; x_wconf 89' lang='lat' dir='ltr'><strong>duellum</strong></span> <span class='ocrx_word' id='word_1_30' title='bbox 1191 753 1256 819; x_wconf 82' lang='lat' dir='ltr'><strong>fuit</strong></span> <span class='ocrx_word' id='word_1_31' title='bbox 1277 752 1435 825; x_wconf 74' lang='lat' dir='ltr'><strong>uadiatum.</strong></span> 
     </span>
     <span class='ocr_line' id='line_1_5' title="bbox 345 855 1438 943; baseline -0.003 -21"><span class='ocrx_word' id='word_1_32' title='bbox 345 855 462 941; x_wconf 89' lang='lat' dir='ltr'><strong>dicunt</strong></span> <span class='ocrx_word' id='word_1_33' title='bbox 482 859 569 943; x_wconf 91' lang='lat' dir='ltr'><strong>qnod</strong></span> <span class='ocrx_word' id='word_1_34' title='bbox 592 856 628 923; x_wconf 92' lang='lat' dir='ltr'><strong>in</strong></span> <span class='ocrx_word' id='word_1_35' title='bbox 654 857 812 923; x_wconf 86' lang='lat' dir='ltr'><strong>comitatu</strong></span> <span class='ocrx_word' id='word_1_36' title='bbox 834 858 1008 925; x_wconf 80' lang='lat' dir='ltr'><strong>Wilteeire</strong></span> <span class='ocrx_word' id='word_1_37' title='bbox 1054 859 1097 923; x_wconf 86' lang='lat' dir='ltr'><strong>Et</strong></span> <span class='ocrx_word' id='word_1_38' title='bbox 1118 857 1199 943; x_wconf 86' lang='lat' dir='ltr'><strong>quia</strong></span> <span class='ocrx_word' id='word_1_39' title='bbox 1218 858 1311 923; x_wconf 86' lang='lat' dir='ltr'><strong>nulla</strong></span> <span class='ocrx_word' id='word_1_40' title='bbox 1332 856 1438 921; x_wconf 81' lang='lat' dir='ltr'><strong>mencio</strong></span> 
     </span>
     <span class='ocr_line' id='line_1_6' title="bbox 346 961 1438 1049; baseline -0.001 -24"><span class='ocrx_word' id='word_1_41' title='bbox 346 961 434 1027; x_wconf 81' lang='lat' dir='ltr'><strong>facta</strong></span> <span class='ocrx_word' id='word_1_42' title='bbox 448 962 511 1027; x_wconf 85' lang='lat' dir='ltr'><strong>fuit</strong></span> <span class='ocrx_word' id='word_1_43' title='bbox 527 961 561 1025; x_wconf 90' lang='lat' dir='ltr'><strong>in</strong></span> <span class='ocrx_word' id='word_1_44' title='bbox 576 962 669 1027; x_wconf 91' lang='lat' dir='ltr'><strong>breui</strong></span> <span class='ocrx_word' id='word_1_45' title='bbox 683 961 777 1028; x_wconf 91' lang='lat' dir='ltr'><strong>Dom.</strong></span> <span class='ocrx_word' id='word_1_46' title='bbox 791 962 892 1049; x_wconf 78' lang='lat' dir='ltr'><strong>Regio</strong></span> <span class='ocrx_word' id='word_1_47' title='bbox 905 964 947 1027; x_wconf 92' lang='lat' dir='ltr'><strong>de</strong></span> <span class='ocrx_word' id='word_1_48' title='bbox 961 963 1092 1029; x_wconf 86' lang='lat' dir='ltr'><strong>recordo</strong></span> <span class='ocrx_word' id='word_1_49' title='bbox 1105 962 1278 1040; x_wconf 90' lang='lat' dir='ltr'><strong>mittendo,</strong></span> <span class='ocrx_word' id='word_1_50' title='bbox 1293 961 1438 1047; x_wconf 69' lang='lat' dir='ltr'><strong>quoeitum</strong></span> 
     </span>
     <span class='ocr_line' id='line_1_7' title="bbox 347 1065 1439 1153; baseline -0.002 -22"><span class='ocrx_word' id='word_1_51' title='bbox 347 1074 397 1131; x_wconf 87' lang='lat' dir='ltr'><strong>eet</strong></span> <span class='ocrx_word' id='word_1_52' title='bbox 412 1090 433 1131; x_wconf 83' lang='lat' dir='ltr'><strong>a</strong></span> <span class='ocrx_word' id='word_1_53' title='bbox 446 1066 591 1153; x_wconf 89' lang='lat' dir='ltr'><strong>predicto</strong></span> <span class='ocrx_word' id='word_1_54' title='bbox 606 1066 772 1131; x_wconf 89' lang='lat' dir='ltr'><strong>Willelmo</strong></span> <span class='ocrx_word' id='word_1_55' title='bbox 785 1075 921 1152; x_wconf 87' lang='lat' dir='ltr'><strong>petente</strong></span> <span class='ocrx_word' id='word_1_56' title='bbox 935 1089 1071 1153; x_wconf 88' lang='lat' dir='ltr'><strong>perque</strong></span> <span class='ocrx_word' id='word_1_57' title='bbox 1091 1067 1194 1131; x_wconf 85' lang='lat' dir='ltr'><strong>uerba</strong></span> <span class='ocrx_word' id='word_1_58' title='bbox 1212 1065 1314 1151; x_wconf 89' lang='lat' dir='ltr'><strong>peciit</strong></span> <span class='ocrx_word' id='word_1_59' title='bbox 1336 1075 1439 1130; x_wconf 87' lang='lat' dir='ltr'><strong>terram</strong></span> 
     </span>
     <span class='ocr_line' id='line_1_8' title="bbox 347 1163 1533 1258; baseline -0.001 -25"><span class='ocrx_word' id='word_1_60' title='bbox 347 1170 436 1235; x_wconf 85' lang='lat' dir='ltr'><strong>illam</strong></span> <span class='ocrx_word' id='word_1_61' title='bbox 452 1170 487 1234; x_wconf 93' lang='lat' dir='ltr'><strong>in</strong></span> <span class='ocrx_word' id='word_1_62' title='bbox 502 1169 669 1247; x_wconf 87' lang='lat' dir='ltr'><strong>comitatu,</strong></span> <span class='ocrx_word' id='word_1_63' title='bbox 685 1177 719 1234; x_wconf 91' lang='lat' dir='ltr'><strong>et</strong></span> <span class='ocrx_word' id='word_1_64' title='bbox 734 1170 805 1256; x_wconf 81' lang='lat' dir='ltr'><strong>ipse</strong></span> <span class='ocrx_word' id='word_1_65' title='bbox 825 1170 906 1237; x_wconf 90' lang='lat' dir='ltr'><strong>dicit</strong></span> <span class='ocrx_word' id='word_1_66' title='bbox 925 1171 1019 1258; x_wconf 88' lang='lat' dir='ltr'><strong>quod</strong></span> <span class='ocrx_word' id='word_1_67' title='bbox 1032 1171 1102 1257; x_wconf 83' lang='lat' dir='ltr'><strong>ipee</strong></span> <span class='ocrx_word' id='word_1_68' title='bbox 1122 1170 1223 1257; x_wconf 89' lang='lat' dir='ltr'><strong>peciit</strong></span> <span class='ocrx_word' id='word_1_69' title='bbox 1244 1192 1359 1235; x_wconf 78' lang='lat' dir='ltr'><strong>uerene</strong></span> <span class='ocrx_word' id='word_1_70' title='bbox 1378 1191 1440 1233; x_wconf 89' lang='lat' dir='ltr'><strong>eum</strong></span> <span class='ocrx_word' id='word_1_71' title='bbox 1527 1163 1533 1218; x_wconf 76' lang='grc' dir='ltr'>ἶ</span> 
     </span>
    </p>
   </div>
   <div class='ocr_carea' id='block_1_3' title="bbox 346 1272 1535 1359">
    <p class='ocr_par' dir='ltr' id='par_1_3' title="bbox 346 1272 1535 1359">
     <span class='ocr_line' id='line_1_9' title="bbox 346 1272 1535 1359; baseline 0.001 -22"><span class='ocrx_word' id='word_1_72' title='bbox 346 1295 447 1337; x_wconf 89' lang='lat' dir='ltr'><strong>unam</strong></span> <span class='ocrx_word' id='word_1_73' title='bbox 469 1272 581 1338; x_wconf 81' lang='lat' dir='ltr'><strong>hidam</strong></span> <span class='ocrx_word' id='word_1_74' title='bbox 602 1281 688 1339; x_wconf 86' lang='lat' dir='ltr'><strong>terre</strong></span> <span class='ocrx_word' id='word_1_75' title='bbox 711 1296 787 1338; x_wconf 90' lang='lat' dir='ltr'><strong>cum</strong></span> <span class='ocrx_word' id='word_1_76' title='bbox 808 1282 890 1359; x_wconf 88' lang='lat' dir='ltr'><strong>pert.</strong></span> <span class='ocrx_word' id='word_1_77' title='bbox 906 1274 941 1339; x_wconf 91' lang='lat' dir='ltr'><strong>in</strong></span> <span class='ocrx_word' id='word_1_78' title='bbox 963 1273 1200 1341; x_wconf 87' lang='lat' dir='ltr'><strong>Cuueleffeldia</strong></span> <span class='ocrx_word' id='word_1_79' title='bbox 1218 1281 1257 1339; x_wconf 89' lang='grc' dir='ltr'><strong>ιιι</strong></span> <span class='ocrx_word' id='word_1_80' title='bbox 1279 1273 1332 1337; x_wconf 85' lang='lat' dir='ltr'><strong>iue</strong></span> <span class='ocrx_word' id='word_1_81' title='bbox 1351 1295 1442 1347; x_wconf 83' lang='lat' dir='ltr'><strong>enum,</strong></span> <span class='ocrx_word' id='word_1_82' title='bbox 1527 1277 1535 1348; x_wconf 75' lang='grc' dir='ltr'><strong>,ἶ</strong></span> 
     </span>
    </p>
   </div>
   <div class='ocr_carea' id='block_1_4' title="bbox 345 1376 1536 1673">
    <p class='ocr_par' dir='ltr' id='par_1_4' title="bbox 345 1376 1536 1673">
     <span class='ocr_line' id='line_1_10' title="bbox 346 1376 1443 1461; baseline 0 -21"><span class='ocrx_word' id='word_1_83' title='bbox 346 1376 434 1441; x_wconf 87' lang='lat' dir='ltr'><strong>unde</strong></span> <span class='ocrx_word' id='word_1_84' title='bbox 447 1377 582 1461; x_wconf 83' lang='lat' dir='ltr'><strong>quidam</strong></span> <span class='ocrx_word' id='word_1_85' title='bbox 596 1376 781 1443; x_wconf 87' lang='lat' dir='ltr'><strong>Willelmue</strong></span> <span class='ocrx_word' id='word_1_86' title='bbox 796 1400 879 1443; x_wconf 86' lang='lat' dir='ltr'><strong>auue</strong></span> <span class='ocrx_word' id='word_1_87' title='bbox 899 1400 978 1443; x_wconf 84' lang='lat' dir='ltr'><strong>eune</strong></span> <span class='ocrx_word' id='word_1_88' title='bbox 1000 1386 1035 1443; x_wconf 91' lang='lat' dir='ltr'><strong>et</strong></span> <span class='ocrx_word' id='word_1_89' title='bbox 1051 1379 1124 1443; x_wconf 80' lang='lat' dir='ltr'><strong>Eua</strong></span> <span class='ocrx_word' id='word_1_90' title='bbox 1138 1400 1221 1443; x_wconf 84' lang='lat' dir='ltr'><strong>uxor</strong></span> <span class='ocrx_word' id='word_1_91' title='bbox 1235 1378 1307 1442; x_wconf 79' lang='lat' dir='ltr'><strong>eius</strong></span> <span class='ocrx_word' id='word_1_92' title='bbox 1327 1377 1443 1442; x_wconf 88' lang='lat' dir='ltr'><strong>fuerunt</strong></span> 
     </span>
     <span class='ocr_line' id='line_1_11' title="bbox 345 1473 1536 1568; baseline -0.001 -23"><span class='ocrx_word' id='word_1_93' title='bbox 345 1480 449 1545; x_wconf 83' lang='lat' dir='ltr'><strong>eeieiti</strong></span> <span class='ocrx_word' id='word_1_94' title='bbox 478 1490 517 1545; x_wconf 90' lang='lat' dir='ltr'><strong>ut</strong></span> <span class='ocrx_word' id='word_1_95' title='bbox 542 1482 584 1545; x_wconf 91' lang='lat' dir='ltr'><strong>de</strong></span> <span class='ocrx_word' id='word_1_96' title='bbox 609 1480 781 1568; x_wconf 77' lang='lat' dir='ltr'><strong>maritagio</strong></span> <span class='ocrx_word' id='word_1_97' title='bbox 806 1481 909 1567; x_wconf 80' lang='lat' dir='ltr'><strong>ipsine</strong></span> <span class='ocrx_word' id='word_1_98' title='bbox 935 1482 1007 1547; x_wconf 86' lang='lat' dir='ltr'><strong>Eue</strong></span> <span class='ocrx_word' id='word_1_99' title='bbox 1033 1490 1180 1568; x_wconf 88' lang='lat' dir='ltr'><strong>temporo</strong></span> <span class='ocrx_word' id='word_1_100' title='bbox 1206 1482 1248 1546; x_wconf 90' lang='lat' dir='ltr'><strong>H.</strong></span> <span class='ocrx_word' id='word_1_101' title='bbox 1277 1481 1376 1568; x_wconf 77' lang='lat' dir='ltr'><strong>Regis</strong></span> <span class='ocrx_word' id='word_1_102' title='bbox 1393 1480 1444 1544; x_wconf 82' lang='lat' dir='ltr'><strong>filii</strong></span> <span class='ocrx_word' id='word_1_103' title='bbox 1532 1473 1536 1482; x_wconf 58' lang='lat'><strong>¹</strong></span> 
     </span>
     <span class='ocr_line' id='line_1_12' title="bbox 346 1584 1442 1673; baseline -0.002 -23"><span class='ocrx_word' id='word_1_104' title='bbox 346 1585 389 1650; x_wconf 76' lang='lat' dir='ltr'><strong>M.</strong></span> <span class='ocrx_word' id='word_1_105' title='bbox 411 1584 631 1671; x_wconf 84' lang='lat' dir='ltr'><strong>Imperatricie</strong></span> <span class='ocrx_word' id='word_1_106' title='bbox 654 1593 723 1662; x_wconf 84' lang='lat' dir='ltr'><strong>etc,</strong></span> <span class='ocrx_word' id='word_1_107' title='bbox 739 1585 896 1671; x_wconf 88' lang='lat' dir='ltr'><strong>capiendo</strong></span> <span class='ocrx_word' id='word_1_108' title='bbox 919 1586 995 1652; x_wconf 90' lang='lat' dir='ltr'><strong>inde</strong></span> <span class='ocrx_word' id='word_1_109' title='bbox 1017 1587 1148 1673; x_wconf 85' lang='lat' dir='ltr'><strong>expleta</strong></span> <span class='ocrx_word' id='word_1_110' title='bbox 1166 1587 1209 1652; x_wconf 86' lang='lat' dir='ltr'><strong>ad</strong></span> <span class='ocrx_word' id='word_1_111' title='bbox 1228 1586 1403 1651; x_wconf 86' lang='lat' dir='ltr'><strong>ualentiam</strong></span> <span class='ocrx_word' id='word_1_112' title='bbox 1419 1608 1442 1648; x_wconf 81' lang='lat' dir='ltr'><strong>r.</strong></span> 
     </span>
    </p>
   </div>
   <div class='ocr_carea' id='block_1_5' title="bbox 345 1688 1527 1767">
    <p class='ocr_par' dir='ltr' id='par_1_5' title="bbox 345 1688 1527 1767">
     <span class='ocr_line' id='line_1_13' title="bbox 345 1688 1527 1767; baseline -0.002 -14"><span class='ocrx_word' id='word_1_113' title='bbox 345 1688 399 1754; x_wconf 83' lang='lat' dir='ltr'><strong>soh</strong></span> <span class='ocrx_word' id='word_1_114' title='bbox 416 1697 487 1767; x_wconf 84' lang='lat' dir='ltr'><strong>etc,</strong></span> <span class='ocrx_word' id='word_1_115' title='bbox 502 1696 536 1755; x_wconf 93' lang='lat' dir='ltr'><strong>et</strong></span> <span class='ocrx_word' id='word_1_116' title='bbox 551 1688 592 1753; x_wconf 91' lang='lat' dir='ltr'><strong>de</strong></span> <span class='ocrx_word' id='word_1_117' title='bbox 607 1688 663 1753; x_wconf 92' lang='lat' dir='ltr'><strong>illo</strong></span> <span class='ocrx_word' id='word_1_118' title='bbox 678 1689 852 1767; x_wconf 82' lang='lat' dir='ltr'><strong>Wiilelmo,</strong></span> <span class='ocrx_word' id='word_1_119' title='bbox 867 1690 1035 1756; x_wconf 84' lang='lat' dir='ltr'><strong>descendit</strong></span> <span class='ocrx_word' id='word_1_120' title='bbox 1049 1690 1101 1755; x_wconf 87' lang='lat' dir='ltr'><strong>ine</strong></span> <span class='ocrx_word' id='word_1_121' title='bbox 1115 1698 1200 1755; x_wconf 80' lang='lat' dir='ltr'><strong>ten-e</strong></span> <span class='ocrx_word' id='word_1_122' title='bbox 1215 1689 1306 1755; x_wconf 83' lang='lat' dir='ltr'><strong>illine</strong></span> <span class='ocrx_word' id='word_1_123' title='bbox 1320 1689 1443 1755; x_wconf 82' lang='lat' dir='ltr'><strong>Ricardo</strong></span> <span class='ocrx_word' id='word_1_124' title='bbox 1520 1703 1527 1714; x_wconf 93' lang='grc'><em>·</em></span> 
     </span>
    </p>
   </div>
   <div class='ocr_carea' id='block_1_6' title="bbox 344 1792 1538 4477">
    <p class='ocr_par' dir='ltr' id='par_1_6' title="bbox 345 1792 1444 2399">
     <span class='ocr_line' id='line_1_14' title="bbox 345 1792 1444 1880; baseline 0.001 -24"><span class='ocrx_word' id='word_1_125' title='bbox 345 1792 414 1857; x_wconf 89' lang='lat' dir='ltr'><strong>filio</strong></span> <span class='ocrx_word' id='word_1_126' title='bbox 439 1816 550 1857; x_wconf 90' lang='lat' dir='ltr'><strong>eorum</strong></span> <span class='ocrx_word' id='word_1_127' title='bbox 577 1800 611 1858; x_wconf 91' lang='lat' dir='ltr'><strong>et</strong></span> <span class='ocrx_word' id='word_1_128' title='bbox 637 1793 724 1878; x_wconf 88' lang='lat' dir='ltr'><strong>patri</strong></span> <span class='ocrx_word' id='word_1_129' title='bbox 750 1793 854 1880; x_wconf 81' lang='lat' dir='ltr'><strong>ipsius</strong></span> <span class='ocrx_word' id='word_1_130' title='bbox 877 1793 1037 1859; x_wconf 87' lang='lat' dir='ltr'><strong>Willelmi</strong></span> <span class='ocrx_word' id='word_1_131' title='bbox 1061 1793 1119 1880; x_wconf 90' lang='lat' dir='ltr'><strong>qui</strong></span> <span class='ocrx_word' id='word_1_132' title='bbox 1143 1793 1238 1879; x_wconf 87' lang='lat' dir='ltr'><strong>petit,</strong></span> <span class='ocrx_word' id='word_1_133' title='bbox 1264 1802 1301 1859; x_wconf 88' lang='lat' dir='ltr'><strong>et</strong></span> <span class='ocrx_word' id='word_1_134' title='bbox 1323 1794 1364 1859; x_wconf 90' lang='lat' dir='ltr'><strong>de</strong></span> <span class='ocrx_word' id='word_1_135' title='bbox 1386 1793 1444 1878; x_wconf 85' lang='lat' dir='ltr'><strong>ipeo</strong></span> 
     </span>
     <span class='ocr_line' id='line_1_15' title="bbox 346 1896 1444 1983; baseline -0.004 -20"><span class='ocrx_word' id='word_1_136' title='bbox 346 1898 493 1974; x_wconf 84' lang='lat' dir='ltr'><strong>Ricardo,</strong></span> <span class='ocrx_word' id='word_1_137' title='bbox 508 1897 586 1962; x_wconf 91' lang='lat' dir='ltr'><strong>huic</strong></span> <span class='ocrx_word' id='word_1_138' title='bbox 600 1896 766 1963; x_wconf 90' lang='lat' dir='ltr'><strong>Willelmo</strong></span> <span class='ocrx_word' id='word_1_139' title='bbox 785 1905 825 1962; x_wconf 91' lang='lat' dir='ltr'><strong>ut</strong></span> <span class='ocrx_word' id='word_1_140' title='bbox 844 1896 912 1962; x_wconf 88' lang='lat' dir='ltr'><strong>filio</strong></span> <span class='ocrx_word' id='word_1_141' title='bbox 935 1905 969 1962; x_wconf 92' lang='lat' dir='ltr'><strong>et</strong></span> <span class='ocrx_word' id='word_1_142' title='bbox 993 1896 1105 1963; x_wconf 88' lang='lat' dir='ltr'><strong>heredi</strong></span> <span class='ocrx_word' id='word_1_143' title='bbox 1123 1920 1191 1976; x_wconf 84' lang='lat' dir='ltr'><strong>eno,</strong></span> <span class='ocrx_word' id='word_1_144' title='bbox 1205 1904 1241 1962; x_wconf 89' lang='lat' dir='ltr'><strong>et</strong></span> <span class='ocrx_word' id='word_1_145' title='bbox 1261 1897 1325 1963; x_wconf 91' lang='lat' dir='ltr'><strong>hoc</strong></span> <span class='ocrx_word' id='word_1_146' title='bbox 1338 1896 1444 1983; x_wconf 77' lang='lat' dir='ltr'><strong>optulit</strong></span> 
     </span>
     <span class='ocr_line' id='line_1_16' title="bbox 345 2000 1444 2087; baseline 0.002 -22"><span class='ocrx_word' id='word_1_147' title='bbox 345 2002 481 2086; x_wconf 86' lang='lat' dir='ltr'><strong>probare</strong></span> <span class='ocrx_word' id='word_1_148' title='bbox 503 2022 560 2087; x_wconf 90' lang='lat' dir='ltr'><strong>per</strong></span> <span class='ocrx_word' id='word_1_149' title='bbox 574 2023 690 2086; x_wconf 81' lang='lat' dir='ltr'><strong>corpus</strong></span> <span class='ocrx_word' id='word_1_150' title='bbox 703 2000 844 2087; x_wconf 82' lang='lat' dir='ltr'><strong>predicti</strong></span> <span class='ocrx_word' id='word_1_151' title='bbox 858 2001 994 2066; x_wconf 89' lang='lat' dir='ltr'><strong>Henrici</strong></span> <span class='ocrx_word' id='word_1_152' title='bbox 1007 2002 1037 2065; x_wconf 83' lang='lat' dir='ltr'><strong>si</strong></span> <span class='ocrx_word' id='word_1_153' title='bbox 1050 2002 1226 2067; x_wconf 74' lang='lat' dir='ltr'><strong>comitatus</strong></span> <span class='ocrx_word' id='word_1_154' title='bbox 1240 2002 1444 2067; x_wconf 75' lang='lat' dir='ltr'><strong>consideraret</strong></span> 
     </span>
     <span class='ocr_line' id='line_1_17' title="bbox 346 2104 1443 2192; baseline 0 -23"><span class='ocrx_word' id='word_1_155' title='bbox 346 2104 472 2171; x_wconf 83' lang='lat' dir='ltr'><strong>desicut</strong></span> <span class='ocrx_word' id='word_1_156' title='bbox 501 2106 634 2170; x_wconf 86' lang='lat' dir='ltr'><strong>fuerunt</strong></span> <span class='ocrx_word' id='word_1_157' title='bbox 663 2106 705 2169; x_wconf 87' lang='lat' dir='ltr'><strong>de</strong></span> <span class='ocrx_word' id='word_1_158' title='bbox 731 2128 797 2170; x_wconf 91' lang='lat' dir='ltr'><strong>uno</strong></span> <span class='ocrx_word' id='word_1_159' title='bbox 821 2105 946 2192; x_wconf 79' lang='lat' dir='ltr'><strong>stipite,</strong></span> <span class='ocrx_word' id='word_1_160' title='bbox 971 2105 1049 2192; x_wconf 89' lang='lat' dir='ltr'><strong>quia</strong></span> <span class='ocrx_word' id='word_1_161' title='bbox 1074 2106 1162 2171; x_wconf 88' lang='lat' dir='ltr'><strong>idem</strong></span> <span class='ocrx_word' id='word_1_162' title='bbox 1188 2106 1373 2171; x_wconf 83' lang='lat' dir='ltr'><strong>Willelmns</strong></span> <span class='ocrx_word' id='word_1_163' title='bbox 1395 2104 1443 2192; x_wconf 89' lang='lat' dir='ltr'><strong>qui</strong></span> 
     </span>
     <span class='ocr_line' id='line_1_18' title="bbox 346 2207 1443 2296; baseline 0.004 -24"><span class='ocrx_word' id='word_1_164' title='bbox 346 2215 462 2273; x_wconf 76' lang='lat' dir='ltr'><strong>tenens</strong></span> <span class='ocrx_word' id='word_1_165' title='bbox 486 2216 536 2273; x_wconf 85' lang='lat' dir='ltr'><strong>eet</strong></span> <span class='ocrx_word' id='word_1_166' title='bbox 556 2208 620 2273; x_wconf 87' lang='lat' dir='ltr'><strong>fuit</strong></span> <span class='ocrx_word' id='word_1_167' title='bbox 642 2208 729 2273; x_wconf 85' lang='lat' dir='ltr'><strong>filins</strong></span> <span class='ocrx_word' id='word_1_168' title='bbox 744 2209 884 2274; x_wconf 84' lang='lat' dir='ltr'><strong>Walteri</strong></span> <span class='ocrx_word' id='word_1_169' title='bbox 905 2210 1050 2294; x_wconf 88' lang='lat' dir='ltr'><strong>poetnati</strong></span> <span class='ocrx_word' id='word_1_170' title='bbox 1072 2210 1181 2275; x_wconf 79' lang='lat' dir='ltr'><strong>fratris</strong></span> <span class='ocrx_word' id='word_1_171' title='bbox 1202 2210 1308 2296; x_wconf 70' lang='lat' dir='ltr'><strong>ipsius</strong></span> <span class='ocrx_word' id='word_1_172' title='bbox 1328 2207 1443 2276; x_wconf 86' lang='lat' dir='ltr'><strong>Rioardi</strong></span> 
     </span>
     <span class='ocr_line' id='line_1_19' title="bbox 345 2312 1098 2399; baseline 0.004 -22"><span class='ocrx_word' id='word_1_173' title='bbox 345 2335 516 2399; x_wconf 87' lang='lat' dir='ltr'><strong>perquem</strong></span> <span class='ocrx_word' id='word_1_174' title='bbox 531 2312 715 2377; x_wconf 83' lang='lat' dir='ltr'><strong>Willelmus</strong></span> <span class='ocrx_word' id='word_1_175' title='bbox 730 2314 850 2378; x_wconf 84' lang='lat' dir='ltr'><strong>clamat</strong></span> <span class='ocrx_word' id='word_1_176' title='bbox 864 2321 985 2379; x_wconf 80' lang='lat' dir='ltr'><strong>terram</strong></span> <span class='ocrx_word' id='word_1_177' title='bbox 1000 2313 1098 2380; x_wconf 83' lang='lat' dir='ltr'><strong>illam.</strong></span> 
     </span>
    </p>

    <p class='ocr_par' dir='ltr' id='par_1_7' title="bbox 344 2416 1538 4477">
     <span class='ocr_line' id='line_1_20' title="bbox 411 2416 1441 2505; baseline -0.003 -22"><span class='ocrx_word' id='word_1_178' title='bbox 411 2418 455 2483; x_wconf 89' lang='lat' dir='ltr'><strong>Et</strong></span> <span class='ocrx_word' id='word_1_179' title='bbox 484 2417 668 2482; x_wconf 81' lang='lat' dir='ltr'><strong>Willelmus</strong></span> <span class='ocrx_word' id='word_1_180' title='bbox 696 2417 739 2483; x_wconf 85' lang='lat' dir='ltr'><strong>de</strong></span> <span class='ocrx_word' id='word_1_181' title='bbox 770 2416 1017 2484; x_wconf 80' lang='lat' dir='ltr'><strong>Cnueleffoldie·</strong></span> <span class='ocrx_word' id='word_1_182' title='bbox 1034 2418 1198 2505; x_wconf 78' lang='lat' dir='ltr'><strong>cognoscit</strong></span> <span class='ocrx_word' id='word_1_183' title='bbox 1227 2440 1344 2484; x_wconf 86' lang='lat' dir='ltr'><strong>reuera</strong></span> <span class='ocrx_word' id='word_1_184' title='bbox 1367 2416 1441 2503; x_wconf 89' lang='lat' dir='ltr'><strong>quod</strong></span> 
     </span>
     <span class='ocr_line' id='line_1_21' title="bbox 344 2520 1440 2610; baseline -0.003 -21"><span class='ocrx_word' id='word_1_185' title='bbox 344 2522 509 2610; x_wconf 85' lang='lat' dir='ltr'><strong>predictus</strong></span> <span class='ocrx_word' id='word_1_186' title='bbox 524 2520 708 2588; x_wconf 84' lang='lat' dir='ltr'><strong>Willelmue</strong></span> <span class='ocrx_word' id='word_1_187' title='bbox 723 2521 824 2608; x_wconf 90' lang='lat' dir='ltr'><strong>peciit</strong></span> <span class='ocrx_word' id='word_1_188' title='bbox 843 2529 964 2587; x_wconf 85' lang='lat' dir='ltr'><strong>terram</strong></span> <span class='ocrx_word' id='word_1_189' title='bbox 978 2522 1159 2608; x_wconf 86' lang='lat' dir='ltr'><strong>predictam</strong></span> <span class='ocrx_word' id='word_1_190' title='bbox 1173 2522 1259 2588; x_wconf 82' lang='lat' dir='ltr'><strong>sicut</strong></span> <span class='ocrx_word' id='word_1_191' title='bbox 1273 2522 1440 2609; x_wconf 81' lang='lat' dir='ltr'><strong>predictum</strong></span> 
     </span>
     <span class='ocr_line' id='line_1_22' title="bbox 346 2625 1441 2714; baseline -0.004 -21"><span class='ocrx_word' id='word_1_192' title='bbox 346 2636 396 2694; x_wconf 87' lang='lat' dir='ltr'><strong>est</strong></span> <span class='ocrx_word' id='word_1_193' title='bbox 411 2627 452 2694; x_wconf 89' lang='lat' dir='ltr'><strong>de</strong></span> <span class='ocrx_word' id='word_1_194' title='bbox 466 2627 586 2693; x_wconf 71' lang='lat' dir='ltr'><strong>neieina</strong></span> <span class='ocrx_word' id='word_1_195' title='bbox 600 2627 758 2692; x_wconf 91' lang='lat' dir='ltr'><strong>Willelmi</strong></span> <span class='ocrx_word' id='word_1_196' title='bbox 772 2627 829 2692; x_wconf 86' lang='lat' dir='ltr'><strong>aui</strong></span> <span class='ocrx_word' id='word_1_197' title='bbox 843 2627 895 2692; x_wconf 84' lang='lat' dir='ltr'><strong>eui</strong></span> <span class='ocrx_word' id='word_1_198' title='bbox 909 2635 944 2692; x_wconf 92' lang='lat' dir='ltr'><strong>et</strong></span> <span class='ocrx_word' id='word_1_199' title='bbox 960 2627 1031 2692; x_wconf 89' lang='lat' dir='ltr'><strong>Eue</strong></span> <span class='ocrx_word' id='word_1_200' title='bbox 1045 2627 1155 2692; x_wconf 82' lang='lat' dir='ltr'><strong>uxoris</strong></span> <span class='ocrx_word' id='word_1_201' title='bbox 1169 2627 1248 2705; x_wconf 83' lang='lat' dir='ltr'><strong>eine,</strong></span> <span class='ocrx_word' id='word_1_202' title='bbox 1263 2637 1314 2692; x_wconf 86' lang='lat' dir='ltr'><strong>eet</strong></span> <span class='ocrx_word' id='word_1_203' title='bbox 1328 2625 1441 2714; x_wconf 85' lang='lat' dir='ltr'><strong>qnando</strong></span> 
     </span>
     <span class='ocr_line' id='line_1_23' title="bbox 346 2729 1440 2798; baseline -0.006 0"><span class='ocrx_word' id='word_1_204' title='bbox 346 2733 492 2798; x_wconf 89' lang='lat' dir='ltr'><strong>duellum</strong></span> <span class='ocrx_word' id='word_1_205' title='bbox 507 2732 678 2798; x_wconf 85' lang='lat' dir='ltr'><strong>uadiatum</strong></span> <span class='ocrx_word' id='word_1_206' title='bbox 699 2732 763 2797; x_wconf 89' lang='lat' dir='ltr'><strong>fuit</strong></span> <span class='ocrx_word' id='word_1_207' title='bbox 782 2731 943 2796; x_wconf 83' lang='lat' dir='ltr'><strong>intereos</strong></span> <span class='ocrx_word' id='word_1_208' title='bbox 964 2732 1056 2796; x_wconf 80' lang='lat' dir='ltr'><strong>nullo</strong></span> <span class='ocrx_word' id='word_1_209' title='bbox 1074 2732 1162 2796; x_wconf 85' lang='lat' dir='ltr'><strong>facta</strong></span> <span class='ocrx_word' id='word_1_210' title='bbox 1182 2731 1246 2798; x_wconf 82' lang='lat' dir='ltr'><strong>fnit</strong></span> <span class='ocrx_word' id='word_1_211' title='bbox 1269 2731 1389 2796; x_wconf 81' lang='lat' dir='ltr'><strong>mencio</strong></span> <span class='ocrx_word' id='word_1_212' title='bbox 1405 2729 1440 2792; x_wconf 91' lang='lat' dir='ltr'><strong>de</strong></span> 
     </span>
     <span class='ocr_line' id='line_1_24' title="bbox 344 2832 1439 2922; baseline -0.003 -21"><span class='ocrx_word' id='word_1_213' title='bbox 344 2836 512 2922; x_wconf 84' lang='lat' dir='ltr'><strong>parentela</strong></span> <span class='ocrx_word' id='word_1_214' title='bbox 534 2845 568 2902; x_wconf 90' lang='lat' dir='ltr'><strong>et</strong></span> <span class='ocrx_word' id='word_1_215' title='bbox 590 2837 650 2900; x_wconf 94' lang='lat' dir='ltr'><strong>hoc</strong></span> <span class='ocrx_word' id='word_1_216' title='bbox 672 2836 766 2900; x_wconf 88' lang='lat' dir='ltr'><strong>offert</strong></span> <span class='ocrx_word' id='word_1_217' title='bbox 788 2834 961 2902; x_wconf 86' lang='lat' dir='ltr'><strong>defendere</strong></span> <span class='ocrx_word' id='word_1_218' title='bbox 982 2834 1067 2900; x_wconf 81' lang='lat' dir='ltr'><strong>sicut</strong></span> <span class='ocrx_word' id='word_1_219' title='bbox 1087 2835 1178 2900; x_wconf 88' lang='lat' dir='ltr'><strong>curia</strong></span> <span class='ocrx_word' id='word_1_220' title='bbox 1196 2832 1439 2906; x_wconf 82' lang='lat' dir='ltr'><strong>consideranerit,</strong></span> 
     </span>
     <span class='ocr_line' id='line_1_25' title="bbox 346 2936 1436 3025; baseline -0.008 -19"><span class='ocrx_word' id='word_1_221' title='bbox 346 2949 380 3006; x_wconf 90' lang='lat' dir='ltr'><strong>et</strong></span> <span class='ocrx_word' id='word_1_222' title='bbox 402 2939 478 3006; x_wconf 90' lang='lat' dir='ltr'><strong>inde</strong></span> <span class='ocrx_word' id='word_1_223' title='bbox 500 2939 593 3025; x_wconf 89' lang='lat' dir='ltr'><strong>ponit</strong></span> <span class='ocrx_word' id='word_1_224' title='bbox 612 2961 647 3005; x_wconf 88' lang='lat' dir='ltr'><strong>ee</strong></span> <span class='ocrx_word' id='word_1_225' title='bbox 666 2960 764 3025; x_wconf 78' lang='lat' dir='ltr'><strong>super</strong></span> <span class='ocrx_word' id='word_1_226' title='bbox 782 2939 984 3016; x_wconf 83' lang='lat' dir='ltr'><strong>comitatum,</strong></span> <span class='ocrx_word' id='word_1_227' title='bbox 999 2946 1033 3002; x_wconf 91' lang='lat' dir='ltr'><strong>et</strong></span> <span class='ocrx_word' id='word_1_228' title='bbox 1053 2937 1135 3004; x_wconf 90' lang='lat' dir='ltr'><strong>dicit</strong></span> <span class='ocrx_word' id='word_1_229' title='bbox 1159 2939 1246 3024; x_wconf 90' lang='lat' dir='ltr'><strong>quod</strong></span> <span class='ocrx_word' id='word_1_230' title='bbox 1270 2939 1347 3024; x_wconf 88' lang='lat' dir='ltr'><strong>quia</strong></span> <span class='ocrx_word' id='word_1_231' title='bbox 1363 2936 1436 3001; x_wconf 88' lang='lat' dir='ltr'><strong>idem</strong></span> 
     </span>
     <span class='ocr_line' id='line_1_26' title="bbox 346 3038 1437 3128; baseline -0.006 -20"><span class='ocrx_word' id='word_1_232' title='bbox 346 3042 529 3108; x_wconf 87' lang='lat' dir='ltr'><strong>Willelmus</strong></span> <span class='ocrx_word' id='word_1_233' title='bbox 557 3042 682 3107; x_wconf 83' lang='lat' dir='ltr'><strong>nullam</strong></span> <span class='ocrx_word' id='word_1_234' title='bbox 711 3042 789 3108; x_wconf 85' lang='lat' dir='ltr'><strong>fecit</strong></span> <span class='ocrx_word' id='word_1_235' title='bbox 815 3042 1016 3108; x_wconf 88' lang='lat' dir='ltr'><strong>mencionem</strong></span> <span class='ocrx_word' id='word_1_236' title='bbox 1041 3041 1083 3107; x_wconf 91' lang='lat' dir='ltr'><strong>de</strong></span> <span class='ocrx_word' id='word_1_237' title='bbox 1107 3043 1287 3128; x_wconf 87' lang='lat' dir='ltr'><strong>parentela,</strong></span> <span class='ocrx_word' id='word_1_238' title='bbox 1310 3038 1437 3107; x_wconf 81' lang='lat' dir='ltr'><strong>defendit</strong></span> 
     </span>
     <span class='ocr_line' id='line_1_27' title="bbox 346 3141 1436 3232; baseline -0.006 -21"><span class='ocrx_word' id='word_1_239' title='bbox 346 3145 416 3232; x_wconf 86' lang='lat' dir='ltr'><strong>ipse</strong></span> <span class='ocrx_word' id='word_1_240' title='bbox 444 3147 567 3231; x_wconf 85' lang='lat' dir='ltr'><strong>precise</strong></span> <span class='ocrx_word' id='word_1_241' title='bbox 593 3147 644 3211; x_wconf 85' lang='lat' dir='ltr'><strong>ius</strong></span> <span class='ocrx_word' id='word_1_242' title='bbox 674 3168 770 3210; x_wconf 83' lang='lat' dir='ltr'><strong>suum</strong></span> <span class='ocrx_word' id='word_1_243' title='bbox 800 3168 858 3232; x_wconf 91' lang='lat' dir='ltr'><strong>per</strong></span> <span class='ocrx_word' id='word_1_244' title='bbox 887 3167 1002 3230; x_wconf 83' lang='lat' dir='ltr'><strong>corpus</strong></span> <span class='ocrx_word' id='word_1_245' title='bbox 1030 3144 1169 3230; x_wconf 88' lang='lat' dir='ltr'><strong>predicti</strong></span> <span class='ocrx_word' id='word_1_246' title='bbox 1199 3145 1362 3232; x_wconf 76' lang='lat' dir='ltr'><strong>Stephani</strong></span> <span class='ocrx_word' id='word_1_247' title='bbox 1400 3141 1436 3205; x_wconf 84' lang='lat' dir='ltr'><strong>lit</strong></span> 
     </span>
     <span class='ocr_line' id='line_1_28' title="bbox 346 3249 1435 3336; baseline -0.005 -22"><span class='ocrx_word' id='word_1_248' title='bbox 346 3249 434 3314; x_wconf 87' lang='lat' dir='ltr'><strong>idem</strong></span> <span class='ocrx_word' id='word_1_249' title='bbox 457 3249 642 3315; x_wconf 87' lang='lat' dir='ltr'><strong>Willelmus</strong></span> <span class='ocrx_word' id='word_1_250' title='bbox 665 3260 782 3316; x_wconf 78' lang='lat' dir='ltr'><strong>tenens</strong></span> <span class='ocrx_word' id='word_1_251' title='bbox 802 3249 948 3336; x_wconf 77' lang='lat' dir='ltr'><strong>quesitus</strong></span> <span class='ocrx_word' id='word_1_252' title='bbox 971 3249 1000 3314; x_wconf 87' lang='lat' dir='ltr'><strong>ei</strong></span> <span class='ocrx_word' id='word_1_253' title='bbox 1018 3249 1086 3314; x_wconf 83' lang='lat' dir='ltr'><strong>sint</strong></span> <span class='ocrx_word' id='word_1_254' title='bbox 1104 3258 1257 3336; x_wconf 80' lang='lat' dir='ltr'><strong>parentes</strong></span> <span class='ocrx_word' id='word_1_255' title='bbox 1276 3250 1358 3314; x_wconf 79' lang='lat' dir='ltr'><strong>sient</strong></span> <span class='ocrx_word' id='word_1_256' title='bbox 1376 3267 1435 3332; x_wconf 75' lang='lat' dir='ltr'><strong>pre</strong></span> 
     </span>
     <span class='ocr_line' id='line_1_29' title="bbox 347 3351 1436 3440; baseline 0 -23"><span class='ocrx_word' id='word_1_257' title='bbox 347 3352 472 3418; x_wconf 90' lang='lat' dir='ltr'><strong>dictum</strong></span> <span class='ocrx_word' id='word_1_258' title='bbox 495 3363 553 3430; x_wconf 83' lang='lat' dir='ltr'><strong>est,</strong></span> <span class='ocrx_word' id='word_1_259' title='bbox 574 3353 654 3419; x_wconf 91' lang='lat' dir='ltr'><strong>dicit</strong></span> <span class='ocrx_word' id='word_1_260' title='bbox 674 3355 761 3440; x_wconf 90' lang='lat' dir='ltr'><strong>quod</strong></span> <span class='ocrx_word' id='word_1_261' title='bbox 781 3376 896 3418; x_wconf 85' lang='lat' dir='ltr'><strong>reuera</strong></span> <span class='ocrx_word' id='word_1_262' title='bbox 919 3361 1005 3429; x_wconf 90' lang='lat' dir='ltr'><strong>sunt,</strong></span> <span class='ocrx_word' id='word_1_263' title='bbox 1020 3359 1055 3417; x_wconf 91' lang='lat' dir='ltr'><strong>et</strong></span> <span class='ocrx_word' id='word_1_264' title='bbox 1075 3351 1163 3438; x_wconf 89' lang='lat' dir='ltr'><strong>quod</strong></span> <span class='ocrx_word' id='word_1_265' title='bbox 1178 3352 1343 3418; x_wconf 73' lang='lat' dir='ltr'><strong>walterus</strong></span> <span class='ocrx_word' id='word_1_266' title='bbox 1358 3357 1436 3436; x_wconf 72' lang='lat' dir='ltr'><strong>pater</strong></span> 
     </span>
     <span class='ocr_line' id='line_1_30' title="bbox 346 3456 1436 3544; baseline -0.002 -22"><span class='ocrx_word' id='word_1_267' title='bbox 346 3479 425 3522; x_wconf 74' lang='lat' dir='ltr'><strong>suits</strong></span> <span class='ocrx_word' id='word_1_268' title='bbox 454 3457 517 3522; x_wconf 83' lang='lat' dir='ltr'><strong>fuit</strong></span> <span class='ocrx_word' id='word_1_269' title='bbox 547 3459 646 3522; x_wconf 85' lang='lat' dir='ltr'><strong>frater</strong></span> <span class='ocrx_word' id='word_1_270' title='bbox 673 3458 813 3544; x_wconf 88' lang='lat' dir='ltr'><strong>predicti</strong></span> <span class='ocrx_word' id='word_1_271' title='bbox 843 3457 974 3522; x_wconf 85' lang='lat' dir='ltr'><strong>Ricardi</strong></span> <span class='ocrx_word' id='word_1_272' title='bbox 1002 3466 1183 3542; x_wconf 78' lang='lat' dir='ltr'><strong>poetnatue,</strong></span> <span class='ocrx_word' id='word_1_273' title='bbox 1211 3466 1264 3522; x_wconf 86' lang='lat' dir='ltr'><strong>eet</strong></span> <span class='ocrx_word' id='word_1_274' title='bbox 1291 3456 1436 3544; x_wconf 78' lang='lat' dir='ltr'><strong>predictos</strong></span> 
     </span>
     <span class='ocr_line' id='line_1_31' title="bbox 347 3554 1435 3648; baseline -0.003 -23"><span class='ocrx_word' id='word_1_275' title='bbox 347 3560 531 3628; x_wconf 85' lang='lat' dir='ltr'><strong>Willelmus</strong></span> <span class='ocrx_word' id='word_1_276' title='bbox 559 3585 642 3627; x_wconf 86' lang='lat' dir='ltr'><strong>aune</strong></span> <span class='ocrx_word' id='word_1_277' title='bbox 667 3561 749 3627; x_wconf 90' lang='lat' dir='ltr'><strong>obiit</strong></span> <span class='ocrx_word' id='word_1_278' title='bbox 775 3560 965 3648; x_wconf 82' lang='lat' dir='ltr'><strong>priusquam</strong></span> <span class='ocrx_word' id='word_1_279' title='bbox 991 3561 1064 3626; x_wconf 87' lang='lat' dir='ltr'><strong>Eua</strong></span> <span class='ocrx_word' id='word_1_280' title='bbox 1084 3584 1166 3626; x_wconf 88' lang='lat' dir='ltr'><strong>uxor</strong></span> <span class='ocrx_word' id='word_1_281' title='bbox 1191 3561 1271 3639; x_wconf 77' lang='lat' dir='ltr'><strong>eius,</strong></span> <span class='ocrx_word' id='word_1_282' title='bbox 1295 3561 1343 3626; x_wconf 82' lang='lat' dir='ltr'><strong>ita</strong></span> <span class='ocrx_word' id='word_1_283' title='bbox 1363 3554 1435 3645; x_wconf 89' lang='lat' dir='ltr'><strong>qnod</strong></span> 
     </span>
     <span class='ocr_line' id='line_1_32' title="bbox 346 3662 1436 3750; baseline 0.001 -23"><span class='ocrx_word' id='word_1_284' title='bbox 346 3662 500 3729; x_wconf 85' lang='lat' dir='ltr'><strong>defuncto</strong></span> <span class='ocrx_word' id='word_1_285' title='bbox 514 3664 584 3750; x_wconf 86' lang='lat' dir='ltr'><strong>ipso</strong></span> <span class='ocrx_word' id='word_1_286' title='bbox 603 3664 771 3743; x_wconf 89' lang='lat' dir='ltr'><strong>Willelmo,</strong></span> <span class='ocrx_word' id='word_1_287' title='bbox 787 3664 887 3750; x_wconf 90' lang='lat' dir='ltr'><strong>peciit</strong></span> <span class='ocrx_word' id='word_1_288' title='bbox 906 3664 978 3750; x_wconf 80' lang='lat' dir='ltr'><strong>ipsa</strong></span> <span class='ocrx_word' id='word_1_289' title='bbox 997 3665 1071 3730; x_wconf 85' lang='lat' dir='ltr'><strong>Eua</strong></span> <span class='ocrx_word' id='word_1_290' title='bbox 1092 3665 1204 3730; x_wconf 87' lang='lat' dir='ltr'><strong>dotem</strong></span> <span class='ocrx_word' id='word_1_291' title='bbox 1225 3687 1320 3730; x_wconf 77' lang='lat' dir='ltr'><strong>eriam</strong></span> <span class='ocrx_word' id='word_1_292' title='bbox 1341 3681 1436 3728; x_wconf 73' lang='lat' dir='ltr'><strong>nerem</strong></span> 
     </span>
     <span class='ocr_line' id='line_1_33' title="bbox 346 3762 1538 3856; baseline -0.002 -24"><span class='ocrx_word' id='word_1_293' title='bbox 346 3769 530 3854; x_wconf 88' lang='lat' dir='ltr'><strong>predictum</strong></span> <span class='ocrx_word' id='word_1_294' title='bbox 545 3769 720 3834; x_wconf 74' lang='lat' dir='ltr'><strong>Ricardum</strong></span> <span class='ocrx_word' id='word_1_295' title='bbox 735 3771 776 3834; x_wconf 88' lang='lat' dir='ltr'><strong>de</strong></span> <span class='ocrx_word' id='word_1_296' title='bbox 797 3769 980 3834; x_wconf 86' lang='lat' dir='ltr'><strong>hereditate</strong></span> <span class='ocrx_word' id='word_1_297' title='bbox 1000 3769 1140 3856; x_wconf 86' lang='lat' dir='ltr'><strong>predicti</strong></span> <span class='ocrx_word' id='word_1_298' title='bbox 1154 3769 1313 3835; x_wconf 87' lang='lat' dir='ltr'><strong>Willelmi</strong></span> <span class='ocrx_word' id='word_1_299' title='bbox 1326 3767 1384 3833; x_wconf 86' lang='lat' dir='ltr'><strong>uiri</strong></span> <span class='ocrx_word' id='word_1_300' title='bbox 1393 3762 1436 3830; x_wconf 78' lang='lat' dir='ltr'><strong>nri</strong></span> <span class='ocrx_word' id='word_1_301' title='bbox 1536 3811 1538 3816; x_wconf 87' lang='lat'><em>·</em></span> 
     </span>
     <span class='ocr_line' id='line_1_34' title="bbox 347 3872 1435 3960; baseline -0.004 -24"><span class='ocrx_word' id='word_1_302' title='bbox 347 3879 383 3936; x_wconf 94' lang='lat' dir='ltr'><strong>et</strong></span> <span class='ocrx_word' id='word_1_303' title='bbox 408 3872 509 3958; x_wconf 79' lang='lat' dir='ltr'><strong>petris</strong></span> <span class='ocrx_word' id='word_1_304' title='bbox 535 3873 676 3950; x_wconf 81' lang='lat' dir='ltr'><strong>Ricardi,</strong></span> <span class='ocrx_word' id='word_1_305' title='bbox 697 3881 732 3938; x_wconf 91' lang='lat' dir='ltr'><strong>et</strong></span> <span class='ocrx_word' id='word_1_306' title='bbox 756 3872 792 3938; x_wconf 91' lang='lat' dir='ltr'><strong>in</strong></span> <span class='ocrx_word' id='word_1_307' title='bbox 814 3881 947 3940; x_wconf 87' lang='lat' dir='ltr'><strong>tantum</strong></span> <span class='ocrx_word' id='word_1_308' title='bbox 969 3873 1123 3960; x_wconf 81' lang='lat' dir='ltr'><strong>processit</strong></span> <span class='ocrx_word' id='word_1_309' title='bbox 1145 3873 1275 3959; x_wconf 79' lang='lat' dir='ltr'><strong>loquela</strong></span> <span class='ocrx_word' id='word_1_310' title='bbox 1294 3872 1375 3938; x_wconf 77' lang='lat' dir='ltr'><strong>inter</strong></span> <span class='ocrx_word' id='word_1_311' title='bbox 1392 3887 1435 3932; x_wconf 73' lang='lat' dir='ltr'><strong>eos</strong></span> 
     </span>
     <span class='ocr_line' id='line_1_35' title="bbox 346 3974 1433 4064; baseline -0.002 -26"><span class='ocrx_word' id='word_1_312' title='bbox 346 3974 433 4060; x_wconf 91' lang='lat' dir='ltr'><strong>quod</strong></span> <span class='ocrx_word' id='word_1_313' title='bbox 454 3975 638 4040; x_wconf 85' lang='lat' dir='ltr'><strong>concordati</strong></span> <span class='ocrx_word' id='word_1_314' title='bbox 659 3977 792 4040; x_wconf 84' lang='lat' dir='ltr'><strong>fuerunt</strong></span> <span class='ocrx_word' id='word_1_315' title='bbox 813 3975 875 4040; x_wconf 84' lang='lat' dir='ltr'><strong>tali</strong></span> <span class='ocrx_word' id='word_1_316' title='bbox 895 3977 999 4054; x_wconf 90' lang='lat' dir='ltr'><strong>modo,</strong></span> <span class='ocrx_word' id='word_1_317' title='bbox 1013 3975 1101 4064; x_wconf 91' lang='lat' dir='ltr'><strong>quod</strong></span> <span class='ocrx_word' id='word_1_318' title='bbox 1122 3975 1281 4040; x_wconf 78' lang='lat' dir='ltr'><strong>Ricardue</strong></span> <span class='ocrx_word' id='word_1_319' title='bbox 1302 3997 1357 4062; x_wconf 90' lang='lat' dir='ltr'><strong>per</strong></span> <span class='ocrx_word' id='word_1_320' title='bbox 1373 3991 1433 4036; x_wconf 85' lang='lat' dir='ltr'><strong>oon·</strong></span> 
     </span>
     <span class='ocr_line' id='line_1_36' title="bbox 347 4077 1432 4166; baseline -0.002 -24"><span class='ocrx_word' id='word_1_321' title='bbox 347 4077 522 4143; x_wconf 83' lang='lat' dir='ltr'><strong>cessionem</strong></span> <span class='ocrx_word' id='word_1_322' title='bbox 547 4080 617 4146; x_wconf 87' lang='lat' dir='ltr'><strong>Eue</strong></span> <span class='ocrx_word' id='word_1_323' title='bbox 642 4078 787 4166; x_wconf 87' lang='lat' dir='ltr'><strong>predicte</strong></span> <span class='ocrx_word' id='word_1_324' title='bbox 812 4078 904 4144; x_wconf 90' lang='lat' dir='ltr'><strong>dedit</strong></span> <span class='ocrx_word' id='word_1_325' title='bbox 928 4079 1074 4166; x_wconf 87' lang='lat' dir='ltr'><strong>predicto</strong></span> <span class='ocrx_word' id='word_1_326' title='bbox 1103 4079 1248 4145; x_wconf 88' lang='lat' dir='ltr'><strong>Waltero</strong></span> <span class='ocrx_word' id='word_1_327' title='bbox 1276 4077 1432 4166; x_wconf 81' lang='lat' dir='ltr'><strong>predictam</strong></span> 
     </span>
     <span class='ocr_line' id='line_1_37' title="bbox 348 4176 1430 4270; baseline -0.001 -24"><span class='ocrx_word' id='word_1_328' title='bbox 348 4181 459 4246; x_wconf 82' lang='lat' dir='ltr'><strong>hidam</strong></span> <span class='ocrx_word' id='word_1_329' title='bbox 474 4190 559 4247; x_wconf 89' lang='lat' dir='ltr'><strong>terre</strong></span> <span class='ocrx_word' id='word_1_330' title='bbox 578 4204 637 4269; x_wconf 89' lang='lat' dir='ltr'><strong>per</strong></span> <span class='ocrx_word' id='word_1_331' title='bbox 655 4183 701 4248; x_wconf 90' lang='lat' dir='ltr'><strong>sic</strong></span> <span class='ocrx_word' id='word_1_332' title='bbox 720 4184 807 4270; x_wconf 89' lang='lat' dir='ltr'><strong>quod</strong></span> <span class='ocrx_word' id='word_1_333' title='bbox 824 4183 895 4248; x_wconf 84' lang='lat' dir='ltr'><strong>Eua</strong></span> <span class='ocrx_word' id='word_1_334' title='bbox 909 4184 1055 4270; x_wconf 87' lang='lat' dir='ltr'><strong>quietam</strong></span> <span class='ocrx_word' id='word_1_335' title='bbox 1069 4184 1224 4250; x_wconf 86' lang='lat' dir='ltr'><strong>clamaret</strong></span> <span class='ocrx_word' id='word_1_336' title='bbox 1239 4184 1301 4270; x_wconf 77' lang='lat' dir='ltr'><strong>ipsi</strong></span> <span class='ocrx_word' id='word_1_337' title='bbox 1314 4176 1430 4248; x_wconf 76' lang='lat' dir='ltr'><strong>Rioardo</strong></span> 
     </span>
     <span class='ocr_line' id='line_1_38' title="bbox 348 4277 1427 4375; baseline -0.001 -25"><span class='ocrx_word' id='word_1_338' title='bbox 348 4287 458 4352; x_wconf 90' lang='lat' dir='ltr'><strong>dotem</strong></span> <span class='ocrx_word' id='word_1_339' title='bbox 487 4309 587 4364; x_wconf 84' lang='lat' dir='ltr'><strong>suam,</strong></span> <span class='ocrx_word' id='word_1_340' title='bbox 617 4296 651 4352; x_wconf 91' lang='lat' dir='ltr'><strong>et</strong></span> <span class='ocrx_word' id='word_1_341' title='bbox 685 4289 745 4352; x_wconf 92' lang='lat' dir='ltr'><strong>hoo</strong></span> <span class='ocrx_word' id='word_1_342' title='bbox 780 4287 874 4354; x_wconf 86' lang='lat' dir='ltr'><strong>offert</strong></span> <span class='ocrx_word' id='word_1_343' title='bbox 908 4288 1044 4373; x_wconf 87' lang='lat' dir='ltr'><strong>probare</strong></span> <span class='ocrx_word' id='word_1_344' title='bbox 1077 4311 1137 4373; x_wconf 91' lang='lat' dir='ltr'><strong>per</strong></span> <span class='ocrx_word' id='word_1_345' title='bbox 1170 4309 1283 4375; x_wconf 86' lang='lat' dir='ltr'><strong>corpus</strong></span> <span class='ocrx_word' id='word_1_346' title='bbox 1314 4277 1427 4372; x_wconf 75' lang='lat' dir='ltr'><strong>predict-i</strong></span> 
     </span>
     <span class='ocr_line' id='line_1_39' title="bbox 348 4389 984 4477; baseline 0.003 -22"><span class='ocrx_word' id='word_1_347' title='bbox 348 4389 507 4477; x_wconf 83' lang='lat' dir='ltr'><strong>Stephani</strong></span> <span class='ocrx_word' id='word_1_348' title='bbox 523 4392 607 4454; x_wconf 82' lang='lat' dir='ltr'><strong>sicut</strong></span> <span class='ocrx_word' id='word_1_349' title='bbox 622 4391 711 4456; x_wconf 83' lang='lat' dir='ltr'><strong>curia</strong></span> <span class='ocrx_word' id='word_1_350' title='bbox 726 4389 984 4457; x_wconf 83' lang='lat' dir='ltr'><strong>considerauerit</strong></span> 
     </span>
    </p>
   </div>
   <div class='ocr_carea' id='block_1_7' title="bbox 0 0 1590 5075">
    <p class='ocr_par' dir='ltr' id='par_1_8' title="bbox 0 0 1590 5075">
     <span class='ocr_line' id='line_1_40' title="bbox 0 0 1590 5075; baseline 0 0"><span class='ocrx_word' id='word_1_351' title='bbox 0 0 1590 5075; x_wconf 95' lang='lat' dir='ltr'><strong> </strong></span> 
     </span>
    </p>
   </div>
  </div>
 </body>
</html>
