3167 5075
332 372 450 456 mmn
472 372 572 461 mon,
592 370 658 447 a'n.
681 377 841 459 raso-7,
864 395 926 446 sn
951 382 1000 446 21.
1143 364 1218 448 '229

123 594 205 638 sunm
224 572 283 638 uhi
303 572 410 637 locum
429 571 548 637 habere
567 569 669 657 possit
688 570 788 635 breue
808 568 848 634 do
863 576 960 648 recto,
974 568 1037 634 nisi
1051 568 1219 657 contingat

123 677 199 763 quod
223 676 375 743 dominus
402 676 550 763 capitalis
576 684 691 741 tenens
715 674 767 751 sit,
791 674 846 738 uel
870 672 954 739 alius
978 695 1037 760 per
1061 696 1137 739 eum
1161 674 1220 739 ubi

122 780 281 846 dominum
296 780 468 867 capitalem
483 800 597 843 uocare
613 778 713 864 possit
729 777 770 842 ad
782 786 970 855 warantum,
982 776 1059 863 quia
1069 776 1219 864 iniquum

123 892 198 948 esset
212 882 302 969 quod
316 882 462 947 duellum
477 888 562 946 esset
577 880 631 945 uel
646 902 765 967 magna
780 878 881 969 assisa
898 878 984 944 inter
1003 879 1170 945 dominum
1185 889 1220 946 et
1253 968 1256 974 Ι
1324 970 1328 975 .

123 996 284 1052 tenentem
301 970 420 1051 suum¹.

46 1084 91 1148 216.
180 1091 376 1175 Preceptum
412 1086 477 1152 fuit
512 1085 696 1152 uicecomiti
725 1085 811 1173 quod
840 1085 1057 1173 uthlegariam
1086 1108 1149 1171 que
1178 1085 1221 1151 ed
1313 1094 1326 1123 ⁰

123 1195 299 1280 proximum
311 1194 502 1259 comitatum
522 1216 617 1258 suum
637 1192 752 1257 debuit
772 1192 970 1281 promulgari
988 1192 1022 1257 in
1043 1192 1221 1257 Radulfum

123 1298 148 1363 le
162 1300 256 1363 Foun
270 1320 328 1383 pro
343 1305 446 1361 morte
461 1296 607 1361 Radulfi'
621 1296 680 1361 filii
698 1295 868 1361 Matillidis
890 1295 977 1360 unde
997 1303 1139 1361 rettatus
1158 1296 1222 1361 fuit

122 1410 251 1487 poneret
273 1400 308 1465 in
330 1409 512 1485 respectum
532 1422 635 1486 usque
655 1399 697 1465 ad
717 1399 900 1486 proximum
920 1399 1111 1464 comitatum
1125 1421 1222 1464 suum

122 1513 187 1590 post
215 1503 484 1568 Purificacionem
514 1510 573 1567 etc.
606 1523 690 1567 anno
719 1502 788 1579 tali,
819 1511 853 1567 et
886 1503 1019 1571 interim
1048 1506 1224 1595 diligenter

122 1607 295 1693 inquireret
309 1627 368 1692 per
381 1615 619 1671 sacramentum
634 1606 807 1691 proborum
827 1615 861 1671 et
881 1608 1035 1695 legalium
1054 1609 1222 1675 hominum

122 1710 157 1774 de
170 1709 331 1775 comitatu
346 1731 404 1773 suo
418 1717 530 1773 utrum
551 1709 716 1794 predictus
736 1708 896 1774 Radulfus
916 1719 1058 1777 rettatus
1077 1721 1162 1778 esset
1181 1712 1222 1779 de

123 1824 218 1879 morte
234 1813 294 1878 illa
308 1813 380 1877 odio
396 1821 430 1877 et
444 1821 522 1899 atyn
542 1821 576 1878 et
596 1836 660 1899 quo
680 1812 753 1878 odio
773 1821 808 1877 et
828 1836 893 1898 qua
912 1815 1020 1901 athya,
1035 1838 1077 1879 an
1097 1815 1125 1881 si
1147 1838 1222 1880 eum

122 1920 243 1996 occidit,
258 1919 364 2004 ipsum
380 1917 498 1983 occidit
512 1918 547 1982 in
563 1918 680 1982 felonia
695 1917 749 2007 uel
764 1916 847 2005 inse
863 1918 1073 1985 defendendo.

183 2023 226 2087 Et
243 2021 414 2107 inquisieio
428 2044 487 2107 per
501 2022 683 2086 Walterum
704 2020 744 2087 de
766 2021 865 2088 Cotes
885 2033 919 2088 et
938 2024 1046 2109 plures
1065 2024 1144 2089 alios
1164 2030 1225 2090 etc.

123 2128 219 2205 uenit,
235 2126 294 2213 qui
308 2148 419 2191 omnes
434 2126 548 2191 dicunt
563 2148 660 2212 super
674 2135 911 2192 sacramentum
926 2150 1022 2193 suum
1037 2128 1123 2215 quod
1138 2128 1224 2193 idem

123 2230 280 2297 liedulfus
294 2253 359 2294 non
375 2229 492 2295 occidit
507 2230 631 2295 dictum
651 2230 832 2295 Robertum
852 2230 956 2295 filium
977 2232 1147 2297 Matillidis
1166 2255 1226 2298 nee

123 2335 190 2399 odio
205 2358 268 2399 nec
283 2335 376 2399 athia
395 2357 454 2399 uec
476 2333 510 2398 in
530 2334 649 2398 felonia
668 2342 719 2398 set
739 2334 774 2397 in
795 2356 829 2399 se
849 2334 1058 2401 defendendo:
1102 2336 1227 2402 Dicunt

123 2440 219 2503 eciam
238 2438 324 2524 quod
345 2438 453 2503 dictus
474 2438 635 2503 Robertus
655 2438 768 2503 solitus
790 2439 854 2503 fuit
876 2439 996 2505 intrare
1018 2440 1053 2504 in
1075 2440 1227 2506 forestam

124 2543 213 2608 Dom.
235 2542 374 2610 Comitis
397 2542 438 2607 de
458 2541 597 2607 Ferariis
617 2541 669 2607 die
690 2551 725 2608 et
749 2553 843 2608 nocte
867 2552 901 2607 et
925 2541 1083 2608 berciare⁸
1106 2542 1227 2609 bestias

124 2645 221 2730 ipsius
253 2645 391 2712 Comitis
420 2654 456 2710 et
485 2645 584 2709 furari
613 2645 697 2710 sicut
727 2645 914 2736 malefactor
942 2654 976 2710 et
1005 2646 1092 2732 quod
1120 2647 1228 2712 dictus

114 2735 281 2814 'hadulfus
318 2733 382 2812 fuit
418 2746 604 2812 forestarius
639 2747 741 2833 ipsius
776 2747 914 2813 Comitis
943 2770 981 2812 eo
1010 2757 1163 2834 tempore,
1193 2757 1228 2814 et

124 2853 251 2918 inuenit
287 2853 427 2939 quadam
464 2851 516 2916 die
553 2851 677 2917 dictum
714 2853 896 2917 Robertum
933 2874 1031 2938 super
1065 2853 1227 2939 quandam

125 2956 261 3022 bestiam
278 2959 376 3042 quam
391 2956 479 3020 idem
494 2956 656 3021 Robertus
671 2965 705 3021 ot
721 2956 776 3020 alii
797 2957 1018 3021 malefactores
1035 2957 1228 3034 occiderunt,

126 3061 208 3146 quod
223 3083 299 3126 cum
314 3060 422 3125 dictus
437 3061 598 3125 Robertus
613 3060 698 3124 uidit
713 3060 838 3125 dietum
850 3061 1027 3125 Redulfum
1042 3063 1229 3126 uenientem

126 3163 155 3226 ei
190 3163 366 3228 assultauit
403 3171 438 3226 et
475 3163 653 3240 wlnerauit,
682 3172 733 3228 set
769 3151 876 3228 dictus
912 3163 1072 3229 Radulfus
1105 3163 1231 3229 dictum

126 3267 304 3332 Robertum
328 3265 447 3331 occidit
471 3265 505 3330 in
526 3289 559 3332 se
584 3266 793 3332 defendendo.
839 3268 883 3331 Et
903 3266 981 3353 quia
1000 3275 1159 3332 testatum
1181 3275 1232 3332 est

127 3371 210 3455 quod
233 3370 321 3434 idem
344 3370 507 3435 Robertus
529 3370 592 3435 fuit
614 3371 786 3457 pupplicus
808 3371 996 3435 malefactor
1017 3372 1051 3435 in
1073 3371 1176 3457 parcis
1197 3379 1233 3436 et

127 3473 268 3538 forestis‘
291 3482 325 3538 et
350 3474 429 3560 quia
452 3473 521 3559 ipse
546 3475 704 3539 insultum
731 3475 809 3540 fecit
835 3474 941 3540 eidem
967 3475 1106 3540 Radulfo
1129 3474 1234 3541 etita

128 3577 211 3663 quod
232 3599 266 3644 se
286 3577 492 3642 defendendo
511 3578 618 3664 ipsum
638 3578 802 3644 interfecit
825 3579 902 3665 quia
923 3602 988 3643 non
1009 3580 1118 3664 potuit
1139 3580 1235 3645 aliter

160 3774 168 3806 ¹
186 3773 250 3824 Thi
258 3775 280 3824 is
292 3775 358 3825 Fitn.
372 3777 503 3835 cecinam,
517 3775 555 3823 13.
578 3775 654 3824 Brac-
706 3789 789 3824 suam.
819 3774 935 3824 Stetutee
947 3775 976 3824 of
984 3774 1029 3824 the
1040 3775 1139 3836 Realm‚
1150 3777 1200 3828 rol.
1211 3778 1234 3838 1,

128 3843 182 3898 ton,
195 3841 213 3888 i.
226 3842 281 3898 281,
289 3855 382 3902 argues
391 3845 419 3888 nt
431 3841 520 3902 length
532 3840 590 3890 that
602 3839 656 3888 this
706 3855 731 3903 p.
745 3841 783 3888 11.

130 3920 182 3952 new
200 3905 256 3953 vnit
272 3906 295 3954 ir
313 3911 359 3955 not
375 3911 499 3968 contrary
515 3909 543 3954 to
560 3905 656 3967 Magna
738 3903 749 3936 ¹
766 3905 807 3953 He
817 3904 935 3953 becomes
946 3906 1066 3954 Refertur
1077 3905 1165 3956 below.

130 3971 208 4020 Certa
235 3971 286 4020 and
311 3969 374 4020 does
395 3985 431 4020 no
453 3969 540 4032 injur-y
562 3973 589 4019 to
612 3969 656 4019 the
739 3968 884 4018 3Το11ιιιι1
899 3969 985 4019 beasts
999 3971 1034 4032 by
1044 3969 1148 4033 driving
1164 3971 1236 4022 them

118 4035 207 4083 -lorda
241 4035 299 4084 Itis
310 4035 356 4084 but
367 4050 402 4084 cn
418 4034 553 4084 extension
569 4035 598 4084 of
613 4034 657 4084 the
707 4035 764 4084 into
791 4035 947 4088 enclosures.
980 4035 1023 4084 Du
1050 4035 1137 4097 Gange
1165 4050 1187 4086 s.
1210 4053 1235 4087 v.

130 4113 275 4160 possessory
290 4101 387 4150 assizes
404 4100 529 4161 although
546 4099 657 4148 inform
708 4103 785 4150 hersa.

131 4164 151 4214 it
174 4164 232 4212 ise
250 4165 368 4228 Praecipe
386 4165 454 4226 quod
471 4165 568 4214 reddat.
603 4164 658 4213 The
740 4163 823 4213 ⁴The
834 4163 977 4213 discussion
988 4163 1236 4216 demalefactoribue

131 4229 214 4277 words
226 4230 253 4277 oi
262 4229 305 4279 the
314 4231 423 4278 (thartcr
434 4245 485 4287 are,
499 4231 581 4278 Breue
590 4229 659 4292 quod
709 4228 737 4278 in
756 4229 841 4290 parcis
861 4229 963 4278 notiecd
983 4229 1010 4277 in
1027 4244 1075 4280 sec.
1096 4232 1125 4279 11
1147 4232 1175 4280 oi
1193 4231 1237 4280 the

132 4298 241 4342 uocatur
259 4295 362 4357 Precipe
379 4295 410 4344 de
431 4298 516 4343 cetero
537 4309 590 4344 non
612 4295 659 4343 fiat
711 4295 813 4344 Statute
832 4293 861 4343 of
881 4294 983 4342 Merton
1003 4310 1065 4358 may
1085 4294 1151 4345 have
1172 4296 1236 4346 been

132 4357 212 4407 nlicui
239 4358 268 4407 de
294 4359 384 4420 aliquo
411 4363 559 4409 tenemento
590 4359 661 4408 unde
711 4357 863 4409 occasioned
875 4358 1048 4422 bythiscase.

133 4424 198 4472 liber
221 4422 295 4474 homo
316 4423 401 4487 possit
422 4425 541 4475 amittere
563 4423 661 4474 curiam
