3167 5075
225 3353 318 3415 1901.

353 389 416 458 674
482 404 637 454 surrorr
661 403 752 452 rrrs
775 403 819 452 or
842 403 1043 453 mrsssom
1064 401 1138 450 iro
1161 401 1328 460 secam,

352 553 458 618 eidem
486 551 609 618 Jacobo
638 559 760 616 terram
795 551 886 616 illam
914 549 1079 616 reddendo
1107 573 1166 636 per
1199 571 1325 613 annum
1354 545 1454 611 eidem

352 657 517 722 Willelmo
545 680 571 722 c.
596 655 652 721 sol.
677 678 734 741 pro
758 654 909 719 omnibus
935 654 1080 719 seruiciis
1104 651 1397 719 consuetudinibus
1424 660 1457 712 et

354 756 582 824 exaccionibus
604 765 714 844 preter
736 757 912 822 seruicium
932 757 1061 821 dimidii
1079 755 1204 832 militis,
1222 762 1256 819 et
1277 753 1357 840 quia
1375 750 1457 816 idem

353 859 536 924 Willelmus
551 861 713 946 cognoscit
729 859 816 946 quod
830 859 991 945 predictos
1009 858 1091 923 duos
1110 858 1229 922 solidos
1249 879 1309 942 per
1328 877 1457 920 manum

353 983 446 1027 suam
469 962 611 1028 reddidit
635 963 831 1049 capitalibus
853 962 1002 1039 dominis,
1027 961 1267 1025 consideratum
1297 966 1348 1023 est
1377 956 1459 1042 quod

354 1051 647 1130 idem'Willelmus
668 1066 835 1151 acquietet
854 1065 1037 1152 predictum
1059 1064 1221 1129 «Iacobum
1242 1061 1286 1126 dc
1307 1061 1459 1148 predictis

353 1169 480 1235 duobus
502 1169 611 1234 solidis
633 1169 781 1234 redditus
803 1191 917 1234 uersus
939 1168 1094 1254 capitales
1115 1167 1274 1244 dominos,
1296 1174 1332 1231 et
1359 1165 1402 1230 sit
1426 1164 1458 1227 in

354 1272 570 1338 misericordia
585 1271 662 1357 quia
676 1294 752 1344 eum
768 1294 834 1336 non
849 1271 1058 1357 acquistauit.

418 1377 470 1441 Dc
485 1377 525 1462 vj.
542 1376 596 1440 sol.
612 1376 759 1441 redditus
775 1375 834 1441 fiat
849 1376 1019 1462 inquisicio
1034 1384 1146 1441 utrum
1161 1375 1225 1461 ipsi
1239 1383 1391 1440 tenentes
1404 1396 1457 1459 per
1554 1418 1555 1433 .

354 1503 487 1546 manum
511 1503 604 1544 suam
625 1479 846 1557 reddiderunt,
869 1481 925 1544 uel
946 1480 1017 1568 ipsc
1038 1479 1225 1545 Willelmus
1245 1501 1305 1565 per
1327 1501 1456 1542 manum
1554 1502 1555 1539 l

354 1606 455 1649 suam.
500 1583 544 1648 Et
559 1583 613 1669 xij.
634 1584 793 1649 iuratores
815 1585 855 1649 dc
878 1607 1034 1651 consensu
1055 1583 1203 1670 parcium
1223 1583 1267 1648 ad
1287 1583 1349 1647 hoc
1368 1581 1458 1646 electi

355 1687 469 1753 dicunt
485 1687 571 1773 quod
585 1687 651 1753 duo
665 1697 816 1753 tenentes
831 1710 968 1774 quorum
989 1710 1074 1754 unus
1093 1687 1237 1752 reddidit
1257 1695 1326 1752 tres
1347 1685 1458 1751 solidos
1554 1704 1555 1769 ᾗ

355 1799 391 1856 et
415 1791 499 1856 alius
525 1791 578 1877 xij.
605 1791 686 1868 dem,
711 1792 768 1878 qui
792 1800 944 1857 tenentes
967 1792 1169 1856 uocabantur
1190 1791 1357 1856 Robertus
1377 1790 1459 1854 filius
1554 1806 1555 1853 3

357 1879 474 1962 Clerici
489 1905 523 1961 et
543 1896 728 1961 Willelmus
751 1896 933 1973 Marchant,
952 1895 1165 1960 reddiderunt
1183 1895 1351 1960 redditum
1371 1895 1458 1959 illum

356 2001 494 2066 Ricardo
509 2001 666 2065 seruienti
681 2001 821 2086 predicti
836 2000 994 2069 Willelmi
1007 2000 1068 2064 filii
1088 1999 1253 2064 Roscslini
1267 1999 1326 2085 qui
1340 1999 1459 2063 solebat
1554 2000 1555 2065 ζ

354 2105 503 2192 colligere
520 2113 627 2168 totum
643 2105 808 2169 redditum
830 2103 923 2168 illum
946 2113 981 2168 et
1001 2103 1152 2168 similiter
1169 2112 1276 2168 tot-um
1297 2104 1458 2168 redditum
1554 2118 1555 2187 j

355 2209 442 2288 uille,
458 2218 492 2274 ct
507 2209 594 2308 idem
610 2209 767 2274 Ricardus
783 2209 928 2294 predicto
939 2217 1084 2294 tempore
1097 2231 1162 2296 quo
1171 2207 1358 2273 Willelmus
1371 2207 1458 2272 dedit

355 2313 533 2399 predictam
564 2322 684 2378 terram
713 2313 859 2399 predicto
892 2313 1016 2377 «Iacobo
1050 2321 1085 2378 et
1113 2313 1171 2378 diu
1204 2321 1304 2378 antea
1338 2311 1459 2377 solebat

356 2418 488 2484 reddere
504 2418 576 2482 illos
590 2424 731 2503 quatuor
746 2417 864 2482 solidos
878 2425 913 2482 et
928 2417 1008 2483 duos
1028 2418 1146 2483 solidos
1166 2418 1206 2483 de
1227 2418 1327 2482 bursa
1341 2440 1399 2481 sua
1417 2416 1457 2480 de

356 2517 496 2585 denariis
511 2515 634 2611 domini
649 2516 701 2582 sui
716 2523 750 2581 et
764 2539 822 2601 pro
843 2514 972 2581 domino
992 2539 1051 2582 suo
1071 2517 1120 2582 ita
1134 2517 1219 2604 quod
1234 2516 1298 2603 ipsi
1313 2523 1459 2581 teneritas

356 2645 524 2709 nunquam
551 2622 698 2685 fecerunt
721 2618 918 2683 fidelitatem
940 2620 1073 2685 ecclesie
1095 2629 1146 2685 set
1167 2642 1295 2707 semper
1317 2621 1461 2686 seoenmt
1554 2637 1555 2640 ’

356 2733 464 2789 totum
485 2723 659 2789 seruicium
681 2744 777 2787 suum
800 2722 945 2807 predicto
967 2721 1132 2788 Willelmo
1153 2722 1285 2788 domino
1306 2746 1373 2790 suo
1414 2723 1460 2787 Et
1554 2781 1555 2794 ,

356 2829 429 2893 ideo
466 2828 704 2894 consideratum
741 2834 791 2891 est
828 2825 914 2913 quod
950 2826 1116 2911 predictus
1152 2827 1340 2892 Willelmus
1374 2827 1459 2891 filius

357 2933 519 2999 Roscelini
548 2942 582 3001 et
612 2931 746 2999 herodes
782 2930 834 2995 sui
868 2931 1056 3017 acquietent
1088 2930 1195 3017 ipsum
1229 2931 1390 2996 Jacobum
1423 2941 1461 2995 et

357 3037 491 3104 heredes
505 3060 580 3103 suos
594 3038 635 3103 de
650 3036 804 3123 predictis
822 3035 862 3121 vj.
884 3036 940 3101 sol,
964 3057 1077 3101 uersus
1096 3035 1275 3121 predictam
1296 3034 1459 3101 ecclesiam

356 3143 391 3207 in
412 3151 616 3229 perpetuum,
637 3150 671 3205 et
694 3140 878 3205 Willelmus
900 3140 944 3205 sit
965 3140 1001 3205 in
1023 3139 1241 3205 misericordia
1261 3163 1321 3227 pro
1342 3140 1461 3205 iniusta
1554 3145 1555 3214 ξ

355 3246 548 3313 detensione
563 3255 622 3311 etc.
981 3256 984 3263 '

422 3348 599 3414 ¹Robertus
614 3348 654 3413 de
671 3346 831 3413 Coleuilla
845 3346 967 3432 optulit
981 3368 1015 3412 sc
1030 3346 1111 3434 iiij20.
1126 3346 1179 3410 die
1192 3370 1306 3412 uersus
1317 3347 1460 3413 Rannul-

357 3451 426 3515 fum
442 3450 554 3517 Starki
574 3459 608 3515 et
625 3450 760 3515 Elenam
775 3472 909 3514 uxorem
924 3450 995 3515 cius
1016 3450 1056 3515 de
1076 3450 1196 3536 placito
1211 3474 1263 3517 xx.
1278 3452 1362 3517 acris
1377 3452 1461 3517 bosci
1554 3465 1555 3504 f

176 3628 178 3631 ¹
192 3569 332 3657 mum
356 3578 430 3620 cum
443 3563 522 3641 pert.
535 3554 569 3619 in
582 3554 768 3631 Karletona,
783 3554 870 3619 unde
884 3553 972 3619 idem
988 3554 1171 3620 Rannulfus
1183 3555 1296 3621 Starlri
1311 3565 1347 3621 et
1362 3556 1462 3622 Eleus

193 3665 282 3704 mudum
291 3674 321 3702 cs-

193 3711 309 3751 sontumdc

357 3681 438 3724 uxor
463 3658 533 3724 eius
556 3666 733 3745 posuerunt
755 3680 789 3723 se
811 3657 847 3723 in
868 3680 1020 3744 magnam
1042 3658 1174 3723 assisam
1198 3666 1259 3724 etc.
1307 3659 1352 3723 Et
1375 3659 1460 3723 Ran-

193 3862 305 3982 (Γῆ
246 3851 325 3890 ΗΜ
356 3861 439 3927 lecti.
486 3861 551 3928 Sed
567 3860 729 3926 essonium
744 3884 809 3926 non
823 3862 996 3927 allocatum
1013 3863 1087 3941 luit,
1103 3863 1182 3950 quia
1195 3884 1310 3927 omnes
1323 3863 1460 3927 essonia·

193 3944 305 4030 εεα1η1ι11
298 4001 335 4029 noc

193 4040 236 4076 dlrc
238 4038 343 4076 muer-sd

192 4084 266 4123 lutubl

192 4131 308 4217 mser

321 3954 441 4033 'tores
463 3973 685 4053 cognouerunt
711 3966 800 4053 quod
822 3990 888 4031 non
918 3968 1051 4032 fuerunt
1073 3968 1221 4033 homines
1242 3966 1459 4053 predictorum

325 4048 510 4135 Rannmfi
535 4078 569 4134 et
599 4070 709 4148 Elenc,
733 4093 793 4135 nec
820 4070 986 4135 sciuerunt
1008 4071 1115 4136 dicere
1137 4070 1195 4135 ubi
1224 4070 1407 4147 iacuerunt,
1427 4077 1460 4132 et

356 4172 542 4238 habuerunt
567 4172 654 4237 diem
681 4174 721 4239 de
748 4175 850 4240 banco
875 4174 917 4239 ad
939 4174 1275 4253 Westmonasterium‚
1297 4174 1348 4238 ita
1377 4170 1458 4259 quod

355 4278 410 4363 xij.
436 4277 557 4343 milites
583 4278 772 4343 summoniti
799 4279 933 4343 fuerunt
961 4278 1004 4344 ad
1033 4278 1168 4345 faciend’
1197 4278 1457 4364 recognicioncm

825 4442 834 4472 ¹
852 4440 882 4489 Δ.
894 4455 929 4489 m.
944 4442 984 4491 14.
