3167 5075
297 432 318 493 a
610 436 749 498 mama,
770 434 836 487 an.
860 422 955 497 1224,
976 385 1041 489 aa
1063 426 1092 489 a

175 624 248 689 953.
361 614 469 683 Alicia
496 636 561 702 que
591 612 656 678 luit
685 634 766 677 uxor
795 611 915 700 Rogen'
944 610 986 677 de
1016 612 1145 679 Chaure
1174 613 1260 700 petit
1294 636 1410 681 uersus

157 721 266 765 ΗΜΛ
297 722 455 788 Thomem
475 719 516 784 de
537 718 614 784 Hou
635 716 769 783 terciam
788 724 917 803 partem
931 714 957 802 j.
973 715 1055 803 uirg.
1071 725 1156 782 terre
1176 739 1251 783 eum
1269 726 1351 803 pert
1370 717 1407 783 in

297 822 545 893 Wathsmstede
560 830 600 888 ut
614 820 723 887 dotem
739 842 833 885 suam
847 818 935 885 unde
955 820 1120 906 predictus
1138 820 1286 909 Rogerus
1305 844 1407 908 quon-

297 930 373 997 dum
388 929 440 995 uir
453 950 531 995 suus
546 948 618 991 eam
633 924 762 990 dotauit
777 932 837 990 ete
853 924 906 990 die
922 933 982 991 ete

364 1033 408 1098 Et
433 1031 573 1097 Thomas
596 1029 690 1096 uenit
713 1036 748 1095 et
771 1029 852 1094 dicit
877 1030 964 1116 quod
986 1052 1053 1095 non
1075 1030 1175 1097 debet
1197 1030 1273 1097 inde
1295 1030 1408 1097 dotem

297 1136 417 1202 habere
430 1134 509 1223 quia
522 1134 594 1220 ipsa
608 1154 775 1219 nunquam
788 1131 852 1197 fuit
863 1131 905 1197 ad
916 1132 1060 1198 hostium
1071 1133 1204 1200 ecclesie
1214 1133 1409 1222 desponsata

296 1262 357 1309 nec
386 1240 500 1306 dotete
527 1238 705 1304 secundum
731 1236 825 1325 regni
848 1237 1127 1317 consuetudinem,
1152 1246 1203 1304 set
1228 1261 1343 1305 reuera
1367 1264 1408 1306 ea

296 1353 391 1411 noete
411 1366 477 1431 qua
497 1342 644 1428 Rogemus
664 1339 745 1405 obiit
764 1339 800 1404 in
819 1339 960 1405 erastino
978 1363 1105 1406 summo
1119 1364 1215 1407 mane
1233 1351 1406 1431 postquam

296 1448 485 1516 memoriam
499 1447 653 1514 amiserat
667 1444 877 1531 desponsauit
892 1467 965 1510 eam
980 1453 1015 1510 et
1034 1444 1108 1511 ideo
1127 1469 1192 1512 non
1212 1446 1311 1513 debet
1329 1447 1406 1515 inde

297 1552 407 1619 dotem
422 1548 565 1616 habere¹.

361 1656 406 1720 Et
420 1653 527 1719 Alicia
540 1676 599 1739 per
612 1660 815 1719 attornatum
828 1674 925 1718 suum
940 1652 1020 1719 dieit
1035 1654 1122 1741 qued
1138 1654 1203 1720 fuit
1213 1654 1407 1741 desponsata

296 1758 338 1825 ad
364 1757 532 1823 eeclesiam
558 1755 599 1822 de
625 1754 873 1821 Wathamatede
902 1778 962 1842 per
985 1778 1014 1821 v.
1040 1780 1141 1823 annos
1166 1765 1243 1825 ante
1269 1766 1407 1823 mortem

296 1859 417 1948 Rogeri
432 1867 467 1924 et
482 1858 558 1923 inde
573 1857 723 1944 producit
737 1866 860 1923 sectam
875 1859 942 1925 scil
957 1859 1040 1925 tales
1054 1860 1112 1946 qui
1126 1861 1187 1926 hoe
1201 1868 1372 1927 testantur.

363 1964 407 2029 Et
422 1962 562 2027 Thomas
575 1960 661 2047 petit
675 1960 738 2027 sibi
755 1961 886 2027 alloeari
905 1963 992 2049 quod
1011 1963 1212 2031 Alexander*
1230 1972 1281 2030 est
1300 1972 1403 2030 attor-

297 2076 394 2135 natus
408 2065 513 2132 Alieie
527 2073 563 2131 et
577 2064 724 2131 defendit
734 2066 821 2151 quod
832 2089 1000 2153 nunquam
1011 2067 1075 2132 fuit
1085 2066 1199 2133 dotata
1208 2066 1250 2133 ad
1261 2066 1405 2133 hostium

297 2170 484 2237 monasterii
498 2178 533 2235 et
543 2168 620 2235 inde
632 2169 724 2257 ponit
736 2192 770 2234 se
782 2192 880 2256 super
890 2169 1037 2256 patriam
1076 2170 1120 2235 Et
1131 2170 1239 2235 Alicia
1248 2171 1406 2238 similiter.

299 2276 343 2341 Et
366 2274 439 2339 ideo
463 2274 521 2339 fiat
546 2273 623 2338 inde
649 2273 758 2337 iurata
781 2281 817 2337 et
842 2272 956 2338 ueniat
981 2274 1041 2338 tali
1067 2272 1120 2339 die
1145 2274 1351 2361 reeogniture
1378 2274 1408 2340 si

297 2378 445 2465 Rogems
459 2375 512 2440 die
526 2397 593 2461 qua
606 2397 678 2439 eam
692 2375 902 2461 desponsauit
915 2375 958 2441 ad
972 2375 1116 2441 hostium
1135 2378 1323 2443 monasterii
1343 2386 1407 2445 ete.

298 2478 427 2548 dotauit
441 2500 513 2544 eam
528 2478 569 2544 de
584 2476 730 2565 predicta
744 2486 831 2544 terre
845 2478 899 2544 uel
914 2501 979 2544 non
993 2486 1053 2545 ete

202 2705 232 2735 ⁰¹²
299 2687 352 2754 die
367 2708 480 2753 uersus
495 2687 658 2772 Agnetem
674 2685 714 2750 de
730 2685 825 2771 Rupe
841 2708 904 2772 que
919 2709 954 2751 se
968 2687 1145 2753 essoniauit
1164 2688 1205 2753 de
1225 2690 1310 2755 malo
1330 2635 1409 2756 lecti

299 2815 412 2859 uersus
434 2813 510 2856 eum
530 2790 571 2855 de
593 2789 713 2876 placito
736 2798 822 2854 terre
844 2798 905 2858 ete.
949 2790 994 2855 Et
1012 2791 1125 2878 Agnes
1144 2814 1209 2857 non
1229 2793 1322 2858 uenit
1344 2800 1405 2859 ete

300 2897 344 2962 Et
358 2895 510 2962 Oliuerus
525 2893 555 2960 le
571 2894 689 2980 Moyne
704 2893 807 2959 etalii
819 2903 885 2959 tres
895 2894 1018 2960 milites
1027 2895 1071 2960 ad
1081 2918 1154 2961 eem
1165 2896 1256 2962 missi
1265 2896 1407 2962 ueniunt

298 3009 334 3067 et
355 3001 469 3066 dieunt
491 2998 577 3086 quod
599 2998 742 3065 nondum
767 2999 920 3064 uiderunt
945 3021 1019 3064 eam
1044 3022 1084 3065 eo
1112 3001 1199 3085 quod
1222 3000 1407 3068 Willelmue

298 3106 399 3192 Moyn
413 3104 580 3191 predictus
594 3103 710 3169 absens
730 3102 795 3168 fuit
815 3111 850 3168 et
871 3125 1005 3168 manens
1025 3103 1061 3169 in
1080 3105 1238 3171 comitatu
1254 3105 1406 3172 musae.

299 3209 344 3276 Et
369 3209 443 3274 ideo
468 3214 659 3295 preceptum
684 3213 735 3271 est
760 3207 808 3271 eia
829 3207 916 3294 quod
937 3207 1023 3272 sieut
1044 3207 1188 3295 diligunt
1209 3215 1311 3274 terras
1331 3229 1408 3274 suas

298 3323 334 3380 et
356 3321 546 3378 tenementa
567 3311 703 3376 uideant
725 3318 784 3377 ete
808 3319 878 3388 ete,
902 3318 937 3376 et
960 3312 988 3376 si
1011 3335 1075 3376 non
1097 3313 1141 3377 sit
1163 3313 1298 3399 languor
1320 3311 1408 3398 quod

297 3417 379 3483 dent
393 3417 425 3482 ei
439 3416 527 3481 diem
543 3423 602 3481 ete.
620 3423 654 3480 et
669 3423 748 3480 tune
763 3414 907 3480 habeant
922 3414 1079 3480 iudicium
1094 3438 1189 3481 suum
1205 3415 1246 3480 de
1261 3415 1391 3480 defalta

242 3581 249 3596 ,
305 3577 307 3582 .
363 3519 556 3606 Preeeptum
572 3518 637 3584 luit
652 3517 837 3582 uieeaomiti
851 3518 952 3583 semel
967 3526 1002 3582 et
1016 3518 1136 3584 iterum
1151 3526 1186 3583 et
1205 3518 1305 3584 tereio
1319 3517 1406 3605 quod

298 3623 334 3688 in
355 3623 452 3710 pleno
478 3621 634 3686 comitatu
661 3620 822 3685 reeordari
847 3620 967 3686 faceret
992 3619 1154 3706 loquelam
1184 3644 1248 3707 que
1277 3621 1341 3686 fuit
1369 3621 1406 3686 in

297 3727 412 3795 eodem
436 3725 595 3791 comitatu
620 3725 707 3790 inter
730 3724 888 3790 Thomam
913 3724 954 3792 de
980 3724 1148 3790 Lineolnia
1173 3733 1343 3812 petentem
1369 3734 1405 3791 et

298 3830 475 3898 Radullum
490 3829 531 3894 de
547 3828 774 3895 Normanuilla
787 3836 822 3894 et
837 3828 1033 3895 Gilibertum
1048 3828 1089 3894 de
1107 3829 1243 3896 Biseehe
1254 3837 1406 3896 tenentes

298 3936 339 4003 de
361 3957 418 4001 sex
438 3933 520 4020 uirg.
543 3941 627 3999 terre
650 3940 684 3999 et
702 3933 726 4019 j.
749 3933 859 4000 bouat.
882 3943 917 3999 et
937 3935 1000 4021 xvj.
1025 3957 1086 4001 aer.
1110 3943 1196 4000 terre
1221 3942 1256 4000 et
1281 3933 1407 4000 duobus

298 4038 390 4104 tostis
415 4037 449 4103 in
474 4036 601 4124 Thorpe
628 4036 715 4102 unde
741 4036 830 4102 idem
856 4036 996 4103 Thomas
1021 4037 1170 4124 queritur
1197 4037 1314 4103 falsum
1342 4037 1408 4104 sibi

299 4143 422 4208 fectum
437 4141 535 4208 luisse
549 4141 708 4208 iudicium
723 4150 784 4207 ete

334 4340 404 4390 ¹.Br
416 4341 435 4390 t.
446 4341 487 4400 92,
499 4341 556 4391 804.
876 4339 900 4390 is
916 4339 1010 4392 Alioa’a
1025 4341 1210 4406 attomeyand
1226 4341 1354 4393 &maiore
1370 4357 1408 4394 ne

333 4405 407 4456 'See
418 4405 484 4456 (iase
494 4406 551 4457 941.
584 4404 640 4456 The
655 4405 810 4470 obiection'
802 4421 826 4456 rs
877 4405 943 4469 good
956 4406 1071 4458 witness.

300 4471 360 4522 that
374 4485 423 4522 one
434 4470 463 4521 ol
471 4470 517 4521 the
528 4471 655 4522 members
664 4473 691 4523 ol
702 4471 747 4522 the
756 4477 827 4522 seete
