3167 5075
355 424 473 473 consu
495 424 594 486 snas,
615 422 680 472 an.
704 406 864 483 1236-7,
885 421 948 471 aa
973 408 1023 471 21.
1179 408 1243 471 189

141 602 198 661 etc.
224 595 352 661 racione
380 596 604 661 eschaetarum
630 604 690 661 etc
714 600 750 660 et
775 616 835 681 per
855 594 1040 682 predictum
1065 593 1164 659 finem
1189 593 1248 679 qui

141 698 283 766 nondum
303 699 496 778 infirmetur,
511 698 748 765 consideratum
770 705 821 763 est
843 698 930 784 quod
952 698 1068 763 Comes
1089 695 1247 761 Ricardus

141 801 344 888 recuperauit
381 801 533 867 seisinam
569 823 662 866 suem
698 800 826 865 racione
854 799 1000 885 predicte
1028 798 1183 876 custodie,
1212 805 1247 862 et

142 904 280 971 Thomas
323 908 359 971 in
402 905 626 971 misericordia
694 905 738 970 Et
774 904 966 971 mandatum
1002 912 1054 971 est
1089 904 1247 991 Episcopo

141 1008 315 1073 Exoniensi
337 1016 397 1073 ete

28 1109 107 1176 1173.
205 1111 402 1177 'Ostensum
430 1110 494 1175 luit
518 1111 611 1175 Dom.
637 1110 722 1197 Regi
749 1133 790 1175 ex
816 1119 909 1197 perte
935 1111 986 1176 W.
1011 1110 1161 1197 Episcopi
1187 1109 1246 1175 Os·
1319 1132 1331 1161 ⁰

140 1214 288 1279 soriensis
317 1215 371 1281 cui
399 1216 493 1281 Dom.
520 1215 591 1279 Rex
617 1215 791 1301 aliquando
816 1215 952 1281 tradidit
975 1216 1017 1280 ed
1042 1215 1247 1279 uoluntatem

140 1342 232 1384 susm
247 1320 323 1385 dim.
339 1342 443 1385 ceruc.
456 1328 542 1385 terre
557 1341 632 1384 cum
647 1328 728 1406 pert.
745 1320 779 1385 in
794 1320 989 1385 Homodona
1005 1328 1040 1383 et
1056 1318 1248 1404 Episcopus¹

140 1422 274 1488 Matheo
287 1423 329 1489 de
344 1424 485 1509 Rumely
499 1432 534 1488 et
548 1423 635 1488 idem
647 1424 801 1491 Matheus
811 1424 902 1490 illem
913 1422 1100 1489 tradidisset
1110 1422 1249 1488 ulterius

140 1528 316 1593 Eustachio
344 1528 385 1594 de
415 1529 581 1596 Gerauilla
606 1529 649 1593 ad
674 1538 801 1595 certum
826 1528 1004 1593 terminum
1032 1550 1190 1593 annorum
1213 1533 1249 1591 et

139 1629 227 1694 idem
254 1630 450 1695 Eustachius
480 1631 686 1716 postmodum
717 1630 894 1695 terminum
919 1652 1015 1695 suum
1041 1628 1249 1694 concessisset

139 1735 304 1801 Willelmo
319 1735 359 1801 de
375 1736 515 1801 Breaute
531 1744 566 1800 et
579 1736 666 1799 idem
681 1734 869 1800 Willelmus
888 1733 928 1800 de
947 1732 1105 1800 Breaute⁸
1119 1732 1249 1799 lecisset

140 1844 271 1902 tantum
287 1860 360 1903 cum
376 1838 521 1923 predicto
533 1838 667 1903 Matheo
677 1836 764 1922 quod
776 1837 954 1901 terminum
965 1858 1061 1901 suum
1071 1841 1248 1900 ecresceret

138 1949 172 2005 et
185 1941 356 2027 elongaret
372 1941 459 2007 ultra
472 1942 614 2028 primum
630 1942 807 2006 terminum
822 1941 864 2005 ad
879 1964 978 2027 quem
992 1941 1080 2005 idem
1095 1940 1248 2005 Mothous

139 2050 262 2108 terram
284 2043 375 2109 illem
398 2043 534 2109 tradidit
555 2044 618 2129 ipsi
641 2043 826 2121 Eustochio,
843 2044 969 2108 Alanus
990 2044 1077 2109 filius
1098 2052 1133 2108 et
1155 2042 1248 2107 heres

138 2146 243 2232 ipsius
259 2146 387 2212 Mathei
404 2145 513 2213 nobis‘
532 2147 623 2213 dedit
644 2147 787 2234 intelligi
809 2147 896 2233 quod
917 2146 1077 2211 terminus
1097 2146 1154 2211 ille
1175 2168 1247 2232 pre·

139 2250 232 2314 teriit
261 2248 304 2313 ad
333 2272 430 2336 quem
460 2251 614 2317 Metheus
642 2258 736 2336 pater
764 2273 843 2316 suus
879 2250 971 2316 illem
1007 2249 1184 2327 dimiserat,
1212 2258 1248 2315 et

137 2360 274 2439 propter
287 2351 374 2438 quod
387 2352 517 2418 dicebat
532 2360 652 2417 terram
666 2352 756 2418 illem
777 2352 821 2418 ed
840 2375 875 2417 se
893 2352 1012 2418 debere
1027 2352 1149 2417 reuerti
1163 2351 1248 2417 sicut

136 2454 179 2520 ad
208 2454 315 2519 filium
344 2464 379 2519 et
408 2454 559 2521 heredem
589 2455 692 2543 ipsius
720 2454 856 2531 Methei,
880 2463 915 2520 et
940 2454 1028 2520 unde
1056 2456 1150 2521 Dom.
1175 2456 1246 2521 Rex

137 2559 286 2646 precepit
304 2557 551 2644 inquisicionem
568 2557 639 2622 fieri
658 2558 686 2622 si
708 2559 868 2623 terminus
888 2558 944 2623 ille
966 2567 1052 2624 esset
1073 2559 1249 2645 preteritus

138 2664 192 2728 uel
219 2685 295 2740 non,
319 2669 354 2727 et
376 2684 435 2748 per
460 2661 706 2748 inquisicionem
736 2662 827 2726 illam
855 2663 1041 2728 conuictum
1070 2663 1135 2728 fuit
1163 2663 1250 2749 quod

138 2767 301 2831 terminus
315 2766 371 2832 ille
385 2766 536 2852 preteriit
555 2766 733 2832 secundum
753 2764 841 2851 quod
860 2764 948 2830 idem
967 2767 1093 2830 Alanus
1111 2765 1248 2842 dicebat,

138 2891 175 2933 eo
201 2879 317 2934 tamen
342 2869 378 2933 in
406 2869 619 2955 inquisicione
645 2888 816 2954 suppresso
837 2888 897 2952 per
918 2867 1137 2954 ignoranciam
1162 2867 1249 2954 quod

137 2973 299 3037 terminus
336 2971 459 3057 primns
495 2971 538 3037 ad
574 2993 672 3057 quem
709 2969 797 3035 idem
827 2969 981 3035 Metheus
1010 2978 1129 3035 terram
1158 2970 1249 3035 illem

138 3075 308 3140 dimiserat
323 3076 494 3162 elongatus
507 3083 543 3141 et
557 3075 716 3141 adauctus
734 3073 798 3138 fuit
813 3096 871 3161 per
884 3074 1048 3160 prelatum
1069 3074 1249 3151 Matheum

138 3199 197 3264 per
221 3179 311 3265 quod
336 3178 424 3244 idem
449 3179 576 3244 Alanus
601 3178 753 3244 saisinam
778 3200 872 3243 suem
896 3179 1101 3268 recuperauit
1123 3179 1159 3244 in
1184 3179 1249 3243 fine

139 3284 274 3348 termini
299 3282 343 3348 ad
367 3305 465 3369 quem
489 3284 594 3370 primo
619 3282 753 3348 dimissa
775 3283 840 3347 fuit
863 3283 941 3370 quie
962 3283 1055 3349 nulla
1076 3285 1163 3349 facte
1185 3285 1249 3350 fuit

139 3387 266 3452 mencio
281 3385 322 3450 de
338 3385 478 3451 termino
492 3385 632 3451 adaucto
646 3385 701 3450 uel
715 3385 875 3472 elongato.

204 3489 250 3554 Et
272 3489 399 3554 Alanus
420 3489 514 3556 uenit
537 3503 572 3555 et
593 3489 675 3555 dicit
699 3490 785 3575 quod
807 3512 976 3576 nunquam
999 3490 1068 3576 ipse
1091 3490 1168 3556 inde
1190 3491 1257 3557 eli·-

138 3593 270 3679 quando
289 3592 382 3660 dedit
401 3593 543 3682 intelligi
565 3595 658 3662 Dom.
681 3594 767 3681 Regi
788 3617 849 3660 nec
870 3617 928 3681 per
949 3595 1056 3681 ipsum
1078 3595 1165 3659 sacta
1185 3595 1249 3660 fuit

138 3696 320 3784 inquisicio,
342 3697 441 3762 immo
467 3699 554 3764 facta
576 3698 641 3763 fuit
662 3720 721 3785 per
743 3699 915 3764 Metheum
937 3707 1063 3786 petrem
1086 3720 1192 3776 suum,
1213 3707 1248 3764 et

136 3801 225 3887 petit
238 3800 398 3867 iudicium
412 3802 440 3866 si
455 3801 573 3867 debeat
587 3801 628 3868 de
649 3801 734 3867 facto
755 3802 857 3888 patris
876 3803 928 3867 sui
947 3801 1138 3888 respondere
1153 3811 1188 3867 et
1205 3803 1248 3870 ad

169 3987 180 4022 ²
196 3989 224 4040 It
233 4005 288 4040 rrae
298 3989 386 4040 shewn
398 3994 426 4040 to
436 3989 482 4041 the
493 3991 562 4054 King
573 4006 609 4042 on
620 3991 665 4041 the
716 4007 798 4056 copus,
808 3991 869 4042 read
876 3994 1004 4055 quodcum
1011 3994 1149 4056 Episcopus
1156 4001 1248 4044 terram

136 4059 197 4116 pert
208 4055 237 4104 ol
252 4055 298 4105 the
313 4055 414 4118 bishop,
432 4056 491 4106 thet
502 4057 570 4107 hlan
582 4071 629 4106 son
639 4057 668 4107 ol
717 4059 790 4106 illam
802 4059 950 4107 tradidisset
962 4058 1003 4123 (l).

137 4119 264 4170 Mattheus
277 4120 331 4170 hed
347 4121 470 4171 obtained
486 4121 539 4172 this
554 4121 616 4172 land
632 4121 667 4186 by
748 4121 892 4172 ⁸Wi11iem
912 4122 1018 4172 brother
1039 4122 1068 4171 ol
1092 4122 1200 4173 chkes
1220 4123 1250 4172 ol

135 4199 171 4234 an
183 4183 296 4247 inquest,
309 4185 423 4248 through
438 4186 483 4236 the
500 4186 666 4250 suppression
716 4187 829 4237 Breeute
842 4186 892 4237 has
906 4186 1058 4237 committed
1069 4191 1181 4245 treason.
1193 4187 1247 4238 end

137 4250 167 4299 ol
192 4251 313 4301 material
338 4251 414 4301 lecta
448 4251 576 4316 Probably
597 4267 668 4302 some
717 4251 782 4300 been
793 4251 905 4314 hanged.
939 4251 1003 4300 'l'his
1019 4267 1102 4301 seems
1117 4252 1162 4302 the
1173 4253 1246 4302 loun·

136 4313 300 4365 cordonare
310 4315 425 4378 dropped
435 4319 489 4366 out.
718 4315 808 4366 dation
826 4319 855 4366 ol
870 4316 916 4367 the
930 4315 1046 4380 bishop's
1062 4316 1206 4369 claimand
1219 4319 1249 4368 ol

168 4378 181 4411 ²
197 4387 225 4428 et
235 4381 297 4444 Epc’
305 4381 463 4432 substituted
470 4381 499 4431 in
510 4380 555 4432 the
565 4381 667 4445 margin
718 4381 763 4432 the
776 4380 875 4444 King’s.

137 4443 179 4494 lor
201 4447 268 4507 qaod
285 4461 349 4498 cum.
384 4446 491 4498 Instead
507 4447 575 4498 olet
592 4449 666 4513 Epir·
750 4447 761 4478 ⁴
778 4446 830 4496 Sic.
