3167 5075
408 411 560 475 mmm,
582 413 646 464 in.
672 400 764 476 1220,
787 413 851 464 aa.
875 400 903 464 42
1146 386 1208 468 us

113 587 211 674 capiat
223 594 328 653 totam
343 594 462 653 terram
477 606 570 651 suam
585 585 620 649 in
635 606 769 651 manum
784 584 878 661 Dom.
894 584 994 673 Regis
1013 592 1049 650 et
1065 583 1156 651 illam
1174 585 1209 650 in

113 712 203 755 mann
228 699 290 756 etc
316 688 407 754 saluo
431 688 603 765 custodiat,
628 688 678 753 ita
705 688 792 775 quod
822 688 891 775 ipse
912 690 995 775 {nec
1023 688 1141 774 aliquis
1169 711 1210 754 ex
1268 691 1326 743 [Μ]

113 804 195 880 parte
214 815 275 859 sua
295 816 429 859 manum
449 801 595 881 apponat
616 814 784 879 quousque
804 801 863 859 ete.
881 816 919 859 eo
938 794 1025 880 quod
1045 793 1210 859 subtrahit

93 922 142 985 se
162 922 200 965 ne
221 899 335 965 ueniat
359 907 447 963 stare
472 906 561 962 recto
585 897 627 962 de
650 896 712 961 hoc
734 897 822 983 quod
846 897 1002 984 Magister
1025 897 1211 962 Alexander

111 1004 219 1069 clamat
231 1013 303 1081 ete,
317 1010 354 1069 et
372 1001 459 1089 quod
480 1010 685 1066 summoneat
704 1000 844 1066 eundem
865 1001 1040 1066 Ricardum
1061 1000 1146 1086 quod
1166 1000 1210 1066 sit

112 1105 164 1170 tali
177 1106 227 1170 die
242 1115 302 1171 eta
318 1104 491 1170 auditurus
505 1104 582 1169 inde
597 1103 756 1169 iudicium
770 1104 890 1169 suum².

55 1204 80 1267 'h
167 1210 348 1275 'Johannes
369 1208 411 1273 de
432 1208 585 1273 Birstona
604 1207 727 1294 optulit
745 1228 780 1271 se
800 1206 878 1293 iiijr.
894 1206 948 1272 die
964 1228 1075 1271 uersus
1090 1206 1208 1272 Henri·
1268 1222 1327 1263 Nora

109 1334 174 1375 cum
192 1312 233 1378 de
255 1312 425 1377 Brimtona
443 1311 485 1376 de
505 1310 625 1397 placito
644 1332 744 1397 quare
763 1318 895 1375 secutus
915 1310 978 1375 fuit
996 1309 1153 1397 placit-um
1173 1311 1208 1376 in

108 1418 188 1483 curia
220 1417 447 1483 mistianitatis
481 1425 595 1483 contra
630 1416 884 1504 prohibicionem
918 1425 978 1481 etc
1012 1417 1053 1481 de
1082 1417 1209 1482 catallis

108 1522 241 1587 eiusdem
257 1522 417 1587 Johannis
432 1545 496 1608 que
511 1545 575 1586 non
586 1531 664 1587 sunt
675 1521 716 1586 de
727 1528 925 1588 testamento
936 1522 991 1586 uel
1002 1520 1208 1586 matrimonio

109 1632 142 1687 ut
161 1625 240 1690 dicit
264 1633 324 1691 etc.
378 1625 476 1691 Unde
498 1626 586 1690 idem
608 1626 776 1691 Johannes
798 1624 878 1690 dicit
900 1622 951 1689 et³
973 1624 1101 1689 dixerat
1122 1626 1208 1711 quod

107 1728 275 1815 dampnum
298 1729 416 1794 habuit
437 1730 478 1795 ad
505 1729 686 1795 ualenciam
708 1729 751 1795 xl.
772 1729 827 1795 soh
873 1728 917 1793 Et
939 1728 1123 1794 Johannee⁴
1143 1751 1208 1794 non

109 1833 190 1897 uenit
207 1842 268 1899 eta
285 1842 321 1899 ct
342 1833 460 1898 habuit
481 1832 569 1899 diem
588 1853 648 1919 per
666 1834 896 1899 essoniatorem
918 1856 1014 1898 suum
1035 1842 1208 1919 postquam

106 1946 321 2023 comparuerat
345 1939 382 2003 in
406 1938 509 2004 banco
532 1938 582 2004 ita
606 1938 692 2024 quod
716 1937 908 2004 defenderat
934 1946 1046 2003 contra
1070 1960 1146 2002 eum
1170 1945 1205 2002 et

106 2048 208 2105 contra
221 2049 345 2105 sectam
360 2062 453 2105 suam
473 2040 559 2127 quod
573 2062 639 2106 non
653 2050 797 2106 traxerat
817 2063 893 2106 enm
912 2040 948 2105 in
967 2039 1124 2127 placitum
1145 2047 1205 2105 ete

105 2140 242 2207 incuria
264 2143 497 2221 cristianitatis,
511 2152 547 2208 et
560 2144 647 2230 quod
666 2143 716 2208 ita
734 2144 852 2208 habuit
872 2144 1017 2229 dapnum
1037 2141 1079 2207 ad
1093 2142 1205 2234 ualen-

105 2244 181 2311 ciam
203 2248 245 2311 xl.
270 2246 326 2312 sol.
351 2254 422 2326 etc,
444 2254 496 2311 set
518 2246 618 2311 dirit⁵
641 2245 728 2334 quod
754 2246 843 2311 idem
869 2246 1035 2310 Johannes
1058 2253 1204 2331 tempore

105 2372 211 2435 guerre
225 2374 300 2417 cum
316 2351 458 2438 quodam
469 2353 568 2417 fratre
578 2374 637 2416 suo
648 2352 742 2417 uenit
753 2352 796 2415 ad
808 2350 974 2415 ecclesiam
987 2349 1027 2414 de
1038 2348 1209 2415 Brimtona

105 2464 137 2519 et
152 2464 307 2543 ceperunt
328 2478 405 2522 eum
427 2456 463 2521 in
484 2454 643 2521 cimiterio
665 2463 701 2519 et
722 2478 826 2520 unum
848 2478 969 2543 equum
991 2478 1088 2519 suum
1111 2463 1146 2520 et
1168 2454 1208 2521 dc

105 2557 156 2623 illa
177 2559 342 2626 uiolencia
363 2560 466 2625 traxit
488 2581 565 2624 eum
589 2559 625 2624 in
653 2559 812 2646 placitum
842 2559 918 2625 etu⁸
970 2559 1015 2624 Et
1043 2559 1210 2624 Johannes

104 2662 245 2730 defendit
259 2663 347 2751 quod
364 2685 545 2749 numquam
565 2662 653 2749 cepit
672 2685 748 2728 eum
772 2662 808 2727 in
831 2661 990 2727 cimiterio
1009 2684 1069 2728 neo
1088 2683 1209 2749 equum

103 2789 193 2832 suum
215 2776 252 2832 et
274 2766 352 2832 inde
374 2766 485 2852 posuit
507 2787 542 2830 se
566 2788 664 2851 super
683 2765 937 2853 inquisicionem.
983 2766 1027 2830 Et
1048 2766 1210 2832 Henricus

102 2871 255 2937 similiter.
303 2871 349 2935 Et
372 2877 564 2956 preceptum
590 2870 655 2935 ruit
676 2870 861 2936 uicecomiti
882 2869 970 2957 quod
991 2869 1066 2936 inde
1089 2871 1209 2936 faceret

103 2974 343 3061 inquisicionem
366 2983 437 3054 ete,
457 2983 493 3040 et
514 2975 693 3040 uicecomes
718 2973 890 3040 mandauit
911 2973 999 3061 quod
1021 2997 1079 3060 per
1100 2976 1209 3061 plures

102 3080 218 3168 legales
246 3079 394 3145 homines
422 3079 595 3166 inquisiuit
621 3079 708 3167 quod
736 3079 905 3144 Johannes
929 3101 1098 3164 nunquam
1121 3077 1209 3164 cepit

102 3183 205 3270 ipsum
232 3185 414 3251 Henricum
435 3185 471 3249 in
492 3184 661 3262 cimiterio,
682 3205 742 3248 nec
768 3205 889 3269 equum
915 3205 1019 3248 suum.
1063 3181 1107 3246 Et
1132 3182 1210 3268 quia

102 3289 260 3355 Henricus
272 3313 339 3354 non
353 3289 448 3354 uenit
462 3297 498 3354 et
511 3288 682 3374 inquisicio
702 3289 869 3374 acquietat
889 3287 996 3373 ipsum
1016 3286 1039 3351 J
1040 3285 1209 3362 ohannem,

101 3391 336 3457 consideratum
358 3391 517 3477 estquod
544 3392 710 3457 Johannes
734 3390 941 3477 recuperauit
966 3389 1143 3475 dampnum
1167 3389 1209 3455 xl.

101 3497 153 3562 soi
168 3505 205 3561 et
222 3497 385 3562 Henricus
403 3497 440 3561 in
459 3497 677 3562 misericordia
698 3505 733 3562 et
753 3497 908 3582 capiatur.
954 3494 998 3559 Et
1019 3501 1209 3581 preceptum

101 3606 148 3662 est
163 3599 347 3664 uicecomiti
361 3598 448 3685 quod
463 3600 531 3665 sine
546 3599 705 3665 dilacione
719 3599 895 3686 distringat
909 3599 1016 3684 ipsum
1028 3597 1208 3663 Henricum

102 3701 187 3785 quod
201 3703 315 3768 reddat
329 3703 434 3768 eidem
456 3703 600 3769 Johanni
620 3703 661 3769 xl.
677 3703 758 3769 ade
777 3703 919 3789 dampno
939 3702 1025 3788 qnod
1044 3701 1207 3768 adiudica-

101 3815 173 3870 tum
194 3815 242 3871 est
260 3807 326 3894 ipsi
347 3807 492 3872 Johanni
512 3808 548 3872 in
569 3807 660 3872 curia
681 3816 750 3883 etc,
768 3830 807 3873 eo
829 3806 915 3893 quod
937 3806 1025 3871 idem
1047 3806 1209 3872 Hemicus

100 3910 203 3974 traxit
216 3933 290 3976 eum
305 3912 341 3976 in
355 3911 514 3997 placitum
529 3919 643 3976 contra
655 3909 911 3998 prohibicionem
926 3919 986 3976 etc.

55 4024 66 4084 ὲ.
165 4012 363 4079 'willelmus
383 4014 424 4079 de
444 4015 654 4080 Bradefordia
673 4014 818 4100 appellat
833 4014 1034 4081 Hosbertum
1049 4015 1089 4081 de
1106 4016 1207 4081 Hulle
1250 4024 1342 4073 Wron-

133 4233 291 4286 ¹SeeBr.f.
305 4234 392 4285 4401).
711 4233 845 4294 ’dimam
859 4232 889 4281 Δ.

133 4297 145 4328 ²
161 4298 194 4347 A
206 4313 238 4348 m.
251 4302 292 4351 17.
711 4297 722 4329 ⁶
740 4297 787 4347 See
799 4296 842 4348 Br.
856 4298 874 4348 f.
888 4299 947 4348 407.

134 4363 146 4393 ³
163 4363 232 4413 omit
242 4367 307 4415 dau
318 4373 351 4428 et,
363 4365 394 4416 Δ.
711 4363 722 4396 ⁷
738 4363 769 4411 L
781 4363 876 4422 m.17;
895 4362 924 4414 Β.
940 4377 974 4412 m.
990 4364 1028 4414 11.

133 4430 145 4460 ⁴
163 4427 207 4478 Sic
216 4431 253 4491 Δ;
269 4445 335 4482 corr.
348 4432 486 4481 Hearicus.
