3167 5075
367 379 430 445 466
678 390 820 452 minor,
841 389 907 439 nn.
931 377 1025 452 1223,
1046 389 1109 440 aa
1131 375 1160 442 7.

367 568 499 635 assisam
520 589 605 632 noue
626 565 794 630 disseisine
817 587 930 631 uersus
955 563 1037 631 duos
1061 565 1209 631 homines
1234 588 1292 652 per
1311 587 1385 651 quos
1404 564 1455 649 ipsi

367 669 572 737 'steobaldus
587 677 621 733 et
636 668 773 733 Matillis
787 669 911 733 habent
926 669 1106 733 manerium
1121 669 1203 734 illud
1219 669 1268 734 ita
1278 667 1359 755 quod
1371 667 1456 732 aeia

368 774 565 841 summonita
587 779 638 837 est
659 795 765 837 coram
785 772 972 838 iusticiariis
990 773 1228 851 itinerantibus
1243 781 1278 838 et
1295 773 1374 860 petit
1387 771 1458 837 iudi·

368 879 456 944 cium
470 879 498 942 si
512 899 610 962 snper
624 877 685 940 hoc
699 877 841 941 debeant
857 877 1009 942 clericum
1023 885 1218 963 presentare.

435 982 479 1047 Et
494 980 700 1046 Theobaldus
714 989 750 1045 et
761 980 898 1045 Matillis
908 981 1022 1046 dieunt
1033 981 1120 1067 quod
1131 981 1315 1046 habuerunt
1326 979 1457 1044 saisinam

370 1085 412 1150 de
427 1085 502 1149 dcte
517 1084 575 1148 illa
588 1106 647 1169 per
663 1085 763 1148 breue
783 1084 877 1148 Dom.
895 1083 994 1170 Regis
1015 1083 1102 1169 quod
1124 1083 1282 1148 directum
1306 1082 1365 1146 fuit
1386 1081 1458 1146 uice

370 1187 483 1254 comiti
504 1187 725 1263 Norhantone,
746 1193 780 1251 et
795 1186 910 1250 dicunt
932 1186 1019 1272 quod
1040 1186 1219 1250 uioecomes
1241 1183 1354 1250 habuit
1373 1185 1457 1249 breue

371 1292 462 1368 illud,
477 1299 511 1356 et
525 1291 610 1377 petit
625 1290 712 1376 quod
727 1290 826 1356 breue
842 1289 1022 1355 mandetur.
1068 1290 1111 1355 Et
1126 1289 1198 1354 ideo
1216 1289 1390 1354 uieecomes
1401 1287 1458 1351 sine

371 1396 529 1461 dilacione
544 1395 663 1459 habeat
678 1396 778 1459 breue
792 1394 874 1459 illud
889 1394 932 1457 ad
946 1394 1046 1458 talem
1062 1393 1149 1458 diem
1164 1401 1223 1459 etc

437 1498 491 1564 Ad
515 1498 602 1564 diem
629 1497 723 1562 illum
744 1498 835 1562 misit
855 1497 1033 1562 uicecomes
1054 1498 1154 1563 breue
1176 1497 1271 1563 Dom.
1297 1497 1392 1583 Regis
1414 1517 1461 1581 per

372 1601 458 1689 quod
473 1602 594 1667 fecerat
609 1601 715 1666 eidem
731 1601 885 1666 Matillidi
900 1601 1051 1666 seisinam
1063 1601 1104 1666 de
1116 1609 1202 1666 terra
1211 1602 1252 1666 de
1265 1600 1462 1673 Hochetma'.

373 1716 408 1772 et
429 1705 598 1770 mandauit
619 1728 679 1791 per
699 1705 826 1770 litteras
847 1727 921 1770 sues
944 1706 1031 1792 quod
1056 1715 1220 1790 receperat
1241 1705 1319 1771 inde
1341 1716 1462 1791 quatuor

373 1811 487 1877 breuia
508 1810 601 1875 Dom.
617 1810 718 1896 Regis
739 1811 780 1875 de
803 1810 914 1874 eodem
938 1817 972 1874 et
995 1808 1080 1896 quod
1101 1809 1195 1874 Dom.
1217 1809 1248 1875 S.
1273 1810 1314 1874 de
1337 1809 1462 1895 Segi-aue

373 1917 495 2001 recepit
519 1916 555 1979 in
580 1914 698 1979 itinere
719 1937 779 1979 suo
801 1913 881 1979 tria²
902 1913 1016 1978 breuia
1037 1935 1095 1999 per
1117 1937 1179 1999 que
1203 1913 1340 1978 Matillis
1360 1913 1462 1978 habeat

373 2018 526 2084 seisinam
540 2041 641 2095 suam,
656 2027 690 2083 et
705 2019 791 2104 quod
807 2019 900 2083 Dom.
916 2018 987 2082 Rex
1002 2019 1147 2104 precepit
1162 2026 1201 2083 ut
1215 2043 1287 2084 eam
1309 2020 1344 2084 in
1363 2019 1464 2084 saisina

373 2145 434 2190 sua
446 2131 681 2188 manuteneret.
712 2123 756 2187 Et
771 2122 844 2187 ideo
859 2120 1097 2186 consideratum
1113 2131 1163 2187 est
1177 2123 1263 2208 quod
1276 2123 1464 2188 Theobaldns

375 2235 410 2294 et
425 2227 561 2292 Matillis
576 2225 718 2292 habeant
733 2227 884 2292 seisinam
899 2247 992 2290 suam
1007 2227 1048 2290 de
1063 2225 1278 2292 aduocaeione
1292 2237 1328 2292 et
1343 2227 1465 2292 Thomas

375 2332 410 2396 in
425 2330 643 2396 misericordia
656 2338 717 2395 etc

441 2437 562 2523 Magna
575 2436 675 2500 assisa
688 2435 782 2500 uenit
796 2435 1000 2521 recognitum
1014 2457 1072 2521 per
1091 2435 1271 2500 Henricum
1293 2437 1335 2502 de
1359 2436 1467 2502 Cobbe-

279 2555 305 2584 ⁰¹¹
376 2542 453 2608 ham
467 2553 502 2607 et
516 2541 625 2628 plures
639 2540 718 2605 alios
732 2548 792 2605 etc.
808 2540 849 2604 ad
864 2540 1155 2627 recognoscendum
1172 2549 1286 2605 utrum
1300 2542 1468 2606 Willelmus

255 2672 275 2711 s
313 2670 329 2711 ι.
376 2646 517 2709 Briwere
539 2644 597 2730 qui
617 2643 703 2730 petit
725 2644 830 2707 maius
850 2642 901 2707 ius
921 2642 1040 2707 habeat
1060 2644 1095 2707 in
1109 2666 1176 2708 una
1190 2666 1292 2709 carno.
1310 2652 1395 2709 terre
1407 2666 1468 2707 cun

375 2757 457 2836 pert
469 2749 503 2814 in
519 2750 700 2813 Newetona
713 2748 767 2812 uel
782 2746 946 2813 Galhidus
961 2747 1002 2811 de
1017 2747 1107 2833 Lucy
1121 2748 1178 2833 qui
1193 2756 1293 2825 tenet,
1305 2758 1342 2813 et
1356 2749 1384 2813 si
1396 2748 1468 2812 iden

377 2852 560 2917 Willelmus
574 2874 730 2938 umquam
744 2851 821 2917 inde
836 2851 985 2916 seisinam
1002 2852 1118 2917 habuit
1132 2862 1171 2917 ut
1185 2852 1227 2917 de
1242 2853 1314 2918 iure
1330 2862 1390 2918 etc.

442 2956 610 3021 Juratores
624 2954 738 3019 dicunt
753 2952 840 3041 quod
854 2954 1017 3039 Roheysia
1035 2954 1076 3019 de
1095 2956 1223 3022 Douere
1245 2956 1317 3021 filia
1339 2954 1472 3022 Gaufridi

379 3059 419 3125 de
435 3058 525 3143 Lucy
533 3057 742 3144 primogeniti
756 3057 817 3122 filii
832 3058 963 3122 Ricardi
977 3058 1017 3123 de
1030 3058 1119 3145 Lucy
1128 3058 1245 3124 habuit
1261 3060 1472 3129 Newetonam.

371 3162 501 3228 >scilicet
515 3162 695 3248 predictam
710 3170 830 3227 terram
845 3186 919 3227 cum
940 3172 1022 3248 pert.
1037 3171 1076 3228 ut
1096 3164 1314 3230 hereditatem
1338 3188 1433 3239 suam,
1445 3174 1472 3227 et

378 3267 515 3333 eandem
530 3274 650 3331 terram
665 3266 757 3331 dedit
772 3266 929 3331 Gaufrido
944 3267 985 3331 de
1000 3267 1092 3353 Lucy
1106 3268 1164 3354 qui
1183 3291 1271 3333 nuno
1286 3279 1383 3335 tenet
1397 3266 1473 3333 tratri

378 3392 437 3435 suo
460 3391 518 3455 pro
544 3367 693 3454 homagio
719 3376 753 3432 et
777 3369 913 3433 seruicio
939 3391 997 3433 suo
1021 3377 1056 3434 et
1085 3392 1143 3455 per
1171 3380 1294 3436 cartam
1328 3396 1426 3447 suam,
1446 3379 1473 3435 et

379 3472 555 3539 Gaufn‘dus
576 3472 653 3537 inde
675 3472 804 3537 seisitus
827 3473 890 3537 fuit
912 3472 968 3537 diu
992 3495 1159 3562 quousque
1182 3475 1277 3541 Dom.
1300 3478 1335 3543 J.
1359 3480 1426 3543 Rex
1444 3498 1473 3541 eo

373 3577 464 3663 quod
479 3577 582 3641 iratus
596 3576 660 3640 fuit
675 3598 749 3639 cum
764 3576 878 3641 eodem
894 3577 1050 3643 Gaufrido
1064 3578 1240 3644 disseisiuit
1256 3602 1337 3645 eum
1359 3581 1399 3646 de
1418 3588 1475 3645 tota

378 3691 465 3747 terra
489 3681 547 3746 illa
570 3689 604 3746 et
629 3682 670 3745 de
692 3681 765 3745 aliis
788 3681 882 3746 terris
906 3682 981 3759 suis,
1005 3690 1039 3747 et
1061 3684 1190 3769 quando
1211 3685 1396 3751 disseisitus
1417 3684 1475 3754 fuit

377 3784 472 3851 uenit
486 3786 632 3871 predicta
646 3785 785 3871 Roeysia
800 3793 834 3851 et
851 3786 949 3851 finem
965 3787 1043 3851 fecit
1063 3810 1137 3852 curn
1158 3788 1252 3855 Dom.
1268 3791 1300 3855 J.
1319 3792 1412 3877 Rege
1430 3810 1475 3876 pro

376 3889 530 3955 ’habenda
550 3889 732 3955 hereditate
754 3912 821 3969 sua,
837 3898 870 3955 et
893 3891 1009 3956 habuit
1030 3914 1089 3977 per
1108 3892 1207 3957 finem
1226 3893 1324 3959 illum
1340 3896 1475 3960 seisinam

379 3994 420 4058 de
435 3994 581 4079 predicta
595 4002 690 4072 terra,
699 4002 733 4059 et
745 4003 825 4059 tuno
840 3994 911 4081 ipsa
924 4003 958 4060 et
974 3996 1006 4060 N
1008 3996 1152 4061 icholaus
1166 3998 1219 4061 uir
1232 4020 1314 4064 suus
1330 4000 1476 4065 dedenmt

379 4120 438 4184 per
452 4109 574 4165 cartam
590 4100 765 4165 eorundem
775 4108 896 4165 terram
911 4100 1055 4186 predicto
1066 4100 1231 4166 Willelmo
1242 4103 1396 4182 Briwere,
1405 4102 1476 4167 unde

510 4338 519 4370 ¹
536 4341 697 4397 Hectinton',
709 4340 741 4389 B.
1088 4342 1099 4373 ¹
1114 4342 1154 4405 By
1165 4342 1210 4393 the
1220 4343 1334 4407 copyist

510 4404 521 4436 ²
535 4407 620 4453 omnio
631 4409 678 4455 not
690 4408 749 4462 triu,
761 4408 792 4455 B.
