3167 5075
406 386 542 446 nassae„
565 385 628 434 sn.
654 372 747 449 1226,
770 387 833 436 aa
859 377 908 438 10.
1150 378 1213 442 575

122 569 173 626 ε1ε
187 558 347 625 reddendo
361 579 556 646 perannum
576 557 636 645 iiij.
651 557 720 624 libr.
737 569 872 647 stupro
893 561 1044 627 omnibus
1063 563 1216 638 seruiciis

122 675 152 730 et
165 665 251 752 ponit
265 687 299 730 se
314 665 350 730 in
365 687 517 782 magnam
532 665 665 729 assisam
680 665 774 730 Dom.
791 665 901 752 Regis,
915 675 950 731 et
964 667 1052 753 petit
1072 667 1217 754 recogni-

120 770 234 834 cionem
259 769 329 834 fieri
353 777 465 834 utrum
491 768 560 854 ipse
587 767 692 834 maius
715 768 767 835 ins
791 770 911 836 habeat
936 771 1072 838 tenendi
1097 781 1217 836 teriam

119 997 156 1038 sn
168 996 223 1059 per
237 996 293 1038 sex
308 974 378 1041 libr.
394 974 479 1039 sieut
493 973 581 1039 idem
598 974 763 1041 Galfaidus
777 976 897 1041 elamat
883 984 974 1042 t.ete
976 923 1069 1062 Ι

177 1079 218 1142 Ε1
241 1077 415 1143 Gsufridus
436 1076 516 1142 dicit
537 1075 623 1163 quod
643 1078 743 1143 assisa
762 1101 827 1144 non
842 1079 941 1145 debet
955 1080 1032 1145 inde
1047 1081 1126 1158 fieri,
1140 1081 1219 1168 quia

119 1181 295 1248 Willelmus
318 1183 440 1267 Tregoz
465 1190 560 1268 peter
582 1203 661 1247 suus
685 1182 769 1247 obiit
790 1183 921 1249 seisitus
942 1185 983 1250 de
1005 1184 1141 1251 seruieio
1163 1186 1219 1252 illo

117 1309 167 1352 sex
191 1287 261 1354 libr.
284 1296 321 1353 et
349 1287 536 1373 Stephanus
562 1286 739 1374 Harengod
762 1295 871 1352 custos
896 1288 1043 1355 eiusdem
1069 1290 1220 1356 Gaufridi

115 1391 187 1456 dum
209 1391 274 1456 fuit
295 1390 381 1455 infra
402 1399 525 1456 etatem
547 1390 611 1456 fuit
632 1390 668 1454 in
690 1389 809 1456 seisina
827 1390 869 1456 de
890 1391 1028 1457 seruioio
1046 1391 1170 1468 eodem,
1184 1401 1219 1458 et

114 1494 170 1560 hoc
183 1495 278 1560 offert
292 1501 353 1560 ete.

173 1598 218 1662 Et
232 1597 400 1662 Johnnnes
415 1596 475 1662 hoe
490 1603 597 1661 totum
613 1595 759 1660 defendit
774 1597 859 1661 sieut
873 1596 964 1682 prius
978 1605 1013 1662 et
1027 1598 1121 1684 ponit
1134 1620 1169 1663 se
1184 1597 1219 1662 in

114 1723 262 1789 magnam
284 1701 416 1766 assisam
439 1699 524 1766 sicut
545 1701 642 1786 prius.
689 1700 732 1764 Et
754 1700 832 1786 quia
846 1701 1022 1766 Guufiidus
1037 1702 1220 1788 dicitquod

113 1815 202 1892 pater
223 1829 303 1872 suus
328 1805 411 1870 obiit
434 1805 565 1869 saisitus
591 1804 632 1869 de
655 1804 791 1870 seruicia
819 1804 883 1882 illo,
904 1805 1143 1870 consideratum
1169 1814 1220 1872 est

111 1909 193 1993 quod
208 1906 333 1972 iurata¹
353 1906 466 1972 ueniat
486 1905 563 1970 inde
584 1905 644 1970 tali
664 1905 717 1971 die
738 1915 798 1971 ete
813 1905 856 1970 ad
876 1907 1170 1994 iseognoscendum
1191 1908 1220 1974 ai

111 2013 274 2098 predictus
295 2010 480 2075 Willelmus
505 2018 599 2094 pater
621 2031 700 2074 suus
725 2032 810 2075 anno
832 2019 867 2074 et
889 2010 942 2075 die
964 2033 1029 2097 quo
1051 2011 1134 2076 obiit
1153 2011 1220 2077 fuit

109 2117 237 2182 saisitus
252 2117 294 2182 de
310 2114 445 2181 seruitio
460 2115 525 2192 illo,
536 2123 571 2180 et
585 2114 614 2180 si
629 2114 818 2200 Stephanus
832 2123 892 2180 eto
905 2124 1013 2181 eustos
1024 2125 1084 2182 ete
1096 2117 1219 2204 reoepit

108 2229 165 2286 ete

55 2325 69 2388 1.
168 2324 372 2390 'Rannulfus
397 2322 439 2388 de
461 2323 550 2409 Villy
570 2323 788 2388 summonitus
810 2324 875 2388 fuit
896 2323 939 2390 ad
959 2325 1218 2411 respondendnm

106 2427 242 2518 Hugoni
257 2429 298 2494 de
319 2428 454 2492 Forestu
472 2447 572 2512 quare
592 2448 657 2490 non
676 2426 786 2491 tenuit
808 2427 839 2492 ei
861 2429 1111 2494 conueneionem
1133 2430 1220 2496 inter

103 2558 156 2601 eos
179 2535 304 2601 saetam
328 2532 369 2598 de
395 2531 415 2597 1
437 2531 519 2597 aen's
543 2539 630 2597 terne
651 2538 714 2596 eta
739 2530 774 2595 in
798 2530 995 2619 Ounytorpe,
1019 2532 1106 2599 unde
1130 2533 1218 2599 idem

102 2640 202 2728 Hugo
225 2636 419 2723 dicitquod
440 2634 513 2701 illas
536 2636 568 2700 ei
589 2635 715 2701 dimisit
738 2636 781 2702 ad
804 2638 981 2703 terminum
1006 2661 1037 2703 x.
1060 2660 1218 2703 annorum

102 2742 187 2808 unde
204 2742 250 2807 ix.
267 2740 346 2805 anni
361 2739 467 2805 adhue
480 2738 615 2804 uenturi
629 2747 714 2815 sunt,
731 2748 765 2804 et
780 2739 868 2825 petit
882 2739 1060 2805 terminum
1074 2762 1179 2805 suum

165 2846 212 2911 Et
228 2842 417 2909 Rannulfus
431 2841 512 2907 alias
526 2841 619 2906 uenit
634 2850 669 2906 et
683 2840 831 2906 defendit
851 2843 1102 2909 conuenoionem
1116 2844 1218 2922 illam,

100 2958 149 3015 set
171 2950 265 3015 dixit
287 2947 374 3035 quod
396 2947 456 3012 hoe
477 2945 555 3011 feeit
577 2954 723 3031 tempore
746 2968 863 3031 guerre
885 2955 922 3011 et
942 2968 1001 3032 per
1023 2947 1092 3013 nim
1114 2948 1218 3034 ipsius

100 3054 267 3141 Hugonis‚
283 3060 318 3117 et
332 3052 408 3116 inde
423 3051 533 3137 posuit
547 3072 581 3115 se
596 3072 694 3135 super
708 3056 810 3115 testes
825 3059 860 3115 et
874 3072 973 3136 super
986 3051 1136 3117 iuratsm.
1173 3052 1218 3117 Et

100 3157 201 3245 Hugo
225 3154 387 3223 similiter.
442 3153 487 3217 Et
507 3161 697 3239 paeceptum
717 3154 780 3219 init
796 3153 980 3219 uieeeomiti
994 3155 1082 3241 quod
1096 3156 1218 3220 faceret

97 3261 174 3327 inde
190 3259 455 3348 inquisicionem,
467 3266 504 3322 et
518 3257 698 3322 uieeoomes
717 3257 888 3323 mandauit
907 3257 1155 3343 inquisicionem
1174 3258 1217 3325 ad
1260 3322 1263 3326 ,

99 3365 188 3431 huno
210 3364 315 3439 diem,
336 3382 399 3448 que
422 3361 498 3425 talis
519 3368 579 3439 est,
601 3360 688 3477 quod
713 3360 802 3425 idem
828 3361 1013 3425 Rannuliiis
1037 3376 1218 3447 spontanea

98 3472 280 3537 uoluntate
299 3490 359 3533 sus
377 3474 412 3531 et
431 3466 501 3531 sine
521 3464 686 3529 occasione
705 3465 760 3529 uel
781 3464 946 3529 eoaeoione
966 3464 1091 3529 dimisit
1110 3465 1217 3530 eidem

98 3574 241 3664 Hugoni
257 3581 379 3637 terram
393 3570 484 3635 illam
499 3578 558 3634 eto.
571 3567 614 3633 ad
627 3568 754 3633 firmam
765 3568 808 3632 ad
820 3567 996 3632 terminum
1006 3591 1036 3633 x.
1048 3590 1218 3647 annorum,

97 3690 132 3745 et
155 3678 250 3766 quod
274 3684 379 3741 osrtas
401 3697 482 3762 quas
501 3674 591 3739 idem
614 3674 714 3759 Hugo
736 3673 837 3737 habet
858 3672 935 3737 inde
960 3673 1039 3738 feeit
1064 3682 1125 3739 etc.
1174 3675 1218 3739 Et

98 3782 293 3849 Runnulfus
317 3801 382 3844 non
405 3778 498 3843 uenit
522 3786 559 3842 ε1
588 3776 705 3841 habuit
734 3776 860 3841 diem
850 3797 887 3840 m
915 3776 1024 3842 banco.
1070 3778 1116 3841 Et
1144 3778 1218 3844 ideo

97 3888 348 3955 consideratum
371 3892 422 3949 est
446 3881 532 3969 quod
555 3880 733 3946 eonuenoio
759 3887 911 3945 teneatur
937 3889 973 3944 et
1002 3881 1088 3966 qnod
1117 3882 1218 3969 Hugo

97 3992 223 4059 habeat
239 3989 396 4056 seisinam
410 4008 503 4051 suam
518 3984 679 4070 usquead
698 3983 876 4048 terminum
896 4006 992 4048 suum
1010 4006 1040 4049 x.
1059 4006 1217 4049 annorum

96 4102 299 4183 computato
334 4093 366 4159 ei
402 4091 542 4158 termino
571 4111 669 4176 quem
698 4088 786 4154 idem
816 4089 917 4175 Hugo
943 4088 1052 4153 tenuit
1082 4097 1153 4168 ete,
1182 4100 1217 4155 et

97 4198 295 4267 Rannulfus
309 4195 344 4260 in
358 4193 576 4260 misericordia
589 4201 651 4258 eto.

129 4345 180 4395 ιΔ
204 4337 403 4392 mosntseisin
425 4337 453 4389 ot
475 4334 638 4387 theservios
688 4332 1019 4396 allowsdsgrsndsasizs.

95 4412 174 4473 being
204 4402 321 4467 alleged.
349 4404 394 4455 the
422 4407 513 4453 tenant
541 4400 564 4452 is
590 4406 637 4450 not
720 4399 779 4449 ¹13.
790 4398 893 4451 m.9d.
