3167 5075
39 811 95 876 893.

505 423 572 472 An.
598 409 693 486 1227,
715 424 778 474 aa
804 412 854 474 12.
1075 471 1078 474 .
1170 414 1236 479 669

129 594 270 687 predicta
291 599 431 665 Isobella
452 599 659 686 recuperauit
680 599 832 664 seisinam
855 623 948 666 suam
970 609 1005 665 et
1025 601 1186 666 Radulfus
1200 601 1236 665 in

129 702 343 768 misericordia
358 711 417 767 etc.

190 807 315 872 ¹Assisa
340 807 433 871 uenit
458 807 664 893 recognitura
693 806 721 872 si
745 805 930 872 Willelmus
957 807 1045 872 filius
1071 807 1236 874 Godwini'

130 919 183 976 etc.
208 910 328 986 iniuste
352 920 411 976 etc.
435 909 508 975 diss’
533 911 709 975 Ricardum
732 911 837 975 filium
864 911 967 976 Marie
998 912 1039 976 de
1069 912 1167 976 Brom
1194 912 1236 976 de

129 1015 226 1080 libero
241 1023 430 1080 tenemento
444 1037 503 1079 suo
518 1014 554 1078 in
569 1015 649 1078 Acle
665 1022 738 1100 post
752 1022 815 1080 etc.

190 1119 234 1183 Et
249 1119 435 1183 Willelmus
449 1119 543 1183 uenit
559 1127 594 1182 et
607 1118 691 1182 bene
707 1118 856 1183 concedit
870 1119 1012 1184 assisam

188 1222 359 1286 Juratores
385 1222 501 1286 dieunt
526 1222 771 1308 quodquidam
797 1222 961 1287 Aluredus
985 1224 1084 1289 Rowe
1110 1225 1236 1290 dimisit
1249 1219 1401 1313 {mm

127 1333 244 1392 terram
259 1328 356 1392 istam
371 1328 476 1413 primo
490 1327 547 1391 isti
562 1326 701 1391 Ricardo
720 1327 788 1391 filio
809 1328 912 1392 Marie
934 1328 977 1393 ad
999 1329 1186 1407 terminum,
1201 1339 1236 1394 et
1248 1317 1402 1399 t‘ttffitu

126 1429 256 1494 interim
278 1431 371 1494 uenit
393 1430 456 1494 rste
479 1429 664 1494 wilielmus
690 1430 777 1494 filius
803 1431 954 1496 oodwini
979 1439 1014 1496 et
1042 1432 1078 1495 tn
1104 1441 1235 1497 unium
1249 1405 1370 1491 tttt'tttt

126 1533 251 1597 locutus
266 1534 330 1598 fuit
345 1557 420 1598 cum
435 1533 547 1598 eodem
559 1533 702 1598 Aluredo
714 1533 801 1620 quod
811 1541 933 1599 terram
947 1536 1037 1600 illam
1053 1536 1235 1601 dimitteret
1248 1498 1402 1638 {ffiff'

125 1636 158 1701 in
172 1637 303 1702 feodum
319 1661 377 1724 pro
392 1637 533 1724 quadam
549 1659 676 1702 summa
690 1639 837 1723 pecunie,
852 1647 887 1703 et
902 1638 972 1703 dies
991 1639 1089 1704 datus
1108 1641 1174 1705 fuit
1194 1641 1236 1706 de
1248 1639 1387 1724 ΜΨ

125 1741 262 1826 pecunia
291 1740 457 1805 reddenda
486 1748 521 1805 et
550 1749 640 1805 carta
669 1741 825 1817 facienda,
852 1751 887 1806 et
911 1742 954 1806 ad
983 1744 1236 1809 conuencionem
1248 1695 1389 1834 Quill?

125 1843 230 1907 istam-
251 1842 426 1907 tenendam
459 1841 535 1907 hinc
564 1843 640 1908 inde
670 1843 733 1908 fuit
770 1843 950 1920 affidatum,
983 1853 1018 1908 et
1055 1866 1130 1909 cum
1166 1846 1236 1911 dies
1249 1826 1372 1910 iiiiiiiit

124 1947 296 2011 solucionis
310 1946 496 2012 aduenisset
512 1947 568 2012 ille
584 1947 767 2012 Willelmus
785 1948 1038 2012 conuencionem
1058 1948 1148 2013 illam
1170 1972 1236 2013 non
1249 1917 1400 2050 Quippe

126 2051 243 2127 tenuit,
259 2059 294 2114 et
310 2059 389 2115 tunc
404 2051 529 2116 dimisit
542 2051 630 2116 idem
646 2051 811 2116 Aluredus
831 2060 951 2116 terram
972 2050 1062 2115 illam
1085 2053 1121 2116 in
1142 2053 1235 2118 feodo
1248 2021 1390 2143 ffissggffi

125 2156 272 2240 predicto
294 2155 433 2220 Ricardo
457 2155 514 2240 qui
540 2155 630 2240 prius
656 2153 773 2219 habuit
800 2177 872 2218 eam
898 2154 940 2218 ad
970 2156 1157 2231 terminum,
1187 2156 1235 2221 ita
1248 2151 1373 2236 &³32ss

124 2261 209 2346 quod
232 2268 347 2345 postea
368 2259 462 2324 uenit
483 2259 572 2323 idem
587 2260 772 2324 Willelmus
795 2268 829 2323 et
851 2258 1071 2345 implacitauit
1094 2259 1234 2324 eundem
1247 2247 1400 2374 itm-lm

122 2364 306 2429 stimuum
331 2363 366 2427 sn
390 2364 479 2428 cusa
503 2363 727 2428 cristianitatis
754 2363 794 2427 de
820 2363 896 2428 fidu
920 2362 1049 2439 lesione,
1075 2363 1124 2427 iu
1148 2363 1235 2448 quod
1248 2336 1396 2469 uffit'tt*

122 2468 269 2555 oportuit
291 2467 430 2533 eundem
452 2468 633 2533 Aluredum
655 2469 696 2532 de
716 2467 911 2533 necessitate
933 2468 1037 2532 facere
1059 2467 1091 2532 ei
1112 2477 1234 2532 cartam
1247 2440 1348 2516 lflfflim

122 2596 214 2638 suam
239 2582 274 2637 et
296 2582 416 2637 terram
438 2572 529 2637 illam
551 2572 582 2637 ei
604 2573 786 2650 concedere,
802 2574 889 2638 unde
911 2581 984 2658 post
999 2574 1235 2638 concessionem

123 2676 214 2742 illam
231 2677 325 2742 uenit
340 2678 428 2742 idem
443 2678 628 2742 Willelmus
644 2687 678 2742 et
695 2678 751 2743 alii
771 2687 806 2743 et
828 2679 1074 2743 disseisiuerunt
1096 2679 1236 2743 eundem
1275 2727 1280 2740 .

122 2782 301 2848 Ricardum
324 2784 365 2848 de
388 2783 502 2847 eedem
525 2792 618 2847 terra.
666 2783 710 2847 Et
732 2783 806 2848 ideo
826 2784 1064 2848 consideratum
1084 2782 1237 2868 estquod

121 2889 290 2973 predictus
319 2888 477 2952 Ricardus
506 2887 713 2973 recuperauit
742 2887 894 2952 seisinam
923 2910 1026 2964 suam,
1051 2895 1086 2951 et
1112 2886 1175 2952 W!
1200 2885 1236 2950 in

122 2992 346 3057 misericordia
361 3000 421 3057 etc.

37 3108 39 3151 ὲ
78 3147 85 3161 .
186 3096 328 3161 ‘Assism
339 3120 378 3161 ex
390 3118 546 3160 consensu
558 3095 703 3181 parcium
713 3095 808 3159 uenit
818 3094 1235 3181 recognitumsiWalterus
1248 3126 1400 3167 wem„

1274 3174 1338 3212 ramo
1345 3174 1388 3214 bln-

121 3202 161 3267 de
178 3201 351 3277 Hatfeuld,
366 3208 539 3287 postquam
560 3199 745 3263 Alexander
764 3199 852 3263 filius
866 3199 1025 3263 Willelmi
1046 3198 1125 3262 tulit
1148 3198 1234 3263 uice·
1247 3271 1268 3306 et
1276 3220 1399 3313 ppuxffl

119 3307 236 3372 comiti
250 3308 351 3371 breue
366 3306 458 3370 Dom.
475 3304 575 3390 Regis
590 3303 631 3368 de
646 3326 724 3388 pace
740 3302 891 3367 habenda
911 3302 951 3365 de
971 3303 1031 3365 hoc
1046 3302 1132 3388 quod
1147 3301 1234 3366 idem
1247 3317 1367 3400 me

120 3412 290 3476 Walterus
319 3410 474 3475 clamauit
504 3430 579 3473 eum
610 3416 648 3471 ut
677 3406 828 3471 natiuum
859 3427 955 3469 sunm
986 3405 1111 3470 desicut
1146 3406 1234 3471 idem
1247 3406 1391 3493 ‚imm

119 3515 310 3581 Alexander
331 3522 464 3600 paratus
487 3512 551 3576 fuit
573 3512 707 3597 probare
730 3509 916 3574 libertatem
939 3530 1040 3584 suam,
1055 3501 1391 3594 asportauitlw0‘

119 3618 260 3683 bladum
275 3616 377 3703 ipsius
392 3614 570 3679 Alexandri
584 3622 620 3679 et
634 3614 767 3678 boscum
782 3634 878 3677 suurn
894 3619 928 3676 et
944 3612 1124 3697 uirgultum
1138 3634 1235 3677 suum
1247 3557 1379 3725 iffiitffqp

117 3720 284 3807 prosterni
299 3717 376 3783 fecit
392 3726 426 3781 et
440 3716 605 3802 asportari,
621 3716 675 3779 uel
691 3737 762 3779 non
1247 3697 1386 3819 ffilt

186 3824 360 3888 Juratores
389 3820 503 3884 dicunt
534 3818 621 3904 quod
650 3818 737 3882 idem
761 3816 927 3883 Walterus
950 3824 1122 3902 postquam
1146 3816 1234 3881 idem
1246 3829 1395 3921 gffiffie‘

119 3924 313 3990 Alexander
333 3922 412 3987 tulit
434 3922 534 3986 breue
557 3920 597 3986 de
619 3942 698 4006 pace
721 3919 879 3996 habenda,
898 3918 995 3983 blada
1013 3918 1116 4004 ipsius
1136 3919 1399 4013 Aleu-{³1⁸¹}5:¹¹}2'24331'm

120 4028 218 4095 andri
234 4026 415 4114 ¹asportauit
430 4035 464 4091 et
479 4024 610 4089 boscum
625 4046 721 4087 suum
737 4031 771 4087 et
786 4022 1143 4108 uirgultum'prosterni
1156 4023 1234 4088 fecit
1246 4013 1400 4099 lgssal‘ffl

156 4200 166 4233 ¹
183 4198 218 4248 A.
231 4212 268 4247 m.
280 4198 328 4250 td.
738 4193 748 4226 ⁴
767 4192 866 4256 Supply
877 4201 901 4242 et
912 4194 970 4251 ulii,
982 4192 1013 4242 Δ.

155 4264 302 4314 'Michoet
312 4264 356 4327 fil.
368 4263 484 4312 Eudonir
501 4269 526 4311 et
545 4260 614 4313 Will.
632 4262 656 4311 le
712 4282 714 4287 v
733 4258 750 4291 ’ὅ
766 4259 797 4309 Δ.
811 4267 846 4309 m.
861 4257 909 4309 td.

125 4332 209 4379 Clerc.
223 4328 256 4377 A.
738 4324 749 4356 ⁶
765 4326 870 4380 ἆαναια,
878 4322 910 4372 A.

156 4394 168 4427 ³
186 4394 317 4455 Compare
334 4392 454 4443 the'case
471 4390 604 4443 discussed
620 4390 656 4453 by
738 4388 750 4423 ⁷
766 4388 864 4437 Walter
883 4386 907 4436 is
928 4386 974 4437 the
994 4389 1063 4437 atius
1079 4395 1175 4451 petens,
1193 4387 1234 4439 ie.

123 4458 512 4517 Brecton,f.12b‚⁴14b.178.
705 4452 915 4518 puintiffinthe
925 4452 1036 4515 original
1050 4453 1212 4516 proceeding.
