3167 5075
336 400 574 461 1111111111,
597 401 660 451 ab.
686 387 846 463 1235-6,
869 402 932 451 aa
957 387 1006 450 20.
1160 386 1224 449 155

138 573 335 640 summonitus
349 571 413 639 luit
428 572 514 660 quod
529 580 614 637 esset
629 594 734 637 coram
750 572 845 639 Dom.
860 572 951 660 Rege
967 571 1027 637 tali
1040 569 1094 637 die
1109 578 1169 636 stc
1184 570 1227 636 sd

137 677 320 765 sequendum
335 700 410 743 oum
424 676 495 763 ipso
511 676 655 741 Gslfiido
670 676 770 741 etesi
785 676 896 753 uellet,
911 673 945 741 et
959 684 1039 741 tunc
1053 698 1118 739 non
1134 674 1227 739 uenit

136 806 187 849 nec
200 782 251 848 11ι
264 782 353 848 diem
369 782 471 859 uenit,
485 789 520 847 et
534 781 608 847 ideo
627 790 783 868 sequatur
803 780 969 847 Galfridus
991 780 1032 845 de
1053 787 1146 866 parte
1168 800 1228 844 sua

136 886 348 953 nonobstante
364 908 402 951 eo
417 885 504 973 quod
519 886 696 951 Hascullus
710 908 775 951 non
789 886 944 973 sequitur.

86 990 105 1051 '.
191 990 342 1057 Ricardus
364 990 451 1055 filius
473 989 572 1055 Alani
588 989 632 1056 de
652 990 862 1078 Igoldesuilla
875 989 1093 1056 summonitus
1107 989 1172 1055 fuit
1185 988 1229 1055 ad

134 1095 378 1183 respondendum
395 1095 560 1160 Willelmo
582 1094 623 1159 de
646 1094 880 1181 Ingoldesuilla
902 1092 983 1180 quid
1006 1093 1085 1159 iuris
1109 1093 1228 1159 clamat

134 1199 224 1287 inxij.
240 1224 300 1267 aer.
317 1209 402 1266 teme
423 1223 497 1265 cum
518 1208 599 1285 pert.
621 1199 656 1263 in
679 1199 870 1285 Erdletorpe
892 1220 973 1285 quas
994 1198 1120 1263 Alanus
1141 1197 1228 1263 filius

134 1304 264 1369 Haldani
295 1312 389 1391 pater
417 1303 520 1391 ipsius
551 1302 682 1369 Rioardi
713 1303 807 1369 ouius
835 1303 929 1369 heres
958 1303 1027 1389 ipse
1056 1311 1107 1368 est
1136 1301 1228 1367 dedit

132 1408 262 1493 predicto
277 1408 444 1474 Willelmo
458 1415 653 1494 percoctam
668 1428 761 1472 suam
775 1414 815 1471 11
832 1405 912 1471 (11111
934 1415 968 1472 11
988 1406 1075 1493 quod
1096 1414 1228 1493 pratum

130 1510 285 1578 Johsnnes
310 1512 351 1577 de
379 1512 502 1577 Hiltoft
528 1510 637 1577 tenuit
664 1509 706 1575 sd
736 1510 863 1575 firmam
891 1508 935 1575 ad
963 1509 1142 1575 terminum
1170 1509 1228 1595 qui

132 1616 262 1683 nondum
290 1616 441 1703 proteniit
469 1615 511 1681 de
537 1615 682 1701 predicto
709 1616 814 1681 Alano
841 1624 987 1701 tempore
1012 1636 1077 1701 quo
1106 1614 1227 1679 donum

130 1720 203 1784 illud
217 1721 293 1786 fecit
309 1712 455 1807 predicto
470 1719 641 1785 Willelmo.

187 1825 229 1890 Et
249 1824 409 1890 Ricardus
431 1823 524 1889 11111
547 1832 582 1889 11
603 1822 684 1888 dicit
704 1822 791 1909 quod
811 1824 878 1887 tale
892 1822 944 1887 ius
957 1823 1078 1888 elamat
1092 1822 1127 1887 in
1142 1830 1229 1887 terra

129 1928 275 2017 11111111
288 1928 371 1995 dicit
386 1928 472 2015 quod
487 1936 581 2015 pater
594 1950 673 1993 suus
693 1927 809 1992 habuit
828 1936 947 1993 temam
962 1928 1060 1992 istam
1075 1936 1114 1991 ut
1128 1927 1180 1992 ius
1194 1934 1229 1991 et
1274 2007 1277 2012 Α

129 2032 337 2100 hereditatem
352 2056 444 2099 suam
460 2032 578 2119 etipse
593 2039 644 2098 est
658 2032 745 2097 filius
759 2032 905 2099 eiusdem
925 2032 1027 2118 patris
1044 2032 1096 2097 sui
1110 2032 1228 2119 primo·

129 2140 252 2225 genitus
266 2148 301 2205 et
317 2139 410 2205 heres
425 2146 460 2203 et
474 2137 548 2202 ideo
562 2136 643 2202 dicit
661 2136 747 2224 quod
766 2136 872 2201 maius
891 2136 944 2217 ius
965 2137 1065 2202 habet
1086 2135 1121 2201 in
1143 2144 1231 2201 term

128 2242 301 2331 illaquam
330 2242 468 2330 quilibet
496 2240 587 2307 alius
635 2242 679 2305 Et
704 2240 889 2306 Willelmus
917 2240 998 2306 dicit
1027 2241 1113 2328 quod
1141 2240 1230 2306 idem

128 2346 277 2414 Rieaudus
300 2346 401 2412 nichil
423 2345 503 2411 iuris
526 2344 626 2410 habet
648 2366 707 2411 nec
727 2346 866 2411 clamare
884 2354 993 2431 potest
1008 2346 1042 2410 in
1056 2354 1150 2431 prato
1164 2346 1229 2424 illo,
1265 2350 1271 2361 ’

127 2452 198 2540 quia
219 2454 347 2519 Alanus
373 2450 459 2515 filius
480 2448 603 2515 Aldani
626 2456 721 2537 pater
744 2449 888 2535 ipsorum
910 2450 1084 2538 aliquando
1105 2449 1231 2516 dimisit

127 2567 250 2644 pratum
265 2556 356 2624 istud
370 2555 414 2622 ad
428 2557 556 2621 firmam
570 2555 595 2620 J
595 2554 715 2620 ohanni
730 2553 770 2619 (11
786 2555 911 2621 Hiltolt
925 2554 968 2620 sd
982 2555 1158 2621 terminum
1174 2556 1231 2644 qui

127 2661 224 2728 adhuc
246 2661 347 2726 durat
368 2667 403 2725 et
424 2659 509 2725 infra
530 2658 708 2724 terminum
730 2658 823 2723 illum
845 2658 880 2723 in
895 2659 981 2745 legia
995 2667 1157 2746 potestate
1172 2683 1232 2726 sua

127 2763 210 2830 dedit
231 2765 316 2831 illud
339 2763 445 2830 eidem
466 2763 630 2828 Willelmo
652 2785 711 2849 per
732 2770 856 2827 castam
877 2785 969 2828 suam
993 2771 1028 2828 et
1053 2764 1232 2830 firmamum

126 2870 301 2935 attornauit
317 2868 348 2935 ei
363 2869 448 2934 sicut
464 2867 495 2934 ei
509 2868 563 2933 eui
579 2867 805 2933 terramillam
820 2866 912 2932 dedit
927 2875 962 2932 et
982 2869 1082 2933 talem
1103 2867 1134 2933 11
1154 2868 1232 2934 fecit

126 2972 269 3040 seisinam
293 2974 425 3062 qualem
447 2972 564 3038 habuit
586 2980 621 3036 et
644 2972 773 3058 qualem
795 2971 826 3036 11
846 2973 950 3037 facere
969 2972 1078 3058 potuit
1092 2971 1231 3038 dmante

126 3077 224 3144 adhuc
239 3079 382 3144 termino
396 3077 499 3164 ipsius
520 3078 545 3143 J
546 3077 691 3156 ohannis,
706 3085 741 3142 et
756 3077 844 3164 quod
857 3077 906 3142 111
919 3077 963 3142 sit
978 3077 1071 3164 ponit
1085 3100 1119 3143 se
1134 3100 1232 3164 super

125 3183 267 3267 patriam.
316 3182 359 3247 Et
388 3181 548 3248 Ricsrdus
576 3181 733 3247 similiter.
784 3181 830 3245 Et
858 3178 931 3245 ideo
960 3189 1151 3266 preceptum
1180 3189 1232 3246 est

128 3285 305 3353 uioeoomiti
329 3285 415 3372 quod
438 3309 544 3352 coram
568 3308 606 3351 eo
630 3293 665 3352 et
688 3307 796 3350 coram
819 3284 1008 3351 custodibus
1031 3293 1091 3350 etc
1114 3308 1231 3351 conue-

125 3389 187 3454 nire
202 3390 302 3456 111111
318 3397 377 3456 etc
393 3389 436 3455 ad
450 3388 742 3478 recognoscendum
757 3412 855 3476 super
874 3400 1113 3456 sacramentum
1134 3412 1231 3455 suum

126 3491 150 3555 si
176 3493 345 3579 predictus
371 3492 497 3558 Alanus
522 3501 618 3580 pater
641 3492 784 3579 ipsorum
811 3492 846 3557 in
872 3493 959 3580 legia
983 3500 1146 3579 potestate
1171 3515 1232 3559 sua

126 3591 209 3659 dedit
233 3603 370 3682 pratum
393 3595 477 3660 illud
502 3595 649 3682 predicto
672 3595 837 3660 Willelmo
859 3595 926 3661 filio
949 3618 1008 3661 suo
1030 3595 1150 3661 iuniori
1172 3618 1232 3682 per

126 3707 240 3766 mutam
262 3723 368 3778 suam,
383 3708 418 3766 et
438 3700 467 3766 si
486 3700 668 3766 attornauit
690 3699 868 3766 timasium
891 3723 986 3767 suum
1009 3701 1041 3767 ei
1061 3700 1147 3766 siout
1167 3701 1231 3767 sibi

126 3801 182 3886 ipsi
204 3803 268 3869 fuit
292 3803 384 3890 prius
406 3811 591 3870 attornatus
613 3803 667 3868 uel
689 3826 763 3882 non,
784 3812 820 3868 et
842 3803 1089 3891 inquisicionem
1110 3803 1231 3871 habeat

126 3906 178 3973 teli
192 3907 244 3975 (111
260 3917 323 3976 etc.
339 3929 447 3975 coram
462 3909 555 3975 Dom.
573 3909 664 3996 Rege
679 3916 739 3975 ete.

182 4011 302 4077 Postea
324 4011 418 4076 uenit
439 4010 610 4098 inquisioio
632 4033 696 4098 que
718 4011 795 4076 talis
815 4010 968 4098 estquod
982 4009 1090 4077 dictum
1103 4012 1230 4078 Alanus

125 4110 206 4196 prius
233 4113 373 4180 dederat
404 4113 507 4180 dictas
536 4113 592 4200 xij.
618 4137 707 4180 aeras
736 4114 824 4201 prati
852 4114 992 4180 Ricardo
1020 4114 1087 4179 filio
1113 4136 1171 4180 suo
1195 4123 1229 4181 et

125 4213 241 4282 dietum
263 4217 453 4283 Johanuem
472 4217 535 4282 sibi
553 4217 743 4296 1111111111,
759 4226 794 4283 11
811 4225 925 4303 postea
938 4229 1010 4283 orta
1024 4225 1075 4284 est
1089 4217 1129 4283 lis
1143 4218 1231 4285 inter

125 4318 259 4386 Alanum
286 4319 471 4408 predictum
497 4328 532 4386 et
559 4319 735 4386 Ricardum
759 4321 864 4386 filium
890 4343 987 4386 suum
1012 4328 1047 4386 et
1071 4321 1229 4388 Ricaudus

547 4447 557 4480 ²
574 4447 674 4512 Supply
684 4450 761 4498 istum
773 4447 805 4513 (l)
