3167 5075
338 422 574 485 rucrnnuurs,
597 408 780 485 r.n.=1217,
803 421 867 472 aa
891 409 985 472 1-2.
1154 407 1215 472 331

124 608 268 664 mortuam
298 622 363 686 que
393 598 476 664 obiit
504 598 593 684 apud
622 598 761 663 Romam
790 597 861 683 ipso
890 595 1071 661 Nicholnus
1104 596 1218 661 statim

123 703 239 768 acoefflit
260 704 303 767 od
326 702 523 788 Episcopum
546 710 581 767 et
603 701 635 767 ei
656 702 859 787 presentauit
873 701 1026 767 clericum
1041 723 1146 780 suum,
1160 702 1219 788 qui

123 830 185 870 cum
204 806 336 871 admitti
357 829 424 871 non
445 814 561 892 posset,
584 804 763 892 appellauit
780 827 838 893 pro
853 806 1095 890 presentocione
1110 815 1219 871 suaet

68 976 70 981 .
124 912 284 977 Nicholaus
299 934 358 998 pru
373 912 444 976 iure
459 932 525 989 suo,
541 920 575 975 et
590 910 655 976 cito
669 918 783 998 postea
797 909 977 995 inpetrauit
988 909 1114 974 litteras
1124 910 1218 976 Doni

123 1016 207 1103 Regis
232 1018 274 1081 de
304 1015 525 1103 prohibicione
555 1036 597 1079 ne
627 1014 808 1101 Episcopus
839 1014 1029 1079 admitteret
1067 1014 1219 1080 clericum

122 1118 207 1183 donec
226 1118 411 1184 discussum
433 1126 517 1183 esset
539 1117 581 1182 ad
603 1140 702 1204 quem
724 1116 775 1182 ius
797 1118 1007 1203 presentandi
1032 1118 1218 1204 pertineret.

124 1221 190 1287 Dies
202 1224 299 1288 datus
315 1231 366 1287 est
381 1230 441 1287 etc.

175 1327 308 1393 llatillis
337 1350 403 1414 que
432 1327 497 1392 fuit
526 1350 608 1391 uxor
637 1325 796 1392 Willelmi
825 1326 866 1391 de
895 1325 1063 1391 Tureuilla
1085 1325 1220 1392 iunioris
1336 1374 1344 1387 .

122 1430 194 1515 petit
212 1454 328 1496 uersus
349 1429 553 1496 Willelmum
580 1429 620 1494 de
651 1428 820 1494 Tureuilla
847 1428 1005 1494 seniorem
1034 1429 1149 1494 uillam
1177 1431 1220 1495 de

122 1533 305 1599 Paillintona
327 1556 402 1598 oum
423 1540 504 1619 pert.
528 1542 562 1598 et
584 1533 698 1598 uillam
721 1533 761 1598 de
784 1533 943 1599 Fulebroc
965 1556 1040 1598 cum
1069 1541 1151 1619 pert.
1180 1543 1220 1600 ut

123 1638 217 1704 dotem
231 1662 326 1704 suam
341 1639 429 1704 unde
443 1638 608 1725 predictus
622 1638 808 1703 Willelmus
822 1638 931 1703 iunior
945 1662 1016 1703 eam
1032 1638 1161 1703 dotauit
1178 1639 1220 1704 de

122 1742 277 1808 uoluntate
298 1752 334 1808 et
354 1766 485 1808 assensu
506 1742 664 1807 Willelmi
684 1741 787 1829 patris
806 1741 857 1806 sui
872 1750 932 1808 etc.
977 1742 1021 1806 Et
1036 1741 1220 1807 Willelmus

123 1845 155 1909 de
168 1846 330 1911 ‘lineuilla
344 1868 402 1933 per
416 1854 618 1910 attornatum
633 1868 729 1910 suum
745 1846 838 1910 uenit
852 1851 888 1910 et
898 1844 1045 1909 defendit
1057 1845 1144 1930 quod
1154 1867 1219 1909 non

122 1948 175 2014 fuit
200 1950 249 2015 ita
276 1950 400 2027 dotata,
429 1972 489 2014 nec
518 1950 567 2015 ita
595 1950 702 2016 dotari
731 1950 849 2037 potuit,
872 1949 949 2035 quia
973 1950 1155 2013 manerium
1177 1949 1219 2014 de
1266 1993 1268 1996 -

122 2050 269 2118 Fulebrolr
284 2062 335 2119 est
350 2053 513 2119 hereditas
528 2054 665 2119 Isobelle
681 2054 789 2119 uxoris
803 2076 861 2118 sue
876 2061 910 2117 et
922 2053 1047 2117 desicut
1062 2060 1113 2118 eet
1127 2053 1219 2118 here-

122 2155 195 2222 ditas
209 2158 316 2223 uxoris
330 2180 389 2223 sue
405 2166 439 2223 et
454 2166 504 2223 est
518 2158 553 2222 in
568 2158 687 2224 saisina
700 2166 740 2223 ut
754 2158 790 2222 in
804 2157 987 2223 hereditate
1007 2180 1067 2223 sua
1086 2158 1220 2224 uidetur

123 2259 240 2346 siquod
254 2260 342 2325 idem
358 2260 543 2326 Willelmus
557 2284 622 2326 non
636 2261 745 2349 potuit
761 2282 834 2326 eam
848 2260 961 2326 dotare
975 2261 1016 2325 de
1037 2260 1219 2327 hereditate

122 2364 218 2429 uxoria
238 2386 302 2429 sue
348 2364 400 2429 De
422 2364 566 2430 manerio
587 2365 628 2429 de
652 2365 836 2430 Pallintona
856 2364 936 2430 dicit
958 2365 1028 2451 ipse
1047 2367 1135 2451 quod
1148 2366 1220 2453 ipsa

123 2465 177 2530 fuit
204 2467 315 2533 dotata
341 2468 383 2533 de
410 2468 512 2534 tercia
536 2476 629 2556 purte
655 2469 801 2534 eiusdem
826 2468 906 2534 uille
932 2478 967 2535 et
991 2492 1057 2534 non
1082 2470 1123 2537 de
1148 2479 1219 2538 toto

124 2572 252 2637 monerio
266 2581 300 2638 et
315 2573 457 2638 libenter
471 2573 503 2638 ei
517 2574 631 2639 reddet
646 2573 780 2638 terciam
796 2581 924 2660 partem
938 2575 967 2639 si
981 2575 1130 2643 uoluerit.
1174 2577 1219 2642 Et

124 2674 246 2742 llatillis
266 2677 347 2743 dicit
369 2678 411 2742 de
432 2677 576 2743 manerio
598 2678 639 2742 de
661 2677 828 2755 Fulebroc‚
850 2678 1035 2764 quodlicet
1064 2679 1147 2744 illud
1176 2680 1220 2746 sit

123 2777 272 2846 hereditas
286 2780 397 2846 uxoris
411 2781 577 2860 Willelmi,
593 2782 680 2847 idem
695 2781 880 2847 Willelmus
893 2782 978 2848 bene
993 2783 1101 2870 potuit
1116 2784 1220 2871 ipsam

124 2881 191 2948 inde
210 2884 327 2963 dotare,
350 2884 430 2972 quia
450 2884 520 2970 ipse
541 2885 648 2950 adhuc
671 2885 766 2964 uiuit,
789 2895 823 2951 et
846 2895 896 2952 est
921 2887 957 2952 in
986 2887 1105 2954 seisina
1131 2888 1221 2955 illius
1355 2880 1360 2888 ⁸

124 2989 254 3067 manerii,
276 2990 364 3055 unde
386 2989 520 3055 uidetur
541 2989 573 3055 ei
594 2990 681 3076 quod
706 2991 865 3077 quamdiu
890 2991 961 3077 ipse
989 2993 1119 3070 uixerit,
1149 2995 1221 3080 ipsa

125 3091 250 3159 Isobella
270 3095 399 3160 nullum
421 3095 473 3159 ius
494 3095 595 3160 habet
617 3094 653 3160 in
674 3094 858 3160 hereditate
879 3118 940 3160 sua
959 3119 1019 3183 per
1032 3097 1119 3183 quod
1133 3095 1220 3184 ipsa¹

124 3193 296 3281 inpediatur
331 3198 374 3263 ad
411 3198 521 3263 dotem
558 3221 651 3263 suam
688 3198 881 3265 habendam.
924 3200 977 3265 De
1006 3201 1149 3266 manerio
1177 3202 1219 3267 de

124 3297 293 3367 Pallintona
306 3302 389 3367 dicit
403 3303 475 3388 ipsa
489 3302 575 3388 quod
590 3301 654 3367 fuit
669 3302 783 3368 dotata
797 3303 838 3368 de
848 3311 919 3368 toto
929 3305 1073 3369 manerio
1084 3305 1219 3392 integre,

126 3412 155 3467 et
172 3403 349 3471 willelmus
370 3407 423 3471 uir
442 3429 520 3471 suus
535 3428 607 3472 eam
622 3407 759 3482 dotauit,
774 3414 809 3472 et
823 3407 900 3472 inde
914 3408 1007 3494 ponit
1021 3431 1056 3474 se
1071 3418 1130 3475 etc
1175 3411 1220 3475 Et

125 3505 293 3575 Willelmus
308 3511 395 3596 petit
410 3510 701 3576 consideracionem
716 3509 804 3575 curie
819 3509 976 3577 sidebeat
988 3512 1019 3577 ei
1028 3513 1220 3599 respondere

127 3610 161 3674 de
174 3614 309 3680 manerio
323 3613 365 3679 de
381 3613 539 3679 Flrlebroc
553 3613 679 3678 desicut
693 3613 776 3678 illud
791 3623 841 3679 est
855 3615 1019 3680 hereditas
1036 3615 1144 3680 uxoris
1162 3639 1221 3682 sue

127 3723 157 3777 et
175 3717 258 3783 nulla
278 3717 405 3783 mencio
427 3718 514 3782 facta
535 3725 585 3782 est
604 3717 646 3782 de
661 3739 700 3782 ea
714 3717 749 3782 in
764 3718 865 3796 breui,
881 3727 915 3784 et
929 3719 958 3784 si
972 3720 1021 3784 ita
1034 3729 1119 3786 esset
1134 3721 1220 3808 quod

128 3817 187 3902 ipsa
205 3831 286 3888 esset
308 3822 358 3886 ita
378 3822 500 3900 dotata,
522 3819 583 3886 hoo
603 3830 687 3886 esset
702 3829 815 3887 contra
829 3823 1095 3889 consuetudinem
1109 3825 1221 3912 regni,

129 3923 194 4006 quia
213 3935 296 3991 terre
318 3926 374 3991 ille
396 3925 571 4008 sufficiunt,
584 3925 625 3990 ad
648 3925 722 4012 plus
743 3948 842 4011 quam
860 3925 902 3990 ad
921 3925 927 4012 Ι
945 3927 1079 3992 terciam
1093 3939 1221 4015 partem

130 4027 219 4093 tocius
246 4037 331 4095 terre
364 4029 503 4116 predicti
539 4029 705 4105 Willelmi,
744 4039 778 4094 et
814 4031 890 4096 inde
926 4031 1019 4116 ponit
1054 4055 1089 4098 se
1125 4056 1223 4120 super

130 4131 262 4212 patriam.
305 4134 351 4197 Et
365 4133 502 4198 Matillis
515 4132 596 4198 dicit
610 4134 697 4219 quod
712 4157 777 4198 non
791 4133 958 4200 sufficiunt
973 4135 1015 4200 ad
1029 4135 1104 4222 plus
1123 4160 1222 4224 quom

132 4235 166 4298 ad
179 4236 305 4302 terciam
319 4246 447 4323 partem
462 4237 566 4302 tocius
581 4246 665 4302 terre
681 4237 783 4324 ipsius
799 4238 964 4318 willelmi,
979 4249 1014 4304 et
1033 4241 1109 4306 inde
1129 4242 1222 4327 ponit

133 4359 160 4400 se
180 4361 270 4426 super
290 4341 438 4408 iuratam.
482 4341 559 4406 Post
589 4342 681 4407 uenit
713 4341 895 4424 Willelmus
924 4343 964 4408 de
995 4344 1160 4410 Tureuilln
1188 4356 1222 4410 ct

393 4470 401 4502 ¹
420 4469 507 4521 Haud.
768 4471 778 4502 ²
797 4472 843 4522 See
854 4473 899 4521 Br.
912 4475 929 4523 t.
941 4475 980 4523 tu.
