3167 5075
342 422 459 475 consu
480 420 581 482 nsua,
602 420 666 470 sn.
691 402 851 481 1236-7,
871 420 937 469 sn
960 407 1011 471 21.
1164 407 1229 471 203
1283 408 1286 415 '

144 596 244 661 babuit
257 604 427 682 postquam
441 594 592 661 saisinam
606 590 724 657 habuit
737 589 778 655 de
789 589 863 655 aliis
876 589 970 655 terris
984 599 1020 656 et
1034 590 1231 656 tenementis

143 724 198 787 que
211 701 335 766 fuerunt
350 698 488 785 predicti
502 695 680 762 Alexandri
693 692 796 781 patris
806 694 866 773 sui,
877 703 913 760 et
923 694 1010 760 facta
1018 693 1231 781 inquisicione

143 801 192 865 illa
217 800 345 865 habere²
375 799 473 865 facist
501 797 648 884 predicto
676 795 862 860 Alexandro
891 795 932 861 de
967 796 1093 861 catallis
1129 796 1231 883 ipsius

143 904 264 970 Ricardi
308 905 426 970 Postea
440 904 517 969 fecit
531 903 631 968 finem
646 909 706 967 eto

52 1004 114 1068 [188.
198 1009 375 1073 Willelmus
388 1009 419 1073 le
434 1008 602 1073 Fauconer
616 1013 651 1071 et
664 1006 782 1071 Petrus
801 1004 843 1070 de
862 1004 1064 1091 Leyroestria
1084 1005 1232 1070 homines

144 1113 269 1179 Simonis
289 1113 329 1178 de
352 1112 465 1177 Monte
491 1111 582 1176 Furti
605 1132 663 1197 pro
685 1110 756 1195 ipso
782 1109 914 1175 Simone
937 1108 1077 1174 ueniunt
1100 1117 1135 1174 et
1158 1131 1233 1174 oon-

143 1221 307 1299 quenmtur
328 1212 415 1298 quod
437 1212 613 1298 burgenses
637 1210 677 1275 de
703 1210 927 1297 Notingebam
951 1210 1073 1275 iniuste
1098 1210 1233 1297 capiunt

143 1316 376 1383 eonsuetudines
402 1315 443 1381 de
468 1314 653 1379 bominibus
679 1314 782 1401 ipsius
809 1313 950 1380 Simonis
975 1314 1016 1380 de
1041 1315 1234 1381 Leircestria

143 1428 240 1486 eontra
260 1428 364 1485 cartas
386 1419 545 1485 Johannis
566 1418 667 1506 Regis
692 1418 795 1505 patris
820 1417 914 1483 Dom.
936 1418 1037 1506 Regis
1062 1428 1097 1484 et
1122 1428 1234 1485 eontra

143 1523 249 1588 mrtas’
262 1524 356 1589 Dom.
378 1521 478 1609 Regis
499 1521 557 1608 qui
578 1544 666 1587 nunc
687 1530 738 1586 est
760 1528 795 1585 et
816 1544 880 1607 que
902 1521 1086 1586 confirmat'
1110 1530 1232 1587 sartam

143 1625 229 1713 Regis
243 1625 410 1693 Johonnis

199 1731 239 1797 Et
255 1731 302 1795 illi
321 1730 468 1795 homines
487 1729 528 1794 de
549 1727 772 1815 Notingeham
794 1727 934 1793 ueniunt
955 1735 990 1793 et
1011 1727 1125 1793 dieunt
1146 1726 1233 1814 quod

143 1832 217 1899 iuste
237 1833 370 1920 capiunt
391 1830 641 1897 eonsuetudines
660 1830 738 1916 quia
756 1830 880 1896 habent
899 1830 1066 1895 libertates
1085 1829 1158 1894 illas
1176 1852 1235 1915 per

143 1943 250 2001 cadam
278 1936 380 2023 Regis
409 1935 453 2000 Η.
482 1933 537 1999 aui
569 1933 662 1999 Dom.
692 1934 793 2021 Regis
827 1954 890 2020 que
925 1942 1081 1999 antenata
1114 1941 1164 1998 est
1198 1941 1234 1999 et

142 2060 192 2123 per
216 2048 318 2105 cartas
344 2038 475 2125 Regum
500 2036 632 2101 Rioardi
657 2044 692 2101 et
715 2036 883 2102 „Iohannis
929 2036 973 2100 Et
995 2036 1073 2123 quia
1096 2035 1234 2122 predicti

143 2142 310 2209 Willelmus
325 2151 361 2208 et
376 2143 493 2207 Petrus
512 2163 577 2206 non
596 2148 674 2207 sunt
693 2140 756 2206 nisi
776 2140 887 2206 nuncii
906 2162 966 2205 neo
985 2140 1108 2205 babent
1127 2150 1234 2226 potes·

143 2252 232 2311 tatem
246 2244 388 2333 ponendi
407 2268 442 2311 se
462 2266 559 2331 super
577 2243 824 2330 inquisicionem
842 2243 913 2309 sine
932 2242 1063 2308 domino
1082 2265 1141 2309 suo
1158 2242 1233 2309 ideo

144 2348 203 2413 sine
216 2349 272 2415 die.

52 2452 114 2520 [189.
198 2455 305 2519 Abbns
318 2453 362 2519 de
378 2452 518 2519 Oseneia
537 2452 629 2517 dedit
648 2452 742 2517 Dom.
758 2452 843 2540 Regi
858 2452 882 2539 j.
897 2452 1091 2539 palefridum
1110 2474 1170 2540 per
1188 2451 1234 2517 sio
1320 2479 1354 2509 on

144 2557 218 2643 quod
240 2559 399 2624 iudicium
425 2558 467 2623 de
492 2557 622 2644 loquela
645 2557 787 2623 deducta
812 2580 918 2622 coram
940 2557 1125 2623 iusticiariis
1146 2557 1234 2644 apud

143 2661 455 2728 westmonasterium
476 2660 564 2725 inter
581 2660 689 2746 ipsum
708 2667 744 2725 et
763 2660 897 2726 heredes
917 2661 1055 2728 Galbidi
1074 2661 1235 2728 Gibewini

144 2763 243 2829 ueniat
256 2787 364 2830 eoram
379 2763 472 2829 Dom.
488 2763 579 2851 Rege
594 2771 629 2827 et
643 2763 775 2829 consilio
792 2787 851 2830 suo
869 2772 904 2831 et
923 2765 970 2831 ibi
990 2765 1049 2832 fiat
1068 2765 1234 2832 iudicium.

145 2867 181 2930 llt
193 2867 357 2934 reoordum
372 2867 465 2933 uenit
480 2875 593 2954 postea
606 2889 665 2954 per
679 2867 740 2933 heo
754 2869 862 2934 uerba
881 2868 887 2955 Ι

199 2969 390 3058 Preceptum
419 2971 483 3035 fuit
512 2969 696 3036 uioeoomiti
725 2971 811 3058 quod
836 2970 948 3037 uenire
977 2972 1096 3037 faceret
1121 2973 1175 3060 xij.
1200 2981 1235 3038 et
1308 3042 1356 3070 m

145 3071 314 3140 Gilbertum
345 3075 386 3140 de
415 3076 449 3140 la
476 3074 565 3140 Hide
595 3083 630 3140 et
655 3074 734 3140 alios
760 3074 942 3140 nominatos
963 3074 999 3138 in
1024 3084 1114 3141 oarta
1136 3099 1234 3162 quam

144 3175 295 3244 lohannes
309 3179 423 3244 Abbos
438 3178 576 3244 Oseneie
596 3179 719 3265 profert
737 3187 851 3243 eontra
864 3178 1059 3245 Robertum⁸
1074 3180 1186 3245 Briani
1200 3188 1235 3245 et

145 3279 310 3350 Robertum
329 3283 370 3350 de
387 3283 499 3349 Insula
515 3283 650 3348 heredes
670 3282 808 3348 Galbidi
828 3283 988 3349 Gibewini
1007 3283 1050 3349 ad
1068 3305 1235 3371 recognos-

145 3387 268 3454 cendum
294 3411 393 3476 super
417 3396 653 3454 sacramentum
679 3409 775 3452 suum
801 3387 828 3452 si
858 3387 1022 3454 Galfridus
1047 3387 1236 3453 Gibowinus

145 3492 236 3560 tribus
258 3495 352 3560 annis
370 3503 546 3581 antequam
561 3493 686 3559 obierat
705 3492 798 3558 dedit
817 3502 937 3558 terram
956 3515 1049 3558 suam
1068 3491 1110 3557 de
1129 3493 1235 3558 Messe

146 3599 275 3666 iohanni
303 3601 467 3689 quondam
495 3599 620 3666 Abbati
649 3597 691 3664 de
721 3598 862 3664 Oseneia
890 3605 925 3663 et
952 3596 1085 3663 ecclesie
1114 3619 1172 3662 sue
1200 3597 1236 3661 in

146 3723 248 3786 puram
261 3713 297 3770 et
311 3712 504 3791 perpetuam
519 3702 727 3770 elemosinam
742 3708 777 3766 et
791 3701 867 3766 inde
881 3708 1003 3767 oartam
1017 3721 1108 3765 suam
1129 3698 1235 3764 eidem

146 3805 256 3872 Abbati
283 3816 319 3874 et
349 3807 481 3874 ecclesie
510 3829 568 3872 sue
597 3806 684 3884 fecit,
708 3813 743 3870 et
767 3805 803 3869 in
832 3827 897 3891 quo
922 3813 1011 3870 statu
1040 3804 1104 3869 fuit
1129 3804 1236 3871 dietus

148 3905 305 3988 Gslfiidus,
319 3909 450 3996 quando
469 3909 591 3975 donum
611 3907 693 3974 illud
714 3907 754 3973 de
775 3907 921 3993 predicta
939 3915 1026 3972 terra
1039 3907 1087 3973 eis
1101 3907 1186 3987 feeit,
1201 3917 1236 3974 et

147 4009 262 4077 siidem
278 4013 443 4080 Galfridus
457 4013 552 4078 uenit
565 4012 600 4077 in
619 4012 812 4076 comitatum
833 4010 1041 4098 Bukingham
1060 4019 1095 4076 et
1113 4012 1237 4098 predio-

148 4121 209 4179 tum
224 4118 384 4182 Abbatem
400 4115 440 4182 de
454 4115 601 4203 predicta
614 4124 701 4180 terra
714 4114 841 4180 seisiuit
859 4137 918 4201 per
936 4123 1058 4181 cartam
1078 4139 1169 4181 suam
1188 4117 1238 4181 ita

148 4219 223 4303 quod
250 4243 289 4285 ex
318 4229 398 4286 tuno
427 4220 515 4286 idem
544 4221 656 4286 Abbas
682 4220 782 4285 libere
806 4228 956 4284 usus.est
978 4219 1096 4286 saisina
1116 4242 1175 4286 sua
1195 4219 1237 4285 de

175 4387 250 4442 ¹'l'hs
268 4391 338 4443 word
356 4391 386 4442 in
405 4391 461 4442 tls.
479 4391 503 4443 is
521 4405 593 4442 mors
608 4389 660 4441 like
742 4389 821 4439 ’Sis

150 4451 218 4505 bene.
742 4454 983 4531 ’Supplyfiliamr
