3167 5075
320 394 383 457 128
493 406 611 456 consu
633 407 733 468 uren,
755 406 822 455 nn.
845 393 1005 468 12:34-5,
1026 406 1090 455 nn
1116 392 1251 455 18-19.

318 599 444 643 sumere
464 576 635 663 abaliquo
656 600 731 643 cum
756 599 822 641 non
845 576 966 642 hebeat
988 576 1186 664 superiorem
1211 599 1245 641 se
1268 575 1305 640 in
1328 596 1432 662 regno

318 682 396 760 suo,¹
419 691 453 747 et
476 684 569 747 Dom.
592 682 663 748 Rex
684 682 848 770 cognoscit
870 683 957 769 quod
977 681 1064 749 idem
1086 683 1257 750 Hubertus
1271 682 1337 748 fuit
1351 680 1431 747 inde

318 785 499 852 disseisitus
514 808 572 872 per
586 796 775 872 preceptum
791 808 897 865 suum,
912 786 1161 853 Consideratum
1177 794 1227 851 est
1242 784 1329 873 quod
1339 785 1429 850 idem

320 891 489 957 Hubertus
509 892 714 977 recuperauit
734 892 887 957 seisinem
907 914 999 957 suem
1020 900 1055 957 et
1075 892 1238 957 Robertus
1252 891 1288 955 in
1303 890 1430 955 miseri-

318 995 434 1072 cordia,
458 1002 492 1059 et
516 994 637 1059 hebeat
662 994 729 1059 tale
756 1016 946 1080 recuperare
973 1016 1085 1060 uersus
1111 994 1206 1060 Dom.
1232 994 1359 1081 Regem
1384 993 1429 1060 de

318 1100 478 1169 escambio
497 1098 592 1186 quale
613 1098 731 1163 hebere
751 1097 894 1176 debebit,
913 1099 968 1163 uel
988 1098 1172 1165 siuoluerit
1186 1098 1275 1186 loqui
1289 1099 1331 1165 de
1345 1100 1428 1179 iure,

319 1226 431 1269 uersus
446 1203 570 1269 dictum
586 1202 783 1267 Hubertum.

384 1306 592 1372 ’Mandatum
622 1306 687 1371 fuit
717 1305 898 1393 Engelerdo
927 1305 968 1372 de
1007 1307 1201 1395 Oygoingny
1237 1329 1296 1393 per
1331 1307 1431 1373 Dom.

217 1425 230 1453 ¹
319 1412 445 1498 Regem
467 1409 553 1497 quod
572 1408 708 1474 heberet
727 1432 835 1474 coram
850 1432 889 1475 eo
904 1410 964 1475 teli
978 1410 1032 1475 die
1047 1409 1120 1477 etc.⁸
1166 1410 1210 1475 Et
1226 1410 1432 1497 Engelardus

319 1516 413 1581 uenit
435 1522 472 1579 et
495 1513 575 1579 dicit
600 1512 687 1598 quod
712 1512 860 1599 predicta
885 1511 954 1578 filie
978 1521 1012 1579 et
1039 1514 1134 1579 heres
1162 1512 1292 1579 infirme
1317 1523 1368 1579 est
1393 1522 1433 1579 et

319 1621 440 1709 profert
455 1620 582 1684 litteras
596 1618 689 1685 Dom.
705 1617 806 1705 Regis
818 1626 971 1703 petentes
985 1641 1049 1704 que
1064 1627 1230 1683 testentur
1243 1619 1317 1685 etc*

385 1724 429 1788 Et
458 1723 569 1809 Agnes
597 1730 703 1786 meter
731 1720 834 1807 ipsius
862 1721 928 1785 filie
958 1730 993 1786 et
1022 1721 1187 1808 quondam
1215 1745 1297 1787 uxor
1325 1721 1432 1807 ipsius

320 1826 494 1914 Reginuldi
523 1848 581 1912 per
610 1825 813 1891 Willelmum
844 1826 959 1889 anset
993 1824 1074 1890 dicit
1107 1825 1195 1912 quod
1228 1824 1434 1913 Regineldus

320 1930 421 1996 nichil
436 1930 559 1995 tenuit⁶
573 1929 614 1995 de
629 1930 724 1995 Dom.
740 1930 831 2016 Rege
846 1930 881 1994 in
896 1928 1004 2016 capite
1018 1951 1077 2016 per
1091 1929 1265 1995 seruicium
1280 1929 1437 2008 militare,

321 2042 372 2101 set
391 2034 471 2100 dicit
494 2034 579 2121 quod
599 2034 764 2120 predictus
784 2034 984 2119 Regn'neldus
1004 2042 1040 2099 et
1059 2034 1244 2101 Willelmus
1258 2034 1299 2101 de
1315 2035 1436 2100 Reue-

321 2138 406 2205 done
420 2145 599 2203 tenuerunt
613 2138 653 2203 de
669 2137 762 2202 Dom
783 2138 875 2225 Rege
895 2138 984 2224 apud
1004 2138 1245 2225 Merlebergum
1265 2137 1434 2225 quoddam

321 2243 544 2309 molendinum
570 2242 732 2309 reddendo
758 2265 818 2327 per
841 2266 965 2308 annum
990 2243 1072 2308 duos
1093 2244 1213 2309 solidos
1235 2253 1270 2309 et
1292 2244 1436 2330 quedam

322 2347 458 2413 calceria
477 2370 582 2425 aurea,
604 2356 638 2412 et
658 2348 753 2413 offert
776 2348 871 2413 Dom.
893 2348 978 2434 Regi
1002 2371 1053 2413 xz
1078 2371 1175 2415 marc.
1199 2371 1257 2436 pro
1281 2347 1438 2415 habenda

322 2450 468 2539 predicte
487 2449 555 2514 filie
574 2472 634 2514 sua
654 2450 707 2514 uel
727 2472 785 2538 pro
806 2450 956 2517 habende
975 2451 1234 2519 consideracione
1255 2452 1343 2518 curie
1365 2474 1436 2518 sue.

325 2557 368 2622 Et
382 2556 460 2643 quis
474 2564 561 2620 terra
574 2555 632 2620 ille
646 2565 696 2621 est
711 2557 884 2644 soceginm,
899 2557 1138 2623 consideratum
1153 2566 1204 2623 est
1214 2579 1322 2624 coram
1335 2556 1434 2622 Dom.

322 2662 413 2748 Rege
437 2660 523 2748 quod
548 2660 694 2747 predicta
718 2662 830 2747 Agnes
856 2661 1011 2728 rehebeet
1037 2663 1139 2728 filiam
1164 2685 1257 2728 suem
1283 2671 1319 2729 et
1345 2661 1436 2748 quod

324 2763 452 2829 Mathia
467 2763 555 2828 Bezil
571 2763 686 2828 reddet
700 2764 846 2850 predicto
861 2764 1043 2851 Engelsrdo
1057 2766 1099 2830 ln
1116 2787 1246 2831 merces
1265 2765 1270 2850 1

389 2868 568 2933 ⁸Walterus
585 2868 636 2932 De
660 2869 789 2956 Pnuilly
810 2869 989 2934 uicecomes
1013 2868 1103 2935 Wilt.
1128 2868 1347 2932 summonitus
1369 2868 1439 2932 fuit

324 2973 366 3039 ed
392 2971 589 3038 ueniendum
619 2994 725 3037 coram
756 2973 850 3039 Dom.
881 2974 972 3061 Rege
1002 2983 1189 3038 ostensurus
1217 2995 1317 3060 quere
1346 2973 1439 3059 cepit

325 3079 436 3145 euerie
460 3077 634 3144 Abbatisse
659 3077 700 3142 de
727 3077 902 3143 Rumeseie
927 3078 1092 3144 occasione
1118 3077 1280 3142 hundredi
1308 3076 1361 3142 sui
1393 3077 1437 3143 de

325 3181 612 3250 Hweruelesdene'
638 3191 673 3247 et
699 3182 819 3248 iniuste
842 3183 986 3249 detinuit
1014 3192 1127 3249 contre
1155 3182 1328 3248 iudicium⁸
1357 3182 1438 3248 inde

325 3309 430 3375 nuper
451 3286 565 3351 datum
587 3285 622 3350 in
644 3285 734 3350 curin
753 3286 878 3351 nostre⁹
892 3309 998 3352 eorem
1013 3286 1198 3352 iusticieriis
1213 3287 1331 3352 nostris
1345 3286 1438 3372 apud

326 3389 651 3457 westmonasterium
682 3397 720 3453 ut
750 3389 847 3467 dicat,
875 3389 962 3455 unde
991 3389 1106 3455 eedem
1135 3389 1226 3454 curie
1246 3388 1439 3455 recordetur

325 3495 412 3583 quod
426 3494 582 3560 iudicium
597 3494 663 3559 tale
678 3493 742 3558 fuit
757 3494 844 3580 quod
857 3494 1034 3560 Abbatissa
1047 3494 1167 3560 hebere
1182 3494 1280 3560 debet
1292 3493 1438 3559 hundre-

326 3601 405 3666 dum
427 3599 609 3687 predictum
632 3597 796 3663 reddendo
818 3598 858 3664 xl.
882 3599 1008 3677 solidos,
1030 3608 1065 3664 et
1086 3607 1175 3665 certe
1197 3599 1327 3687 Regum
1355 3622 1439 3685 ques

326 3706 397 3793 ipsc
416 3704 493 3769 inde
513 3702 614 3768 hebet
634 3711 817 3782 teneantur,
837 3713 873 3771 et
892 3704 978 3790 quod
993 3728 1022 3768 x,
1038 3726 1145 3770 marce
1160 3727 1241 3792 ques
1255 3703 1439 3770 uiceeomes

360 3866 370 3899 ¹
388 3865 436 3917 See
446 3867 490 3915 Br.
502 3867 520 3916 f.
533 3867 548 3917 5
561 3865 585 3926 b.
601 3869 649 3916 ³82
667 3866 692 3917 b.
726 3865 791 3915 This
807 3866 855 3916 im-
908 3866 941 3930 by
952 3866 1078 3917 Metthew
1089 3870 1117 3916 to
1127 3865 1268 3929 Engelerd.
1302 3867 1334 3915 Δ.

327 3934 433 3997 portent
443 3945 550 3994 passage
562 3930 585 3980 is
600 3932 713 3994 scarcely
724 3931 816 3994 legible
827 3932 856 3982 in
937 3933 949 3964 ⁸
966 3932 1022 3980 The
1038 3932 1091 3981 lect
1105 3933 1155 3981 flue
1170 3931 1254 3982 words
1271 3945 1317 3981 ere
1331 3932 1442 3984 written

327 3996 445 4048 Awhioh
457 3997 582 4047 hasbeen
594 3997 783 4060 sedlyrubbcd.
906 4011 1133 4056 overunernsure,
1142 3996 1440 4061 endersfoundegein

361 4062 371 4095 ¹
386 4063 418 4112 Δ.
429 4077 464 4112 m.
477 4063 501 4111 4.
906 4062 934 4112 in
946 4061 990 4112 the
1001 4061 1112 4126 margin

361 4128 371 4162 ³
387 4143 470 4178 coram
481 4143 508 4178 eo
519 4143 537 4178 o
553 4127 595 4177 die
612 4129 638 4178 S.
657 4129 717 4178 Joh.
734 4130 812 4191 Bopt.
827 4129 856 4177 io
939 4127 950 4159 ⁸
966 4128 998 4176 A.
1009 4143 1045 4178 m.
1057 4128 1080 4179 6.

329 4210 371 4244 ro.
395 4195 449 4243 dier
471 4195 611 4256 ubtwoquc
634 4202 695 4243 erret
717 4195 805 4257 filiam
832 4201 856 4242 et
940 4191 951 4226 ⁷
966 4192 1197 4243 Whorwelsdown.
1266 4205 1271 4213 ·

331 4261 441 4310 medem
451 4259 589 4320 chincldi
600 4261 689 4309 Bauer
701 4273 746 4322 que
759 4261 817 4322 soit
828 4260 858 4308 in
940 4257 1018 4308 ⁸For
1039 4257 1125 4309 which
1146 4257 1292 4321 judgmmt,
1310 4273 1356 4310 see
1377 4260 1446 4313 cnse

329 4325 856 4383 cumdumdebwiamarneilrerilm.
910 4325 966 4376 775.

362 4389 539 4451 ‘Agrcntor
555 4388 600 4439 the
612 4387 744 4452 werdship
761 4389 796 4451 by
811 4387 857 4438 the
939 4387 1061 4448 ’siun

329 4455 392 4518 king
408 4459 435 4505 to
451 4453 573 4504 Matthew
584 4454 666 4513 Bezil,
678 4453 731 4506 and
747 4469 764 4505 e
780 4457 857 4518 grant
