3167 5075
338 369 403 433 250
558 378 676 435 cosan
698 378 797 443 aran,
819 380 884 431 nn.
910 364 1068 443 1237-8,
1089 380 1152 431 aa
1175 369 1226 431 22

402 556 446 623 Et
460 554 552 623 Prior
565 554 658 622 uenit
673 562 707 621 91
721 552 822 621 nichil
837 551 918 618 dicit
932 560 1044 617 contra
1057 552 1191 621 misam
1210 563 1245 619 et
1264 563 1365 640 capta
1382 555 1450 621 fuit

336 658 435 728 assisa
457 680 637 745 perquam
663 656 866 743 recognitum
891 655 957 721 fuir
981 654 1068 741 quod
1093 655 1164 723 Rex
1190 656 1350 723 Ricardns
1374 681 1451 744 pre-

336 764 480 835 sentauit
508 764 659 831 ultimam
687 782 858 849 personam
886 759 929 826 ad
958 760 1088 827 easdem
1116 761 1266 827 ecclesias
1295 770 1331 827 et
1365 776 1449 827 tunc

336 867 490 954 temporis
525 868 658 933 flrerunt
694 874 780 931 terre
808 864 866 931 ille
893 864 930 931 in
958 886 1059 931 manu
1087 864 1191 951 ipsius
1218 866 1313 933 Dcm
1344 867 1449 954 Regis

401 1072 445 1137 Et
459 1094 556 1158 snper
569 1072 630 1139 hoc
648 1072 740 1137 uenit
760 1070 848 1137 idem
868 1070 985 1137 Comes
1004 1079 1040 1137 et
1058 1073 1181 1157 profert
1200 1081 1323 1139 cartam
1343 1073 1447 1161 Regis

334 1176 494 1242 Johannis
518 1198 581 1261 qne
605 1184 748 1241 testatur
770 1174 857 1260 quod
880 1174 950 1262 ipse
975 1174 1119 1239 reddidit
1144 1183 1179 1240 et
1203 1175 1360 1241 concessit
1382 1185 1446 1242 etc

336 1278 500 1345 Willelmo
528 1278 570 1343 de
599 1277 739 1345 Ferasiis
769 1277 892 1345 Comiti
927 1277 1040 1364 Derby
1076 1278 1230 1365 Hegham
1266 1302 1341 1345 cum
1378 1303 1448 1345 uno

335 1381 551 1447 hundredo-et
565 1380 699 1453 dimidio
714 1388 749 1445 61
762 1380 835 1445 aliis
849 1380 1058 1465 pertinenciis
1071 1379 1140 1447 suis
1153 1389 1189 1447 et
1205 1382 1291 1469 quod
1304 1382 1400 1449 dedit
1414 1384 1447 1451 ei

335 1509 468 1573 parcum
490 1496 550 1553 etc
566 1485 651 1553 sicut
672 1486 724 1551 ius
745 1493 781 1549 et
801 1484 1019 1551 hereditatem
1040 1485 1144 1571 ipsius
1164 1486 1304 1553 Comitis
1322 1496 1395 1565 etc,
1410 1500 1447 1553 et

336 1590 423 1657 idem
439 1590 554 1657 (lomes
568 1589 733 1657 residuum
748 1596 834 1655 terre
853 1608 919 1673 qne
937 1587 1003 1653 fuit
1016 1587 1175 1655 Willelmi
1194 1589 1361 1656 Pcuerelle
1379 1590 1446 1677 ipsi

266 1770 268 1775 ,
336 1694 420 1781 Regi
442 1702 477 1759 et
498 1693 671 1761 heredibus
696 1693 763 1759 suis
788 1692 939 1779 quietum
961 1692 1117 1758 clamauit
1139 1692 1176 1759 in
1200 1694 1351 1760 omnibns
1373 1703 1447 1761 tam

335 1799 422 1867 uillis
451 1820 549 1884 quam
578 1797 719 1863 castellis
745 1805 806 1861 etc
860 1794 920 1861 Et¹
943 1795 972 1861 si
994 1796 1077 1861 forte
1100 1795 1219 1882 aliquis
1243 1798 1386 1865 uoluerit
1410 1802 1447 1865 in

335 1910 500 1989 posterum
515 1899 646 1987 aliquod
660 1899 712 1965 ius
726 1899 865 1967 clamare
879 1897 915 1963 in
929 1898 993 1963 hiis
1008 1920 1071 1984 que
1082 1899 1170 1965 idem
1181 1899 1299 1967 Comes
1312 1902 1446 1988 quietas

335 2004 489 2073 clamauit
510 2004 598 2069 idem
621 2003 737 2069 Comes
759 2010 795 2067 91
816 2002 951 2068 heredes
974 2002 1026 2067 sui
1049 2002 1156 2069 eidem
1181 2004 1275 2070 Dom.
1298 2006 1386 2095 Regi
1410 2016 1447 2075 et
1556 2075 1557 2082 ,

336 2109 508 2175 heredibus
523 2107 589 2173 suis
604 2106 724 2173 debent
739 2106 1070 2193 warentizare,'quare
1090 2108 1165 2174 nult
1184 2109 1351 2194 predictus
1369 2112 1448 2177 Rex
1556 2131 1557 2134 ’

335 2222 394 2279 etc.
407 2212 494 2300 quod
507 2211 626 2277 habeat
641 2219 676 2275 et
690 2217 803 2277 teneat
817 2217 919 2276 terras
932 2210 1006 2275 illas
1020 2232 1095 2275 cum
1110 2211 1261 2278 omnibns
1274 2213 1447 2298 pertinen-

334 2316 392 2383 ciis
413 2316 480 2381 suis
499 2338 573 2383 cum
594 2314 651 2380 sok
672 2323 731 2381 etc.
777 2314 877 2379 Carta
895 2322 946 2378 est
961 2312 1002 2379 de
1021 2315 1126 2400 primo
1142 2337 1228 2381 anno
1243 2316 1351 2403 Regia
1399 2318 1448 2385 Et

334 2427 482 2505 preterea
510 2429 675 2506 repertum
704 2426 754 2485 est
783 2417 819 2483 in
846 2419 954 2483 rotulo
982 2418 1025 2483 dc
1053 2419 1210 2484 scaccario
1238 2420 1325 2506 quod
1351 2420 1448 2489 idem
1556 2487 1557 2498 ,

336 2522 451 2590 Comes
465 2522 563 2588 finem
579 2522 656 2588 fecit
670 2545 743 2588 cum
759 2522 851 2610 Rege
867 2521 890 2586 J
891 2521 1019 2588 channe
1038 2546 1096 2609 pro
1116 2523 1270 2610 predictis
1289 2526 1449 2594 maneriis

333 2627 490 2695 habendis
511 2628 595 2694 sicut
617 2626 800 2713 predictum
821 2634 872 2692 est
893 2648 952 2713 per
969 2626 1117 2713 predicta
1135 2627 1243 2692 uerba
1288 2628 1333 2693 Et
1345 2628 1449 2696 iusti·

333 2731 424 2798 ciarii
452 2731 612 2796 miserrmt
640 2729 807 2796 recordnm
836 2728 931 2796 Dorn
961 2729 1046 2817 Regi
1074 2729 1146 2796 sine
1173 2752 1238 2816 qno
1266 2731 1450 2800 noluerunt

333 2838 504 2924 procedere
530 2837 565 2902 in
588 2835 716 2912 iudicio,
738 2841 773 2900 et
798 2833 893 2899 Dom
915 2833 987 2900 Rex
1009 2834 1154 2920 precepit
1175 2834 1263 2920 quod
1282 2835 1449 2904 indicium
1555 2822 1556 2891 ζ

333 2940 409 3008 inde
424 2941 522 3006 fieret.
568 2939 612 3006 Et
627 2937 704 3024 qnia
716 2936 862 3004 maneria
875 2937 1009 3003 fuerunt
1028 2938 1064 3002 in
1080 2959 1181 3004 manu
1195 2937 1296 3024 Regis
1309 2937 1450 3008 Rieardi
1555 2970 1556 3037 p

334 3046 462 3133 quando
487 3045 690 3130 presentauit
712 3053 747 3109 et
771 3043 850 3129 quia
870 3044 942 3108 Rex
968 3043 1137 3108 iohannes
1158 3051 1274 3129 postea
1296 3043 1450 3111 reddidit
1555 3040 1556 3063 ³

333 3149 439 3214 eidem
455 3147 577 3213 Comiti
591 3147 735 3213 maneria
748 3147 806 3212 illa
826 3169 901 3212 cum
920 3147 1071 3212 omnibus
1090 3146 1300 3232 pertinenciis
1319 3146 1391 3212 suis
1411 3159 1451 3216 et

212 3327 216 3336 ¹
333 3251 562 3317 aduocaciones
570 3249 626 3315 ille
635 3258 712 3316 sunt
721 3251 762 3316 de
771 3250 980 3336 pertinenciis
988 3250 1206 3337 predictorum
1215 3250 1450 3329 maneriorum,

334 3365 369 3421 et
382 3364 471 3421 carta
490 3362 525 3419 et
544 3354 618 3420 finis
640 3355 675 3420 in
696 3355 785 3420 curia
804 3354 898 3420 Dom
914 3355 1014 3442 Regis
1029 3356 1135 3420 factus
1148 3353 1352 3431 concordant,
1365 3378 1448 3421 con·
1554 3418 1555 3421 ,

333 3459 511 3526 sideratum
537 3467 588 3524 est
613 3459 700 3545 quod
723 3461 818 3526 Dom.
840 3460 912 3524 Rex
937 3459 1038 3524 nichil
1062 3466 1176 3545 petere
1196 3466 1308 3544 potest
1328 3469 1451 3527 eontra

333 3563 432 3628 finem
446 3562 540 3628 illum
555 3570 590 3628 et
609 3570 738 3628 cartam.
784 3563 830 3628 Et
849 3562 967 3629 Comes
985 3569 1155 3648 recuperet
1175 3561 1329 3628 seisinam
1345 3583 1448 3629 suam

333 3689 446 3732 uersus
460 3665 641 3754 predictum
657 3667 801 3732 Priorem
815 3675 850 3732 et
864 3666 955 3732 Prior
968 3665 1006 3731 in
1018 3663 1243 3731 misericordia

201 3772 293 3842 1237.
398 3771 558 3836 Homines
571 3770 690 3836 Prioris
705 3779 739 3836 et
756 3779 937 3836 conuentus
956 3771 989 3838 S.
1005 3769 1184 3836 swithuni·
1197 3769 1240 3835 de
1255 3769 1449 3848 Orrmdella,

216 3874 277 3914 ⁵²²²
334 3871 556 3940 Hessebnrnia
574 3880 609 3938 61
628 3873 669 3938 de
684 3872 962 3959 Wythechurche⁸
976 3872 1086 3958 questi
1099 3873 1233 3938 fuerunt
1246 3871 1342 3937 Dom
1356 3872 1451 3962 Regi

333 3977 420 4064 quod
448 4000 523 4043 cum
551 3975 692 4042 concessi
720 3986 828 4043 essent
856 3976 962 4042 eidem
992 3974 1096 4040 Priori
1124 3982 1160 4040 et
1191 3975 1373 4041 concentui
1411 3987 1451 4044 et
1553 4004 1554 4051 l

334 4080 466 4148 ecclesie
481 4105 538 4146 sue
553 4082 588 4146 in
602 4103 717 4167 puram
738 4090 774 4146 et
791 4089 985 4168 perpetuam
1005 4079 1215 4145 elemosinam
1233 4080 1277 4145 ab
1296 4087 1450 4148 anteces-

334 4185 458 4252 soribus
473 4186 567 4251 Dom.
582 4185 693 4272 Regis,
710 4185 772 4272 ipsi
787 4185 878 4252 Prior
892 4195 926 4252 et
941 4192 1121 4251 conuentus
1136 4183 1315 4272 exigebant
1332 4183 1378 4250 ab
1399 4187 1451 4254 eis

367 4341 374 4374 ¹
392 4339 491 4390 Recital
502 4339 530 4390 ol
540 4339 584 4390 the
595 4339 697 4392 charior
708 4341 853 4392 continues.
940 4338 952 4372 ³
965 4336 1449 4398 omnem,11mrbourne1>rrorm‹r

366 4406 376 4438 ²
392 4404 553 4456 winchester
564 4405 721 4469 Monastery.
908 4403 1089 4460 Whltchnrch.
