3167 5075
398 386 550 451 rerurrr,
571 386 636 437 an.
661 374 754 449 1220,
776 388 840 437 aa.
864 375 891 438 4.
1137 376 1201 445 379

113 569 222 627 urtam
235 560 326 627 Dom
341 562 372 627 J.
388 561 490 649 Regis
509 584 573 647 que
592 566 737 625 testatur
757 560 844 647 quod
863 584 1024 649 nusquam
1044 562 1203 651 placitent

113 688 165 730 nec
175 664 215 729 ad
226 665 355 751 aliquod
368 666 528 751 placitum
541 670 810 729 summoueantur
829 672 922 729 extra
941 665 1083 753 burgum
1098 691 1202 747 suum,

112 770 206 834 setin
228 770 331 856 burgo
355 791 414 833 suo
440 767 569 853 proprio
590 775 681 832 stent
703 775 791 832 recto
814 790 919 833 coram
941 770 1128 837 iusticisriis
1149 775 1203 838 uel

112 874 227 938 balliuis
250 874 344 939 Dona
367 872 478 959 Regis,
498 880 534 937 et
559 871 646 957 quod
671 871 816 937 habeant
840 896 952 939 omnes
978 876 1147 943 libertates
1169 886 1203 943 et

112 969 214 1043 liberas
236 977 487 1044 consuetudines
511 998 591 1063 quas
615 976 728 1063 aliqua
749 978 924 1043 ciuitatum
948 979 1003 1045 uel
1028 981 1203 1067 burgorum

111 1083 140 1146 in
160 1083 274 1171 Anglia
295 1083 427 1149 habent
472 1082 518 1146 Et
534 1081 608 1148 ideo
629 1080 728 1147 datus
748 1090 800 1147 est
823 1083 869 1147 eis
891 1083 961 1149 dies
980 1084 1022 1150 de
1041 1086 1204 1153 audiendo

111 1186 216 1252 iudicio
227 1210 285 1252 suo
299 1187 360 1252 tali
375 1186 429 1251 die
444 1194 514 1264 eta,
528 1186 607 1272 quia
620 1186 769 1253 homiues
783 1188 967 1253 Londonic¹
981 1188 1096 1255 dicunt
1116 1192 1203 1278 quod

110 1301 187 1356 curta
199 1314 256 1357 sua
268 1292 360 1379 prius
373 1292 461 1357 facta
474 1291 540 1356 fuit
554 1299 590 1355 ct
604 1313 732 1377 semper
745 1313 786 1356 ea
800 1292 851 1357 usi
871 1293 1005 1358 fuerunt
1025 1301 1059 1358 et
1080 1294 1144 1381 ipsi
1162 1294 1203 1360 de

111 1395 270 1461 Dunewico
294 1418 464 1482 nunquam
487 1394 642 1460 saisinam
667 1395 854 1460 habuerunt
877 1419 936 1483 per
961 1406 1082 1463 cartem
1104 1397 1203 1477 illam,

110 1501 177 1585 quia
201 1502 288 1566 facta
318 1500 383 1565 fuit
410 1508 559 1585 tempore
587 1498 719 1584 guerre¹
745 1508 780 1565 et
805 1499 879 1566 ideo
902 1510 1023 1587 petunt
1046 1501 1203 1567 iudicium

111 1602 214 1670 smmi
268 1602 519 1669 consideratum
554 1610 605 1667 est
638 1601 726 1688 quod
758 1624 825 1667 non
860 1605 1076 1690 respondeant
1111 1613 1205 1669 extra

110 1708 208 1772 uillam
236 1728 331 1772 suam
359 1729 418 1793 pro
443 1714 534 1771 cama
561 1706 657 1771 Dom.
683 1706 785 1793 Regis
814 1728 981 1794 quousque
1011 1708 1105 1775 Dom.
1132 1709 1203 1773 Rex

110 1810 215 1877 habeat
228 1819 354 1876 etatem
368 1810 487 1887 suam‘,
501 1818 538 1874 et
551 1808 625 1875 ideo
639 1810 709 1875 sine
724 1810 787 1877 die.

58 1924 81 1987 ⁰.
163 1915 293 1982 'durata
315 1916 410 1981 uenit
431 1915 639 2001 recognitum
658 1923 772 1980 utrum
793 1914 859 1981 due
880 1916 999 1983 bouats
1022 1923 1203 1981 terrenum
1302 1936 1319 1966 ⁴·-

108 2026 180 2103 pert,
199 2019 234 2084 in
259 2018 388 2104 Olaipol
413 2018 481 2083 sint
506 2018 609 2083 libera
633 2017 810 2085 elemosina
830 2020 997 2105 pertinens
1018 2020 1061 2085 ad
1082 2020 1204 2086 medis·

107 2130 197 2186 tatem
225 2121 361 2187 ecclesie
390 2120 432 2187 de
462 2121 598 2207 Olaipol,
626 2120 714 2185 unde
743 2120 902 2186 Ricardus
931 2122 972 2187 de
1003 2122 1127 2208 Olaipcl
1154 2131 1204 2187 est

105 2245 235 2308 persona
257 2247 303 2290 an
328 2224 449 2289 laicum
475 2222 607 2288 feodum
633 2223 806 2289 Laureucii
828 2224 868 2289 de
891 2223 1026 2310 Olaipol,
1049 2224 1105 2311 qui
1127 2224 1204 2290 inde

107 2338 266 2394 uocauerat
279 2328 325 2394 ad
338 2335 520 2393 warantum
536 2327 717 2393 Gerardum
736 2327 778 2392 de
799 2328 958 2406 Huwella,
974 2329 1031 2416 qui
1053 2329 1147 2395 uenit
1168 2338 1203 2395 et

105 2434 320 2499 terramillam
333 2434 366 2497 ei
379 2432 604 2498 warentizauit
618 2439 653 2496 et
668 2432 825 2497 concessit
840 2431 980 2497 assisam.
1027 2433 1071 2497 Et
1090 2440 1203 2520 postea

105 2539 295 2605 ussitidem
319 2537 483 2604 Gerardus
504 2546 538 2604 et
559 2535 749 2625 recognouit
776 2545 883 2602 totam
908 2535 1104 2623 predictam⁸
1127 2559 1202 2603 oum

104 2651 173 2726 pert
195 2665 264 2708 csse
285 2643 340 2707 ius
362 2641 464 2727 ipsius
486 2641 617 2706 Ricardi
638 2649 673 2705 et
695 2640 840 2727 predicte
863 2641 1049 2706 medietatis
1071 2643 1203 2708 ecclesie

104 2746 139 2810 de
159 2747 282 2833 Olsipol
310 2747 398 2811 unde
422 2745 512 2810 idem
537 2746 696 2811 Ricardus
717 2753 768 2810 est
790 2767 935 2832 persona,
959 2746 1105 2812 faciendo
1126 2747 1203 2814 iude

102 2849 157 2936 ipsi
170 2851 314 2917 Gerardo
328 2858 364 2915 et
378 2849 553 2915 heredibus
566 2849 634 2914 suis
654 2848 906 2914 consuetudines
925 2857 960 2914 et
984 2851 1120 2916 seruicia
1139 2874 1203 2937 que

104 2964 179 3020 terra
210 2955 361 3042 predicta
394 2955 499 3020 facere
533 2953 632 3018 debet
665 2961 701 3018 et
735 2954 824 3018 solet.
871 2954 916 3019 Et
944 2953 1017 3018 ideo
1046 2955 1203 3020 Ricardus

103 3056 210 3123 habeat
238 3058 342 3124 breue
371 3055 413 3121 de
438 3054 589 3121 habenda
613 3055 733 3120 seisina
760 3078 828 3134 sua,
855 3065 890 3121 et
916 3056 1077 3122 Gerardus
1106 3057 1203 3123 faciat

103 3160 157 3246 ips
176 3161 358 3226 laurencio
379 3158 578 3225 escambium
599 3159 642 3224 ad
663 3159 845 3225 ualenciam
867 3160 1012 3246 predicte
1034 3169 1119 3226 terre
1141 3169 1201 3228 etc.

104 3265 141 3329 lit
153 3267 242 3332 dedit
257 3267 291 3332 ei
305 3287 407 3330 unam
421 3287 563 3329 marcam
577 3287 636 3351 pro
650 3263 800 3351 expensis
815 3267 882 3330 suis
897 3274 955 3331 etc.

58 3371 74 3436 Ι.
158 3367 335 3434 ⁷0sbertus
348 3366 390 3432 de
406 3367 514 3431 Etona
525 3366 621 3431 iuxta
635 3366 841 3432 Windesores
856 3368 1039 3453 appellatus
1054 3366 1094 3430 de
1106 3367 1202 3431 latro·
1255 3383 1326 3426 sera

103 3471 210 3538 ciuica
228 3472 379 3539 Waltero
397 3471 544 3536 Wechan
563 3471 743 3558 probatore,
759 3471 978 3536 committitur
999 3471 1035 3535 iu
1056 3469 1203 3536 custodia

102 3574 188 3640 Petro
197 3573 437 3641 Molendr'nario
448 3573 490 3637 de
502 3573 625 3638 Ettona
635 3580 670 3638 et
684 3573 828 3638 decenne
842 3595 900 3638 sue
915 3582 954 3638 ut
969 3596 1045 3638 eum
1060 3573 1202 3638 habeant

102 3691 180 3746 recto
211 3681 256 3746 ad
291 3677 583 3744 summonicioncm
617 3686 677 3743 etc.
723 3678 768 3743 Et
798 3678 981 3744 Willelmus
1015 3678 1056 3743 de
1087 3678 1207 3744 Karou

100 3785 275 3869 appellatus
309 3781 353 3846 ab
387 3780 502 3846 eodem
530 3789 627 3846 exeat
654 3780 696 3846 de
724 3789 814 3846 terre
842 3781 920 3866 quie
948 3781 1047 3846 nichil
1077 3790 1202 3847 certum

102 3885 236 3971 loquitur
250 3907 367 3950 uersus
381 3905 458 3948 eum
473 3891 508 3948 et
523 3883 600 3969 quia
612 3905 679 3949 non
685 3883 811 3948 babuit
825 3884 949 3970 plegios
964 3892 1025 3950 etc.

130 4086 212 4139 1Τνιο
221 4087 299 4138 other
305 4085 437 4150 plautius
444 4085 511 4136 have
521 4084 624 4136 actions
707 4085 775 4134 *uo
785 4083 921 4147 judgment
932 4082 961 4132 in
972 4082 1004 4131 B.

101 4151 127 4199 os
134 4151 190 4202 debt
201 4153 309 4216 against
320 4152 366 4201 the
377 4165 450 4200 same
458 4151 621 4202 defendants.
708 4153 720 4184 ⁴
736 4150 791 4199 The
803 4149 865 4210 king
876 4149 900 4198 is
911 4163 946 4198 au
958 4147 1051 4200 infant.

102 4217 221 4283 Probably
238 4219 287 4270 the
302 4216 434 4280 plaintifis
453 4231 498 4267 aro
515 4231 576 4266 man
598 4217 628 4267 of
708 4217 719 4249 ⁸
735 4216 766 4266 A.
778 4230 812 4266 m.
829 4216 860 4264 18
871 4214 897 4264 d.

102 4281 210 4335 london.
246 4285 278 4344 Δ,
292 4284 324 4333 Β.
707 4281 719 4314 ⁶
736 4281 837 4343 Supply
850 4288 950 4336 unam,
962 4278 993 4328 A.

103 4348 212 4461 12¹Bot.
229 4349 302 4400 Cart
319 4349 368 4399 an
379 4347 404 4399 b.
438 4347 506 4398 Date
522 4346 538 4397 6
555 4346 625 4410 July,
708 4347 719 4380 ⁷
735 4345 766 4395 A.
777 4359 814 4394 m.
827 4346 858 4396 18
870 4344 902 4403 d;
919 4344 949 4395 Β.
963 4358 997 4395 m
1014 4344 1054 4393 10.
