3167 5075
378 385 440 449 506
608 398 843 460 ursmarus,
867 397 930 448 an.
956 382 1049 461 1223,
1071 400 1134 449 aa.
1157 385 1252 454 7-8.

375 570 577 656 presentauit
596 573 771 657 quemdam
792 571 1010 659 Reginaldum
1032 574 1236 659 capellanum
1260 573 1302 640 ad
1323 575 1447 661 capellan

375 674 463 739 illam
481 675 537 760 qni
550 675 594 740 ad
607 675 884 761 presentacionem
904 699 996 743 suam
1017 678 1081 742 fuit
1104 678 1265 744 admissus
1284 681 1324 744 ad
1341 681 1448 744 eandem

375 788 410 843 et
424 779 534 844 tenuit
547 779 704 865 capellam
721 780 811 845 illam
826 788 898 845 tota
912 780 984 846 uita
996 802 1064 859 sua,
1079 791 1130 846 set
1145 781 1180 846 in
1195 783 1347 848 extremis
1361 783 1449 848 diebus

375 883 441 948 suis
470 883 599 968 quando
627 906 725 949 senex
755 885 819 949 fuit
848 893 883 948 et
912 885 1074 970 impotens
1103 885 1155 951 sui
1192 887 1286 952 uenit
1320 886 1451 952 Henricus

374 987 560 1072 capellanus
582 988 639 1073 qui
660 988 725 1052 fuit
745 989 834 1053 filius
863 989 1008 1054 eiusdem
1038 989 1212 1076 Reginaldi
1242 1000 1277 1056 et
1306 990 1453 1055 donemini

374 1092 496 1177 capelle
518 1092 686 1179 predicte,
709 1093 815 1158 etita
835 1115 893 1180 per
914 1093 1022 1180 ipsum
1045 1093 1264 1180 Reginaldum
1285 1103 1320 1160 et
1335 1117 1452 1180 perpre
1520 1109 1521 1136 ι

374 1193 499 1258 dictum
514 1193 736 1259 Alexandrum
752 1195 808 1280 qui
824 1195 884 1260 hoc
899 1195 1047 1281 permisit
1062 1195 1178 1262 habuit
1194 1194 1203 1282 Ι
1220 1195 1310 1260 idern
1322 1195 1453 1260 Henncus

373 1297 531 1382 capellam
551 1297 641 1361 illam
660 1319 789 1383 semper
809 1297 973 1384 usquead
990 1305 1123 1383 tempus
1143 1320 1207 1383 quo
1229 1298 1415 1364 Herebertus
1431 1297 1453 1360 lc

375 1400 478 1465 Poure
500 1400 565 1466 fuit
586 1423 723 1486 persona
741 1401 877 1466 ecclesie
900 1401 940 1467 de
957 1402 1114 1479 Hocham‚
1130 1415 1164 1467 et
1178 1402 1267 1467 idem
1284 1403 1455 1468 Herebertm
1521 1447 1522 1458 .

371 1503 591 1589 implacitauit
605 1505 713 1590 ipsum
728 1504 908 1569 Henricum
923 1504 972 1569 ita
986 1505 1072 1590 quod
1090 1505 1253 1570 Henricus
1272 1505 1416 1570 satisfecit
1434 1503 1457 1569 ei

374 1606 434 1671 tali
456 1607 550 1671 modo
572 1605 659 1692 quod
679 1606 837 1672 remansit
859 1606 892 1670 in
916 1607 1041 1692 capella
1062 1606 1120 1672 illa
1149 1615 1220 1672 tota
1248 1608 1323 1672 uita
1347 1629 1406 1682 sua
1428 1617 1455 1670 ut

373 1711 541 1786 firmanus,
564 1710 641 1796 quia
661 1710 786 1797 capella
807 1711 865 1775 illa
885 1710 975 1797 prius
1004 1710 1146 1776 reddidit
1174 1711 1321 1798 predicte
1349 1711 1456 1776 ecclesie

375 1814 521 1877 tantum*
538 1821 598 1877 etc.
614 1820 649 1876 et
663 1821 743 1877 tunc
757 1812 900 1877 reddidit
914 1812 984 1898 ipse
999 1812 1162 1877 Henricus
1176 1835 1233 1898 pro
1248 1813 1407 1878 concordia
1417 1812 1460 1875 illa

376 1915 520 1980 tantnm⁸
535 1924 594 1980 etc
611 1925 645 1981 et
659 1915 804 1980 minutas
819 1916 1042 1994 obuenciones‚
1057 1915 1144 1981 unde
1161 1916 1277 1981 dicunt
1299 1917 1380 2003 qnod
1397 1915 1461 1980 obiit

374 2019 534 2084 firmarius
563 2028 596 2083 et
626 2041 691 2083 non
720 2041 863 2105 persona.
909 2019 953 2084 Et
982 2019 1145 2105 quesitus*
1173 2031 1287 2086 utrum
1325 2020 1460 2086 Henricus

374 2132 580 2211 presentatus
601 2125 665 2188 fuit
688 2134 834 2210 tempore
854 2147 969 2212 guerre
992 2125 1047 2190 uel
1069 2135 1215 2210 tempore
1243 2126 1343 2211 pacis,
1369 2124 1461 2189 dicunt
1523 2106 1524 2186 Ϊ

376 2229 461 2314 quod
483 2229 600 2293 melius
621 2229 758 2293 credunt
780 2228 867 2315 quod
889 2241 1035 2315 tempore
1056 2251 1181 2315 guerre,
1197 2237 1232 2294 ct
1246 2227 1332 2294 bene
1347 2229 1461 2294 credunt

376 2333 461 2418 quod
484 2332 646 2397 Henricus
668 2354 836 2418 nunquam
858 2332 922 2397 fuit
944 2333 1103 2398 adromeus
1124 2355 1184 2419 per
1212 2333 1396 2420 episcopum
1422 2332 1462 2396 uel

375 2437 551 2502 officialem
597 2438 641 2503 Et
654 2437 728 2502 ideo
743 2437 906 2502 Henrious
921 2436 1021 2502 nichil
1041 2437 1151 2523 capiat
1170 2460 1229 2523 per
1248 2438 1335 2504 hanc
1353 2437 1463 2502 assisam

376 2552 410 2606 et
424 2542 468 2606 sit
483 2542 517 2606 in
532 2542 750 2625 misericordia
763 2564 822 2629 pro
837 2542 916 2607 falso
930 2542 1069 2607 clamore
1084 2550 1143 2607 eto.

440 2645 566 2732 'Agnes
587 2668 651 2731 que
673 2646 737 2710 fuit
759 2667 841 2710 uxor
861 2646 999 2711 Galffidi
1020 2645 1080 2710 filii
1103 2646 1197 2731 Gyue
1219 2647 1345 2732 optulit
1365 2668 1397 2712 se
1418 2652 1465 2709 etc

375 2770 488 2813 uorsus
509 2748 731 2813 Alexandrum
750 2748 855 2813 filium
879 2749 973 2833 Gyue
992 2748 1033 2813 de
1056 2748 1175 2834 placito
1197 2748 1286 2814 dotis
1307 2750 1422 2815 scilicet
1434 2749 1466 2811 de

377 2861 471 2916 tanta
485 2861 572 2916 terra
583 2860 643 2917 etc.
656 2875 754 2938 quam
765 2851 837 2937 ipsa
848 2852 967 2917 clamat
978 2851 1012 2919 in
1024 2850 1134 2916 dotem
1146 2860 1206 2916 etc.
1243 2852 1291 2917 Et
1302 2850 1468 2918 Alexander

376 2978 440 3019 non
454 2956 547 3020 uenit
563 2965 622 3020 etc.
638 2965 672 3019 et
686 2954 899 3020 summonicio
914 2964 972 3019 etc
989 2955 1038 3019 ita
1056 2954 1143 3040 quod
1162 2955 1232 3041 ipso
1253 2956 1348 3041 prius
1368 2956 1467 3021 obiecit

376 3057 408 3123 ei
426 3059 513 3143 quod
531 3082 595 3123 non
617 3058 681 3123 fuit
701 3058 895 3144 desponsata
915 3067 974 3123 etc.
996 3069 1030 3123 et
1046 3060 1118 3124 ideo
1134 3059 1236 3124 tercia
1249 3082 1328 3145 pars
1342 3061 1469 3146 capiatur

375 3162 410 3226 in
425 3183 559 3227 manum
574 3162 667 3226 Dom.
683 3162 783 3248 Regis
798 3169 858 3227 etc.
876 3170 911 3225 et
926 3161 996 3247 ipse
1010 3170 1256 3227 summoneatur
1271 3163 1361 3249 quod
1371 3164 1410 3227 sit
1420 3174 1467 3226 etc

377 3266 548 3331 auditurus
563 3266 637 3331 etc⁶

246 3396 338 3459 1655,
441 3370 536 3435 'Dies
564 3370 661 3434 datus
691 3378 741 3435 est
770 3370 888 3457 Egidio
916 3369 958 3435 de
992 3368 1172 3435 Erdintona
1208 3376 1243 3434 et
1283 3370 1385 3435 Elone
1418 3367 1469 3433 filie

253 3496 322 3543 sno„
377 3474 538 3540 Leueline
560 3473 686 3539 tenenti
708 3497 771 3560 que
795 3484 845 3539 est
867 3474 951 3539 infra
973 3482 1096 3539 etatem
1118 3474 1160 3539 de
1182 3474 1348 3541 audiendo
1370 3474 1471 3539 iudicio

376 3600 435 3643 suo
449 3577 490 3641 de
505 3576 604 3641 assisa
617 3575 731 3642 mortis
745 3576 963 3657 antecessoris,
978 3584 1013 3642 et
1033 3576 1158 3642 dictum
1180 3586 1231 3643 cst
1249 3578 1378 3643 custodi
1400 3577 1471 3641 dicte

378 3682 478 3747 Elene
493 3682 580 3768 quod
594 3690 685 3746 tumc
698 3681 742 3745 sit
756 3680 804 3746 ibi
818 3680 964 3767 predicta
978 3681 1080 3746 Elena
1095 3704 1133 3746 eo
1148 3682 1234 3767 quod
1250 3682 1326 3768 ipsa
1340 3692 1390 3748 est
1404 3682 1472 3746 infra

377 3795 500 3851 etatem
515 3796 574 3851 etc.

246 3905 339 3969 1656,
441 3889 614 3955 'Ricardus
628 3888 670 3954 de
686 3888 845 3975 Hysordia
859 3890 945 3975 petit
956 3912 1069 3955 uersus
1080 3890 1260 3955 Robertum
1273 3891 1317 3957 de
1331 3890 1473 3977 Hyfordia

248 4007 331 4046 ΒΜ
377 3993 464 4081 quod
478 4002 591 4058 teneat
604 3994 855 4058 conuencionem
871 3994 958 4060 inter
972 4016 1026 4059 eos
1041 3994 1159 4059 factam
1176 4005 1235 4060 etc
1251 3994 1295 4061 de
1316 3996 1393 4061 dim.
1411 3994 1474 4059 hida

410 4182 692 4246 ¹copellomillom,A.
990 4182 1073 4233 ‘Tha
1099 4182 1167 4233 little
1188 4199 1256 4247 eope.
1283 4186 1326 4235 lor
1348 4180 1475 4234 Alexander

411 4248 422 4279 ¹
438 4264 499 4297 cxc.
512 4256 598 4297 εταιιαι
607 4248 637 4311 (l)
649 4249 729 4308 bladi,
743 4249 773 4299 A.
957 4246 1006 4298 hes
1017 4248 1122 4312 already
1132 4249 1267 4312 appeared.

411 4312 422 4344 ⁸
438 4329 482 4362 xx.
492 4314 538 4363 eol.
549 4321 574 4363 et
584 4315 716 4375 caeptum,
729 4313 759 4362 A.
990 4314 1000 4346 ⁷
1016 4315 1047 4363 A.
1059 4329 1093 4363 m.
1108 4315 1145 4365 Ill.

410 4379 422 4483 ἶ
438 4378 509 4427 Gerr.
522 4380 622 4441 periri,
634 4380 663 4430 A
990 4380 1001 4411 ⁶
1016 4380 1046 4427 A.
1059 4394 1093 4427 ιιι.
1107 4380 1145 4429 19.

438 4445 468 4493 Δ.
481 4458 514 4494 ιιι.
531 4445 568 4494 17.
