<?xml version="1.0" encoding="UTF-8"?>
<!DOCTYPE html PUBLIC "-//W3C//DTD XHTML 1.0 Transitional//EN"
    "http://www.w3.org/TR/xhtml1/DTD/xhtml1-transitional.dtd">
<html xmlns="http://www.w3.org/1999/xhtml" xml:lang="en" lang="en">
 <head>
  <title>
</title>
<meta http-equiv="Content-Type" content="text/html;charset=utf-8" />
  <meta name='ocr-system' content='tesseract 3.04.00' />
  <meta name='ocr-capabilities' content='ocr_page ocr_carea ocr_par ocr_line ocrx_word'/>
</head>
<body>
  <div class='ocr_page' id='page_1' title='image "bractonsnoteboo03maitgoog_0075.png"; bbox 0 0 3167 5075; ppageno 0'>
   <div class='ocr_carea' id='block_1_1' title="bbox 434 395 1234 469">
    <p class='ocr_par' dir='ltr' id='par_1_1' title="bbox 434 395 1234 469">
     <span class='ocr_line' id='line_1_1' title="bbox 434 395 1234 469; baseline 0.009 -13"><span class='ocrx_word' id='word_1_1' title='bbox 434 408 584 467; x_wconf 77' lang='lat' dir='ltr'><strong>ramur,</strong></span> <span class='ocrx_word' id='word_1_2' title='bbox 607 406 672 459; x_wconf 75' lang='lat' dir='ltr'><strong>an.</strong></span> <span class='ocrx_word' id='word_1_3' title='bbox 697 395 790 469; x_wconf 77' lang='lat'>1224,</span> <span class='ocrx_word' id='word_1_4' title='bbox 812 408 876 459; x_wconf 73' lang='lat' dir='ltr'><strong>aa</strong></span> <span class='ocrx_word' id='word_1_5' title='bbox 899 398 928 462; x_wconf 85' lang='lat'><strong>8.</strong></span> <span class='ocrx_word' id='word_1_6' title='bbox 1192 403 1234 465; x_wconf 82' lang='lat'><strong>65</strong></span> 
     </span>
    </p>
   </div>
   <div class='ocr_carea' id='block_1_2' title="bbox 19 576 1333 4395">
    <p class='ocr_par' dir='ltr' id='par_1_2' title="bbox 137 576 1234 765">
     <span class='ocr_line' id='line_1_2' title="bbox 139 576 1234 667; baseline 0.005 -24"><span class='ocrx_word' id='word_1_7' title='bbox 139 586 249 644; x_wconf 81' lang='lat' dir='ltr'><strong>terram</strong></span> <span class='ocrx_word' id='word_1_8' title='bbox 264 586 360 667; x_wconf 86' lang='lat' dir='ltr'><strong>prout</strong></span> <span class='ocrx_word' id='word_1_9' title='bbox 374 587 464 645; x_wconf 88' lang='lat' dir='ltr'><strong>carta</strong></span> <span class='ocrx_word' id='word_1_10' title='bbox 476 576 613 664; x_wconf 82' lang='lat' dir='ltr'>predicti</span> <span class='ocrx_word' id='word_1_11' title='bbox 629 576 765 645; x_wconf 87' lang='lat' dir='ltr'><strong>Roberti</strong></span> <span class='ocrx_word' id='word_1_12' title='bbox 776 585 926 659; x_wconf 86' lang='lat' dir='ltr'><strong>testatur,</strong></span> <span class='ocrx_word' id='word_1_13' title='bbox 936 586 971 645; x_wconf 91' lang='lat' dir='ltr'><strong>et</strong></span> <span class='ocrx_word' id='word_1_14' title='bbox 982 580 1068 667; x_wconf 91' lang='lat' dir='ltr'><strong>petit</strong></span> <span class='ocrx_word' id='word_1_15' title='bbox 1078 580 1234 648; x_wconf 91' lang='lat' dir='ltr'><strong>iudicium</strong></span> 
     </span>
     <span class='ocr_line' id='line_1_3' title="bbox 137 678 688 765; baseline 0.002 -21"><span class='ocrx_word' id='word_1_16' title='bbox 137 678 268 765; x_wconf 87' lang='lat' dir='ltr'><strong>sisuper</strong></span> <span class='ocrx_word' id='word_1_17' title='bbox 281 678 342 745; x_wconf 92' lang='lat' dir='ltr'><strong>hoc</strong></span> <span class='ocrx_word' id='word_1_18' title='bbox 355 679 474 745; x_wconf 85' lang='lat' dir='ltr'><strong>debeat</strong></span> <span class='ocrx_word' id='word_1_19' title='bbox 487 678 688 765; x_wconf 88' lang='lat' dir='ltr'><strong>respondere.</strong></span> 
     </span>
    </p>

    <p class='ocr_par' dir='ltr' id='par_1_3' title="bbox 134 781 1331 1077">
     <span class='ocr_line' id='line_1_4' title="bbox 195 781 1234 854; baseline 0.006 -7"><span class='ocrx_word' id='word_1_20' title='bbox 195 782 238 847; x_wconf 88' lang='lat' dir='ltr'><strong>Et</strong></span> <span class='ocrx_word' id='word_1_21' title='bbox 251 784 275 849; x_wconf 86' lang='lat' dir='ltr'><strong>J</strong></span> <span class='ocrx_word' id='word_1_22' title='bbox 275 783 418 849; x_wconf 89' lang='lat' dir='ltr'><strong>ohannes</strong></span> <span class='ocrx_word' id='word_1_23' title='bbox 431 782 526 849; x_wconf 88' lang='lat' dir='ltr'><strong>uenit</strong></span> <span class='ocrx_word' id='word_1_24' title='bbox 540 790 575 848; x_wconf 91' lang='lat' dir='ltr'><strong>et</strong></span> <span class='ocrx_word' id='word_1_25' title='bbox 589 790 685 849; x_wconf 90' lang='lat' dir='ltr'><strong>uocat</strong></span> <span class='ocrx_word' id='word_1_26' title='bbox 699 781 775 850; x_wconf 88' lang='lat' dir='ltr'><strong>inde</strong></span> <span class='ocrx_word' id='word_1_27' title='bbox 796 782 839 851; x_wconf 85' lang='lat' dir='ltr'><strong>ad</strong></span> <span class='ocrx_word' id='word_1_28' title='bbox 856 792 1038 851; x_wconf 77' lang='lat' dir='ltr'><strong>warantum</strong></span> <span class='ocrx_word' id='word_1_29' title='bbox 1055 785 1234 854; x_wconf 84' lang='lat' dir='ltr'><strong>Radulfum</strong></span> 
     </span>
     <span class='ocr_line' id='line_1_5' title="bbox 134 884 1331 974; baseline 0.006 -23"><span class='ocrx_word' id='word_1_30' title='bbox 134 884 311 970; x_wconf 86' lang='lat' dir='ltr'><strong>predictum</strong></span> <span class='ocrx_word' id='word_1_31' title='bbox 340 886 398 974; x_wconf 87' lang='lat' dir='ltr'><strong>qui</strong></span> <span class='ocrx_word' id='word_1_32' title='bbox 422 908 554 972; x_wconf 75' lang='lat' dir='ltr'>presens</span> <span class='ocrx_word' id='word_1_33' title='bbox 579 893 637 963; x_wconf 88' lang='lat' dir='ltr'><strong>est,</strong></span> <span class='ocrx_word' id='word_1_34' title='bbox 664 894 699 951; x_wconf 89' lang='lat' dir='ltr'><strong>et</strong></span> <span class='ocrx_word' id='word_1_35' title='bbox 723 885 805 953; x_wconf 88' lang='lat' dir='ltr'><strong>dicit</strong></span> <span class='ocrx_word' id='word_1_36' title='bbox 830 886 918 974; x_wconf 91' lang='lat' dir='ltr'><strong>quod</strong></span> <span class='ocrx_word' id='word_1_37' title='bbox 942 910 1007 953; x_wconf 93' lang='lat' dir='ltr'><strong>non</strong></span> <span class='ocrx_word' id='word_1_38' title='bbox 1032 888 1133 956; x_wconf 83' lang='lat' dir='ltr'><strong>habet</strong></span> <span class='ocrx_word' id='word_1_39' title='bbox 1157 890 1234 957; x_wconf 90' lang='lat' dir='ltr'><strong>inde</strong></span> <span class='ocrx_word' id='word_1_40' title='bbox 1328 904 1331 915; x_wconf 82' lang='lat'><em>&#39;</em></span> 
     </span>
     <span class='ocr_line' id='line_1_6' title="bbox 134 986 248 1077; baseline 0.018 -24"><span class='ocrx_word' id='word_1_41' title='bbox 134 986 223 1055; x_wconf 86' lang='lat' dir='ltr'><strong>diem</strong></span> <span class='ocrx_word' id='word_1_42' title='bbox 241 987 248 1077; x_wconf 82' lang='grc' dir='ltr'>Ι</span> 
     </span>
    </p>

    <p class='ocr_par' dir='ltr' id='par_1_4' title="bbox 132 1090 1235 1385">
     <span class='ocr_line' id='line_1_7' title="bbox 193 1090 1234 1179; baseline 0.005 -23"><span class='ocrx_word' id='word_1_43' title='bbox 193 1092 237 1157; x_wconf 90' lang='lat' dir='ltr'><strong>Et</strong></span> <span class='ocrx_word' id='word_1_44' title='bbox 259 1092 437 1179; x_wconf 78' lang='lat' dir='ltr'>Episcopus</span> <span class='ocrx_word' id='word_1_45' title='bbox 459 1090 539 1158; x_wconf 88' lang='lat' dir='ltr'><strong>dicit</strong></span> <span class='ocrx_word' id='word_1_46' title='bbox 561 1091 647 1178; x_wconf 93' lang='lat' dir='ltr'><strong>quod</strong></span> <span class='ocrx_word' id='word_1_47' title='bbox 668 1090 796 1158; x_wconf 89' lang='lat' dir='ltr'><strong>desicut</strong></span> <span class='ocrx_word' id='word_1_48' title='bbox 818 1092 932 1159; x_wconf 87' lang='lat' dir='ltr'><strong>Simon</strong></span> <span class='ocrx_word' id='word_1_49' title='bbox 953 1116 1020 1161; x_wconf 91' lang='lat' dir='ltr'><strong>non</strong></span> <span class='ocrx_word' id='word_1_50' title='bbox 1040 1102 1137 1161; x_wconf 86' lang='lat' dir='ltr'><strong>uocat</strong></span> <span class='ocrx_word' id='word_1_51' title='bbox 1156 1095 1234 1162; x_wconf 88' lang='lat' dir='ltr'><strong>indo</strong></span> 
     </span>
     <span class='ocr_line' id='line_1_8' title="bbox 132 1194 1235 1286; baseline 0.007 -27"><span class='ocrx_word' id='word_1_52' title='bbox 132 1194 268 1281; x_wconf 86' lang='lat' dir='ltr'><strong>aliquem</strong></span> <span class='ocrx_word' id='word_1_53' title='bbox 290 1195 333 1262; x_wconf 89' lang='lat' dir='ltr'><strong>ad</strong></span> <span class='ocrx_word' id='word_1_54' title='bbox 355 1203 535 1261; x_wconf 77' lang='lat' dir='ltr'><strong>warantum</strong></span> <span class='ocrx_word' id='word_1_55' title='bbox 556 1218 617 1261; x_wconf 90' lang='lat' dir='ltr'><strong>nec</strong></span> <span class='ocrx_word' id='word_1_56' title='bbox 638 1194 762 1283; x_wconf 90' lang='lat' dir='ltr'><strong>aliquid</strong></span> <span class='ocrx_word' id='word_1_57' title='bbox 782 1196 864 1262; x_wconf 90' lang='lat' dir='ltr'><strong>dicit</strong></span> <span class='ocrx_word' id='word_1_58' title='bbox 885 1197 949 1263; x_wconf 89' lang='lat' dir='ltr'><strong>nisi</strong></span> <span class='ocrx_word' id='word_1_59' title='bbox 976 1200 1064 1286; x_wconf 92' lang='lat' dir='ltr'><strong>quod</strong></span> <span class='ocrx_word' id='word_1_60' title='bbox 1092 1200 1235 1267; x_wconf 76' lang='lat' dir='ltr'><strong>ostendit</strong></span> 
     </span>
     <span class='ocr_line' id='line_1_9' title="bbox 132 1296 1107 1385; baseline 0.005 -22"><span class='ocrx_word' id='word_1_61' title='bbox 132 1310 230 1363; x_wconf 83' lang='lat' dir='ltr'><strong>cartas</strong></span> <span class='ocrx_word' id='word_1_62' title='bbox 244 1298 402 1385; x_wconf 85' lang='lat' dir='ltr'><strong>quasdam</strong></span> <span class='ocrx_word' id='word_1_63' title='bbox 416 1298 502 1385; x_wconf 86' lang='lat' dir='ltr'><strong>petit</strong></span> <span class='ocrx_word' id='word_1_64' title='bbox 517 1296 673 1364; x_wconf 87' lang='lat' dir='ltr'><strong>iudicium</strong></span> <span class='ocrx_word' id='word_1_65' title='bbox 688 1298 717 1365; x_wconf 87' lang='lat' dir='ltr'><strong>si</strong></span> <span class='ocrx_word' id='word_1_66' title='bbox 732 1299 792 1364; x_wconf 92' lang='lat' dir='ltr'><strong>hoc</strong></span> <span class='ocrx_word' id='word_1_67' title='bbox 806 1299 925 1365; x_wconf 89' lang='lat' dir='ltr'><strong>debeat</strong></span> <span class='ocrx_word' id='word_1_68' title='bbox 940 1300 972 1367; x_wconf 87' lang='lat' dir='ltr'><strong>ei</strong></span> <span class='ocrx_word' id='word_1_69' title='bbox 985 1324 1107 1368; x_wconf 81' lang='lat' dir='ltr'><strong>nocere</strong></span> 
     </span>
    </p>

    <p class='ocr_par' dir='ltr' id='par_1_5' title="bbox 131 1402 1236 1791">
     <span class='ocr_line' id='line_1_10' title="bbox 192 1402 1234 1493; baseline 0.005 -24"><span class='ocrx_word' id='word_1_70' title='bbox 192 1404 311 1469; x_wconf 86' lang='lat' dir='ltr'><strong>Postea</strong></span> <span class='ocrx_word' id='word_1_71' title='bbox 325 1403 418 1469; x_wconf 90' lang='lat' dir='ltr'><strong>uenit</strong></span> <span class='ocrx_word' id='word_1_72' title='bbox 433 1403 548 1469; x_wconf 85' lang='lat' dir='ltr'><strong>Simon</strong></span> <span class='ocrx_word' id='word_1_73' title='bbox 562 1411 596 1468; x_wconf 89' lang='lat' dir='ltr'><strong>et</strong></span> <span class='ocrx_word' id='word_1_74' title='bbox 611 1412 707 1469; x_wconf 86' lang='lat' dir='ltr'><strong>uocat</strong></span> <span class='ocrx_word' id='word_1_75' title='bbox 718 1402 794 1469; x_wconf 91' lang='lat' dir='ltr'><strong>inde</strong></span> <span class='ocrx_word' id='word_1_76' title='bbox 806 1403 849 1469; x_wconf 91' lang='lat' dir='ltr'><strong>ad</strong></span> <span class='ocrx_word' id='word_1_77' title='bbox 860 1413 1040 1471; x_wconf 75' lang='lat' dir='ltr'><strong>warantum</strong></span> <span class='ocrx_word' id='word_1_78' title='bbox 1051 1406 1234 1493; x_wconf 87' lang='lat' dir='ltr'><strong>predictum</strong></span> 
     </span>
     <span class='ocr_line' id='line_1_11' title="bbox 132 1506 1235 1594; baseline 0.007 -23"><span class='ocrx_word' id='word_1_79' title='bbox 132 1506 305 1573; x_wconf 87' lang='lat' dir='ltr'><strong>Radulfum</strong></span> <span class='ocrx_word' id='word_1_80' title='bbox 321 1508 378 1594; x_wconf 91' lang='lat' dir='ltr'><strong>qui</strong></span> <span class='ocrx_word' id='word_1_81' title='bbox 392 1529 523 1594; x_wconf 91' lang='lat' dir='ltr'><strong>presens</strong></span> <span class='ocrx_word' id='word_1_82' title='bbox 540 1515 591 1573; x_wconf 83' lang='lat' dir='ltr'><strong>est</strong></span> <span class='ocrx_word' id='word_1_83' title='bbox 610 1514 645 1573; x_wconf 88' lang='lat' dir='ltr'><strong>et</strong></span> <span class='ocrx_word' id='word_1_84' title='bbox 663 1506 745 1573; x_wconf 88' lang='lat' dir='ltr'><strong>dicit</strong></span> <span class='ocrx_word' id='word_1_85' title='bbox 765 1508 852 1593; x_wconf 91' lang='lat' dir='ltr'><strong>qnod</strong></span> <span class='ocrx_word' id='word_1_86' title='bbox 871 1508 999 1575; x_wconf 89' lang='lat' dir='ltr'><strong>nullum</strong></span> <span class='ocrx_word' id='word_1_87' title='bbox 1019 1511 1106 1576; x_wconf 92' lang='lat' dir='ltr'><strong>diem</strong></span> <span class='ocrx_word' id='word_1_88' title='bbox 1126 1511 1235 1580; x_wconf 85' lang='lat' dir='ltr'><strong>habet.</strong></span> 
     </span>
     <span class='ocr_line' id='line_1_12' title="bbox 132 1608 1236 1681; baseline 0.007 -7"><span class='ocrx_word' id='word_1_89' title='bbox 132 1608 172 1673; x_wconf 86' lang='lat' dir='ltr'><strong>Et</strong></span> <span class='ocrx_word' id='word_1_90' title='bbox 191 1609 264 1675; x_wconf 89' lang='lat' dir='ltr'><strong>ideo</strong></span> <span class='ocrx_word' id='word_1_91' title='bbox 285 1610 385 1675; x_wconf 89' lang='lat' dir='ltr'><strong>datus</strong></span> <span class='ocrx_word' id='word_1_92' title='bbox 406 1618 456 1675; x_wconf 88' lang='lat' dir='ltr'><strong>est</strong></span> <span class='ocrx_word' id='word_1_93' title='bbox 478 1610 510 1677; x_wconf 91' lang='lat' dir='ltr'><strong>ei</strong></span> <span class='ocrx_word' id='word_1_94' title='bbox 530 1608 600 1675; x_wconf 88' lang='lat' dir='ltr'><strong>dies</strong></span> <span class='ocrx_word' id='word_1_95' title='bbox 614 1610 655 1677; x_wconf 89' lang='lat' dir='ltr'><strong>de</strong></span> <span class='ocrx_word' id='word_1_96' title='bbox 670 1610 827 1675; x_wconf 84' lang='lat' dir='ltr'><strong>warentia</strong></span> <span class='ocrx_word' id='word_1_97' title='bbox 840 1619 901 1677; x_wconf 90' lang='lat' dir='ltr'><strong>etc.</strong></span> <span class='ocrx_word' id='word_1_98' title='bbox 946 1612 1040 1677; x_wconf 92' lang='lat' dir='ltr'><strong>Idem</strong></span> <span class='ocrx_word' id='word_1_99' title='bbox 1055 1614 1125 1679; x_wconf 87' lang='lat' dir='ltr'><strong>dies</strong></span> <span class='ocrx_word' id='word_1_100' title='bbox 1138 1614 1236 1681; x_wconf 89' lang='lat' dir='ltr'><strong>datus</strong></span> 
     </span>
     <span class='ocr_line' id='line_1_13' title="bbox 131 1713 562 1791; baseline 0.007 -14"><span class='ocrx_word' id='word_1_101' title='bbox 131 1720 177 1777; x_wconf 88' lang='lat' dir='ltr'><strong>est</strong></span> <span class='ocrx_word' id='word_1_102' title='bbox 192 1713 328 1791; x_wconf 84' lang='lat' dir='ltr'><strong>Simoni,</strong></span> <span class='ocrx_word' id='word_1_103' title='bbox 342 1714 485 1789; x_wconf 86' lang='lat' dir='ltr'><strong>Roberto</strong></span> <span class='ocrx_word' id='word_1_104' title='bbox 500 1722 562 1781; x_wconf 91' lang='lat' dir='ltr'><strong>etc.</strong></span> 
     </span>
    </p>

    <p class='ocr_par' dir='ltr' id='par_1_6' title="bbox 128 1815 1236 2319">
     <span class='ocr_line' id='line_1_14' title="bbox 191 1815 1235 1887; baseline 0.006 -6"><span class='ocrx_word' id='word_1_105' title='bbox 191 1816 234 1881; x_wconf 90' lang='lat' dir='ltr'><strong>Et</strong></span> <span class='ocrx_word' id='word_1_106' title='bbox 256 1816 422 1883; x_wconf 86' lang='lat' dir='ltr'><strong>Robertus</strong></span> <span class='ocrx_word' id='word_1_107' title='bbox 443 1824 479 1881; x_wconf 87' lang='lat' dir='ltr'><strong>et</strong></span> <span class='ocrx_word' id='word_1_108' title='bbox 500 1815 677 1884; x_wconf 85' lang='lat' dir='ltr'><strong>Gaufridus</strong></span> <span class='ocrx_word' id='word_1_109' title='bbox 699 1816 807 1883; x_wconf 88' lang='lat' dir='ltr'><strong>Pistor</strong></span> <span class='ocrx_word' id='word_1_110' title='bbox 827 1826 863 1884; x_wconf 92' lang='lat' dir='ltr'><strong>et</strong></span> <span class='ocrx_word' id='word_1_111' title='bbox 886 1817 1061 1885; x_wconf 75' lang='lat' dir='ltr'><strong>Gauii-idus</strong></span> <span class='ocrx_word' id='word_1_112' title='bbox 1091 1820 1235 1887; x_wconf 79' lang='lat' dir='ltr'><strong>Clericus</strong></span> 
     </span>
     <span class='ocr_line' id='line_1_15' title="bbox 130 1918 1235 2012; baseline 0.005 -27"><span class='ocrx_word' id='word_1_113' title='bbox 130 1918 238 1987; x_wconf 87' lang='lat' dir='ltr'><strong>dicunt</strong></span> <span class='ocrx_word' id='word_1_114' title='bbox 260 1921 350 2009; x_wconf 92' lang='lat' dir='ltr'><strong>quod</strong></span> <span class='ocrx_word' id='word_1_115' title='bbox 370 1943 436 1986; x_wconf 90' lang='lat' dir='ltr'><strong>non</strong></span> <span class='ocrx_word' id='word_1_116' title='bbox 457 1918 580 1987; x_wconf 88' lang='lat' dir='ltr'><strong>debent</strong></span> <span class='ocrx_word' id='word_1_117' title='bbox 601 1920 644 1987; x_wconf 85' lang='lat' dir='ltr'><strong>sd</strong></span> <span class='ocrx_word' id='word_1_118' title='bbox 665 1920 726 1986; x_wconf 92' lang='lat' dir='ltr'><strong>hoc</strong></span> <span class='ocrx_word' id='word_1_119' title='bbox 747 1922 847 1988; x_wconf 88' lang='lat' dir='ltr'><strong>breue</strong></span> <span class='ocrx_word' id='word_1_120' title='bbox 869 1924 1061 2010; x_wconf 88' lang='lat' dir='ltr'><strong>respondere</strong></span> <span class='ocrx_word' id='word_1_121' title='bbox 1081 1925 1160 2012; x_wconf 89' lang='lat' dir='ltr'><strong>quia</strong></span> <span class='ocrx_word' id='word_1_122' title='bbox 1171 1925 1235 2012; x_wconf 86' lang='lat' dir='ltr'><strong>ipsi</strong></span> 
     </span>
     <span class='ocr_line' id='line_1_16' title="bbox 130 2022 1234 2113; baseline 0.005 -26"><span class='ocrx_word' id='word_1_123' title='bbox 130 2023 248 2090; x_wconf 90' lang='lat' dir='ltr'><strong>nullam</strong></span> <span class='ocrx_word' id='word_1_124' title='bbox 271 2034 395 2091; x_wconf 88' lang='lat' dir='ltr'><strong>terram</strong></span> <span class='ocrx_word' id='word_1_125' title='bbox 417 2032 533 2089; x_wconf 89' lang='lat' dir='ltr'><strong>tenent</strong></span> <span class='ocrx_word' id='word_1_126' title='bbox 555 2022 590 2089; x_wconf 89' lang='lat' dir='ltr'><strong>in</strong></span> <span class='ocrx_word' id='word_1_127' title='bbox 612 2024 779 2111; x_wconf 86' lang='lat' dir='ltr'><strong>Stibheye,</strong></span> <span class='ocrx_word' id='word_1_128' title='bbox 802 2024 903 2090; x_wconf 90' lang='lat' dir='ltr'><strong>immo</strong></span> <span class='ocrx_word' id='word_1_129' title='bbox 929 2033 1016 2091; x_wconf 86' lang='lat' dir='ltr'><strong>terra</strong></span> <span class='ocrx_word' id='word_1_130' title='bbox 1044 2049 1143 2113; x_wconf 90' lang='lat' dir='ltr'><strong>quam</strong></span> <span class='ocrx_word' id='word_1_131' title='bbox 1171 2027 1234 2113; x_wconf 86' lang='lat' dir='ltr'><strong>ipsi</strong></span> 
     </span>
     <span class='ocr_line' id='line_1_17' title="bbox 130 2126 1236 2217; baseline 0.004 -26"><span class='ocrx_word' id='word_1_132' title='bbox 130 2134 238 2193; x_wconf 89' lang='lat' dir='ltr'><strong>tenent</strong></span> <span class='ocrx_word' id='word_1_133' title='bbox 253 2136 291 2193; x_wconf 89' lang='lat' dir='ltr'><strong>et</strong></span> <span class='ocrx_word' id='word_1_134' title='bbox 306 2149 405 2213; x_wconf 90' lang='lat' dir='ltr'><strong>quam</strong></span> <span class='ocrx_word' id='word_1_135' title='bbox 419 2127 599 2214; x_wconf 81' lang='lat' dir='ltr'><strong>Episcopus</strong></span> <span class='ocrx_word' id='word_1_136' title='bbox 613 2126 722 2213; x_wconf 87' lang='lat' dir='ltr'><strong>posuit</strong></span> <span class='ocrx_word' id='word_1_137' title='bbox 737 2128 772 2194; x_wconf 93' lang='lat' dir='ltr'><strong>in</strong></span> <span class='ocrx_word' id='word_1_138' title='bbox 787 2128 862 2194; x_wconf 86' lang='lat' dir='ltr'><strong>uisu</strong></span> <span class='ocrx_word' id='word_1_139' title='bbox 876 2151 935 2193; x_wconf 92' lang='lat' dir='ltr'><strong>suo</strong></span> <span class='ocrx_word' id='word_1_140' title='bbox 953 2137 1004 2194; x_wconf 87' lang='lat' dir='ltr'><strong>est</strong></span> <span class='ocrx_word' id='word_1_141' title='bbox 1023 2128 1059 2195; x_wconf 91' lang='lat' dir='ltr'><strong>in</strong></span> <span class='ocrx_word' id='word_1_142' title='bbox 1077 2130 1236 2217; x_wconf 82' lang='lat' dir='ltr'><strong>Akeneya</strong></span> 
     </span>
     <span class='ocr_line' id='line_1_18' title="bbox 128 2231 494 2319; baseline 0.011 -24"><span class='ocrx_word' id='word_1_143' title='bbox 128 2253 187 2317; x_wconf 88' lang='lat' dir='ltr'><strong>quo</strong></span> <span class='ocrx_word' id='word_1_144' title='bbox 201 2241 251 2298; x_wconf 88' lang='lat' dir='ltr'><strong>est</strong></span> <span class='ocrx_word' id='word_1_145' title='bbox 266 2232 350 2299; x_wconf 87' lang='lat' dir='ltr'><strong>uilla</strong></span> <span class='ocrx_word' id='word_1_146' title='bbox 363 2254 422 2319; x_wconf 91' lang='lat' dir='ltr'><strong>per</strong></span> <span class='ocrx_word' id='word_1_147' title='bbox 435 2231 494 2299; x_wconf 88' lang='lat' dir='ltr'><strong>se¹.</strong></span> 
     </span>
    </p>

    <p class='ocr_par' dir='ltr' id='par_1_7' title="bbox 125 2336 1233 2920">
     <span class='ocr_line' id='line_1_19' title="bbox 188 2336 1233 2423; baseline 0.002 -21"><span class='ocrx_word' id='word_1_148' title='bbox 188 2337 232 2403; x_wconf 88' lang='lat' dir='ltr'><strong>Et</strong></span> <span class='ocrx_word' id='word_1_149' title='bbox 261 2336 444 2423; x_wconf 84' lang='lat' dir='ltr'><strong>Episcopus</strong></span> <span class='ocrx_word' id='word_1_150' title='bbox 473 2336 555 2403; x_wconf 88' lang='lat' dir='ltr'><strong>dicit</strong></span> <span class='ocrx_word' id='word_1_151' title='bbox 584 2337 671 2423; x_wconf 88' lang='lat' dir='ltr'><strong>quod</strong></span> <span class='ocrx_word' id='word_1_152' title='bbox 700 2336 758 2401; x_wconf 90' lang='lat' dir='ltr'><strong>illa</strong></span> <span class='ocrx_word' id='word_1_153' title='bbox 786 2336 868 2402; x_wconf 88' lang='lat' dir='ltr'><strong>uilla</strong></span> <span class='ocrx_word' id='word_1_154' title='bbox 895 2344 946 2403; x_wconf 90' lang='lat' dir='ltr'><strong>est</strong></span> <span class='ocrx_word' id='word_1_155' title='bbox 975 2337 1158 2403; x_wconf 85' lang='lat' dir='ltr'><strong>membrum</strong></span> <span class='ocrx_word' id='word_1_156' title='bbox 1191 2337 1233 2405; x_wconf 88' lang='lat' dir='ltr'><strong>de</strong></span> 
     </span>
     <span class='ocr_line' id='line_1_20' title="bbox 127 2437 1233 2527; baseline 0.001 -22"><span class='ocrx_word' id='word_1_157' title='bbox 127 2439 282 2527; x_wconf 83' lang='lat' dir='ltr'><strong>Stibheye</strong></span> <span class='ocrx_word' id='word_1_158' title='bbox 307 2448 341 2505; x_wconf 89' lang='lat' dir='ltr'><strong>et</strong></span> <span class='ocrx_word' id='word_1_159' title='bbox 362 2439 410 2505; x_wconf 89' lang='lat' dir='ltr'><strong>ibi</strong></span> <span class='ocrx_word' id='word_1_160' title='bbox 431 2437 556 2505; x_wconf 79' lang='lat' dir='ltr'><strong>faciunt</strong></span> <span class='ocrx_word' id='word_1_161' title='bbox 585 2438 701 2504; x_wconf 87' lang='lat' dir='ltr'><strong>uillani</strong></span> <span class='ocrx_word' id='word_1_162' title='bbox 729 2440 933 2525; x_wconf 84' lang='lat' dir='ltr'><strong>operaciones</strong></span> <span class='ocrx_word' id='word_1_163' title='bbox 961 2462 1035 2505; x_wconf 87' lang='lat' dir='ltr'><strong>suas</strong></span> <span class='ocrx_word' id='word_1_164' title='bbox 1064 2448 1099 2506; x_wconf 92' lang='lat' dir='ltr'><strong>et</strong></span> <span class='ocrx_word' id='word_1_165' title='bbox 1127 2464 1233 2506; x_wconf 90' lang='lat' dir='ltr'><strong>coram</strong></span> 
     </span>
     <span class='ocr_line' id='line_1_21' title="bbox 126 2540 1232 2628; baseline 0.003 -22"><span class='ocrx_word' id='word_1_166' title='bbox 126 2541 311 2610; x_wconf 86' lang='lat' dir='ltr'><strong>iusticiariis</strong></span> <span class='ocrx_word' id='word_1_167' title='bbox 325 2543 556 2608; x_wconf 82' lang='lat' dir='ltr'><strong>itinerantibus</strong></span> <span class='ocrx_word' id='word_1_168' title='bbox 570 2540 766 2628; x_wconf 87' lang='lat' dir='ltr'><strong>respondent</strong></span> <span class='ocrx_word' id='word_1_169' title='bbox 780 2542 817 2606; x_wconf 91' lang='lat' dir='ltr'><strong>in</strong></span> <span class='ocrx_word' id='word_1_170' title='bbox 831 2543 996 2609; x_wconf 89' lang='lat' dir='ltr'><strong>communi</strong></span> <span class='ocrx_word' id='word_1_171' title='bbox 1007 2566 1082 2608; x_wconf 90' lang='lat' dir='ltr'><strong>cum</strong></span> <span class='ocrx_word' id='word_1_172' title='bbox 1094 2542 1232 2609; x_wconf 89' lang='lat' dir='ltr'><strong>homini-</strong></span> 
     </span>
     <span class='ocr_line' id='line_1_22' title="bbox 125 2646 1233 2734; baseline 0 -22"><span class='ocrx_word' id='word_1_173' title='bbox 125 2647 183 2714; x_wconf 91' lang='lat' dir='ltr'><strong>bus</strong></span> <span class='ocrx_word' id='word_1_174' title='bbox 206 2650 248 2715; x_wconf 92' lang='lat' dir='ltr'><strong>de</strong></span> <span class='ocrx_word' id='word_1_175' title='bbox 272 2648 440 2734; x_wconf 83' lang='lat' dir='ltr'><strong>Stibheye.</strong></span> <span class='ocrx_word' id='word_1_176' title='bbox 485 2647 563 2712; x_wconf 85' lang='lat' dir='ltr'><strong>Post</strong></span> <span class='ocrx_word' id='word_1_177' title='bbox 592 2655 754 2713; x_wconf 87' lang='lat' dir='ltr'><strong>uenerunt</strong></span> <span class='ocrx_word' id='word_1_178' title='bbox 782 2647 954 2725; x_wconf 84' lang='lat' dir='ltr'><strong>Robertus,</strong></span> <span class='ocrx_word' id='word_1_179' title='bbox 985 2646 1168 2726; x_wconf 81' lang='lat' dir='ltr'><strong>Gaufridus,</strong></span> <span class='ocrx_word' id='word_1_180' title='bbox 1197 2655 1233 2714; x_wconf 90' lang='lat' dir='ltr'><strong>et</strong></span> 
     </span>
     <span class='ocr_line' id='line_1_23' title="bbox 127 2748 1232 2836; baseline 0 -20"><span class='ocrx_word' id='word_1_181' title='bbox 127 2749 302 2817; x_wconf 85' lang='lat' dir='ltr'><strong>Ganfridus</strong></span> <span class='ocrx_word' id='word_1_182' title='bbox 312 2759 347 2816; x_wconf 88' lang='lat' dir='ltr'><strong>et</strong></span> <span class='ocrx_word' id='word_1_183' title='bbox 357 2756 559 2818; x_wconf 88' lang='lat' dir='ltr'><strong>uocauerunt</strong></span> <span class='ocrx_word' id='word_1_184' title='bbox 572 2748 649 2816; x_wconf 89' lang='lat' dir='ltr'><strong>inde</strong></span> <span class='ocrx_word' id='word_1_185' title='bbox 664 2749 706 2814; x_wconf 86' lang='lat' dir='ltr'><strong>ad</strong></span> <span class='ocrx_word' id='word_1_186' title='bbox 717 2757 898 2815; x_wconf 84' lang='lat' dir='ltr'><strong>warantum</strong></span> <span class='ocrx_word' id='word_1_187' title='bbox 911 2749 1094 2836; x_wconf 87' lang='lat' dir='ltr'><strong>predictum</strong></span> <span class='ocrx_word' id='word_1_188' title='bbox 1108 2750 1232 2816; x_wconf 83' lang='lat' dir='ltr'><strong>Radul-</strong></span> 
     </span>
     <span class='ocr_line' id='line_1_24' title="bbox 126 2853 577 2920; baseline 0 -2"><span class='ocrx_word' id='word_1_189' title='bbox 126 2854 198 2920; x_wconf 82' lang='lat' dir='ltr'><strong>fum.</strong></span> <span class='ocrx_word' id='word_1_190' title='bbox 243 2855 355 2920; x_wconf 89' lang='lat' dir='ltr'><strong>Datus</strong></span> <span class='ocrx_word' id='word_1_191' title='bbox 370 2861 421 2920; x_wconf 90' lang='lat' dir='ltr'><strong>est</strong></span> <span class='ocrx_word' id='word_1_192' title='bbox 435 2853 504 2918; x_wconf 91' lang='lat' dir='ltr'><strong>dies</strong></span> <span class='ocrx_word' id='word_1_193' title='bbox 519 2861 577 2918; x_wconf 86' lang='lat' dir='ltr'><strong>etc.</strong></span> 
     </span>
    </p>

    <p class='ocr_par' dir='ltr' id='par_1_8' title="bbox 19 2955 1233 3771">
     <span class='ocr_line' id='line_1_25' title="bbox 19 2955 1232 3042; baseline -0.002 -18"><span class='ocrx_word' id='word_1_194' title='bbox 19 2963 92 3030; x_wconf 83' lang='lat'><strong>1030.</strong></span> <span class='ocrx_word' id='word_1_195' title='bbox 185 2959 303 3024; x_wconf 87' lang='lat' dir='ltr'><strong>Assisa</strong></span> <span class='ocrx_word' id='word_1_196' title='bbox 316 2957 409 3023; x_wconf 90' lang='lat' dir='ltr'><strong>uenit</strong></span> <span class='ocrx_word' id='word_1_197' title='bbox 423 2955 670 3042; x_wconf 81' lang='lat' dir='ltr'><strong>recogniturasi</strong></span> <span class='ocrx_word' id='word_1_198' title='bbox 689 2955 938 3022; x_wconf 87' lang='lat' dir='ltr'><strong>Bartholomeus</strong></span> <span class='ocrx_word' id='word_1_199' title='bbox 957 2955 1044 3020; x_wconf 90' lang='lat' dir='ltr'><strong>filius</strong></span> <span class='ocrx_word' id='word_1_200' title='bbox 1064 2955 1232 3022; x_wconf 84' lang='lat' dir='ltr'><strong>Eustachii</strong></span> 
     </span>
     <span class='ocr_line' id='line_1_26' title="bbox 125 3059 1232 3128; baseline 0.001 -3"><span class='ocrx_word' id='word_1_201' title='bbox 125 3059 242 3127; x_wconf 91' lang='lat' dir='ltr'><strong>iniuste</strong></span> <span class='ocrx_word' id='word_1_202' title='bbox 264 3069 302 3128; x_wconf 87' lang='lat' dir='ltr'><strong>et</strong></span> <span class='ocrx_word' id='word_1_203' title='bbox 322 3061 391 3126; x_wconf 88' lang='lat' dir='ltr'><strong>sinc</strong></span> <span class='ocrx_word' id='word_1_204' title='bbox 411 3059 530 3125; x_wconf 90' lang='lat' dir='ltr'><strong>iudicio</strong></span> <span class='ocrx_word' id='word_1_205' title='bbox 551 3059 727 3125; x_wconf 90' lang='lat' dir='ltr'><strong>disseisiuit</strong></span> <span class='ocrx_word' id='word_1_206' title='bbox 749 3059 952 3125; x_wconf 90' lang='lat' dir='ltr'><strong>Willelmum</strong></span> <span class='ocrx_word' id='word_1_207' title='bbox 971 3060 1076 3125; x_wconf 86' lang='lat' dir='ltr'><strong>filium</strong></span> <span class='ocrx_word' id='word_1_208' title='bbox 1096 3061 1232 3126; x_wconf 90' lang='lat' dir='ltr'><strong>Henrici</strong></span> 
     </span>
     <span class='ocr_line' id='line_1_27' title="bbox 125 3161 1232 3248; baseline 0.002 -20"><span class='ocrx_word' id='word_1_209' title='bbox 125 3161 164 3230; x_wconf 93' lang='lat' dir='ltr'><strong>de</strong></span> <span class='ocrx_word' id='word_1_210' title='bbox 192 3165 298 3232; x_wconf 90' lang='lat' dir='ltr'><strong>libero</strong></span> <span class='ocrx_word' id='word_1_211' title='bbox 327 3171 515 3229; x_wconf 85' lang='lat' dir='ltr'><strong>tenemento</strong></span> <span class='ocrx_word' id='word_1_212' title='bbox 544 3185 602 3228; x_wconf 90' lang='lat' dir='ltr'><strong>suo</strong></span> <span class='ocrx_word' id='word_1_213' title='bbox 631 3161 666 3228; x_wconf 93' lang='lat' dir='ltr'><strong>in</strong></span> <span class='ocrx_word' id='word_1_214' title='bbox 695 3162 826 3227; x_wconf 82' lang='lat' dir='ltr'><strong>Piltona</strong></span> <span class='ocrx_word' id='word_1_215' title='bbox 853 3172 927 3248; x_wconf 85' lang='lat' dir='ltr'><strong>post</strong></span> <span class='ocrx_word' id='word_1_216' title='bbox 953 3161 1060 3228; x_wconf 86' lang='lat' dir='ltr'><strong>ultim’</strong></span> <span class='ocrx_word' id='word_1_217' title='bbox 1082 3172 1143 3231; x_wconf 85' lang='lat' dir='ltr'><strong>etc.</strong></span> <span class='ocrx_word' id='word_1_218' title='bbox 1187 3164 1232 3230; x_wconf 90' lang='lat' dir='ltr'><strong>Et</strong></span> 
     </span>
     <span class='ocr_line' id='line_1_28' title="bbox 126 3265 1233 3353; baseline 0 -19"><span class='ocrx_word' id='word_1_219' title='bbox 126 3268 373 3334; x_wconf 79' lang='lat' dir='ltr'><strong>Bartholomeus</strong></span> <span class='ocrx_word' id='word_1_220' title='bbox 387 3267 480 3332; x_wconf 90' lang='lat' dir='ltr'><strong>uenit</strong></span> <span class='ocrx_word' id='word_1_221' title='bbox 495 3275 530 3332; x_wconf 89' lang='lat' dir='ltr'><strong>et</strong></span> <span class='ocrx_word' id='word_1_222' title='bbox 544 3265 624 3332; x_wconf 89' lang='lat' dir='ltr'><strong>dicit</strong></span> <span class='ocrx_word' id='word_1_223' title='bbox 639 3267 725 3353; x_wconf 89' lang='lat' dir='ltr'><strong>quod</strong></span> <span class='ocrx_word' id='word_1_224' title='bbox 743 3266 844 3333; x_wconf 86' lang='lat' dir='ltr'><strong>assisa</strong></span> <span class='ocrx_word' id='word_1_225' title='bbox 862 3290 927 3332; x_wconf 91' lang='lat' dir='ltr'><strong>non</strong></span> <span class='ocrx_word' id='word_1_226' title='bbox 948 3267 1047 3334; x_wconf 92' lang='lat' dir='ltr'><strong>debet</strong></span> <span class='ocrx_word' id='word_1_227' title='bbox 1065 3267 1141 3334; x_wconf 90' lang='lat' dir='ltr'><strong>inde</strong></span> <span class='ocrx_word' id='word_1_228' title='bbox 1162 3269 1233 3335; x_wconf 87' lang='lat' dir='ltr'><strong>fieri</strong></span> 
     </span>
     <span class='ocr_line' id='line_1_29' title="bbox 125 3371 1232 3458; baseline 0 -20"><span class='ocrx_word' id='word_1_229' title='bbox 125 3372 199 3458; x_wconf 88' lang='lat' dir='ltr'><strong>quia</strong></span> <span class='ocrx_word' id='word_1_230' title='bbox 217 3373 331 3440; x_wconf 90' lang='lat' dir='ltr'><strong>dictus</strong></span> <span class='ocrx_word' id='word_1_231' title='bbox 352 3373 536 3438; x_wconf 76' lang='lat' dir='ltr'><strong>Willelmus</strong></span> <span class='ocrx_word' id='word_1_232' title='bbox 558 3394 623 3436; x_wconf 91' lang='lat' dir='ltr'><strong>non</strong></span> <span class='ocrx_word' id='word_1_233' title='bbox 645 3371 753 3437; x_wconf 90' lang='lat' dir='ltr'><strong>tenuit</strong></span> <span class='ocrx_word' id='word_1_234' title='bbox 776 3379 1002 3438; x_wconf 85' lang='lat' dir='ltr'><strong>tenementum</strong></span> <span class='ocrx_word' id='word_1_235' title='bbox 1021 3372 1104 3438; x_wconf 92' lang='lat' dir='ltr'><strong>illud</strong></span> <span class='ocrx_word' id='word_1_236' title='bbox 1119 3372 1183 3438; x_wconf 90' lang='lat' dir='ltr'><strong>nisi</strong></span> <span class='ocrx_word' id='word_1_237' title='bbox 1197 3373 1232 3438; x_wconf 91' lang='lat' dir='ltr'><strong>in</strong></span> 
     </span>
     <span class='ocr_line' id='line_1_30' title="bbox 126 3474 1231 3566; baseline -0.001 -25"><span class='ocrx_word' id='word_1_238' title='bbox 126 3476 327 3566; x_wconf 83' lang='lat' dir='ltr'><strong>uilenagium</strong></span> <span class='ocrx_word' id='word_1_239' title='bbox 342 3485 377 3542; x_wconf 93' lang='lat' dir='ltr'><strong>et</strong></span> <span class='ocrx_word' id='word_1_240' title='bbox 391 3476 533 3542; x_wconf 88' lang='lat' dir='ltr'><strong>uillanus</strong></span> <span class='ocrx_word' id='word_1_241' title='bbox 548 3476 619 3542; x_wconf 90' lang='lat' dir='ltr'><strong>eius</strong></span> <span class='ocrx_word' id='word_1_242' title='bbox 634 3483 685 3542; x_wconf 88' lang='lat' dir='ltr'><strong>est</strong></span> <span class='ocrx_word' id='word_1_243' title='bbox 702 3483 736 3542; x_wconf 91' lang='lat' dir='ltr'><strong>et</strong></span> <span class='ocrx_word' id='word_1_244' title='bbox 758 3474 853 3541; x_wconf 82' lang='lat' dir='ltr'><strong>faoit⁸</strong></span> <span class='ocrx_word' id='word_1_245' title='bbox 874 3476 906 3542; x_wconf 91' lang='lat' dir='ltr'><strong>ei</strong></span> <span class='ocrx_word' id='word_1_246' title='bbox 927 3499 1039 3542; x_wconf 91' lang='lat' dir='ltr'><strong>omnes</strong></span> <span class='ocrx_word' id='word_1_247' title='bbox 1060 3484 1231 3541; x_wconf 91' lang='lat' dir='ltr'><strong>consuetu-</strong></span> 
     </span>
     <span class='ocr_line' id='line_1_31' title="bbox 125 3578 1232 3666; baseline 0.001 -22"><span class='ocrx_word' id='word_1_248' title='bbox 125 3578 213 3646; x_wconf 89' lang='lat' dir='ltr'><strong>dines</strong></span> <span class='ocrx_word' id='word_1_249' title='bbox 234 3581 324 3646; x_wconf 85' lang='lat' dir='ltr'><strong>sicut</strong></span> <span class='ocrx_word' id='word_1_250' title='bbox 345 3602 471 3645; x_wconf 76' lang='lat' dir='ltr'><strong>amiras</strong></span> <span class='ocrx_word' id='word_1_251' title='bbox 493 3587 528 3644; x_wconf 90' lang='lat' dir='ltr'><strong>et</strong></span> <span class='ocrx_word' id='word_1_252' title='bbox 548 3579 637 3657; x_wconf 86' lang='lat' dir='ltr'><strong>alias,</strong></span> <span class='ocrx_word' id='word_1_253' title='bbox 659 3587 693 3644; x_wconf 92' lang='lat' dir='ltr'><strong>et</strong></span> <span class='ocrx_word' id='word_1_254' title='bbox 715 3578 796 3644; x_wconf 91' lang='lat' dir='ltr'><strong>dicit</strong></span> <span class='ocrx_word' id='word_1_255' title='bbox 817 3580 904 3666; x_wconf 93' lang='lat' dir='ltr'><strong>quod</strong></span> <span class='ocrx_word' id='word_1_256' title='bbox 925 3602 991 3645; x_wconf 94' lang='lat' dir='ltr'><strong>non</strong></span> <span class='ocrx_word' id='word_1_257' title='bbox 1008 3587 1117 3666; x_wconf 85' lang='lat' dir='ltr'><strong>potest</strong></span> <span class='ocrx_word' id='word_1_258' title='bbox 1131 3579 1232 3646; x_wconf 85' lang='lat' dir='ltr'><strong>filiam</strong></span> 
     </span>
     <span class='ocr_line' id='line_1_32' title="bbox 125 3682 995 3771; baseline 0 -21"><span class='ocrx_word' id='word_1_259' title='bbox 125 3705 213 3750; x_wconf 87' lang='lat' dir='ltr'><strong>suam</strong></span> <span class='ocrx_word' id='word_1_260' title='bbox 228 3684 384 3750; x_wconf 85' lang='lat' dir='ltr'><strong>maritare</strong></span> <span class='ocrx_word' id='word_1_261' title='bbox 398 3685 462 3750; x_wconf 88' lang='lat' dir='ltr'><strong>nisi</strong></span> <span class='ocrx_word' id='word_1_262' title='bbox 476 3707 534 3771; x_wconf 89' lang='lat' dir='ltr'><strong>per</strong></span> <span class='ocrx_word' id='word_1_263' title='bbox 548 3683 715 3750; x_wconf 87' lang='lat' dir='ltr'><strong>licenciam</strong></span> <span class='ocrx_word' id='word_1_264' title='bbox 730 3683 855 3750; x_wconf 91' lang='lat' dir='ltr'><strong>domini</strong></span> <span class='ocrx_word' id='word_1_265' title='bbox 868 3682 920 3750; x_wconf 90' lang='lat' dir='ltr'><strong>sui</strong></span> <span class='ocrx_word' id='word_1_266' title='bbox 934 3693 995 3750; x_wconf 90' lang='lat' dir='ltr'><strong>etc.</strong></span> 
     </span>
    </p>

    <p class='ocr_par' dir='ltr' id='par_1_9' title="bbox 126 3786 1333 4395">
     <span class='ocr_line' id='line_1_33' title="bbox 187 3786 1232 3874; baseline 0 -21"><span class='ocrx_word' id='word_1_267' title='bbox 187 3789 231 3854; x_wconf 92' lang='lat' dir='ltr'><strong>Et</strong></span> <span class='ocrx_word' id='word_1_268' title='bbox 252 3787 440 3853; x_wconf 84' lang='lat' dir='ltr'><strong>Willelmus</strong></span> <span class='ocrx_word' id='word_1_269' title='bbox 462 3787 550 3852; x_wconf 88' lang='lat' dir='ltr'><strong>filius</strong></span> <span class='ocrx_word' id='word_1_270' title='bbox 572 3787 709 3853; x_wconf 87' lang='lat' dir='ltr'><strong>chrici</strong></span> <span class='ocrx_word' id='word_1_271' title='bbox 737 3787 831 3852; x_wconf 90' lang='lat' dir='ltr'><strong>uenit</strong></span> <span class='ocrx_word' id='word_1_272' title='bbox 860 3796 895 3853; x_wconf 93' lang='lat' dir='ltr'><strong>et</strong></span> <span class='ocrx_word' id='word_1_273' title='bbox 923 3786 1004 3852; x_wconf 93' lang='lat' dir='ltr'><strong>dicit</strong></span> <span class='ocrx_word' id='word_1_274' title='bbox 1033 3787 1120 3874; x_wconf 91' lang='lat' dir='ltr'><strong>quod</strong></span> <span class='ocrx_word' id='word_1_275' title='bbox 1149 3787 1232 3853; x_wconf 89' lang='lat' dir='ltr'><strong>liber</strong></span> 
     </span>
     <span class='ocr_line' id='line_1_34' title="bbox 126 3887 1231 3978; baseline 0.004 -24"><span class='ocrx_word' id='word_1_276' title='bbox 126 3887 218 3958; x_wconf 90' lang='lat' dir='ltr'><strong>homo</strong></span> <span class='ocrx_word' id='word_1_277' title='bbox 236 3901 290 3958; x_wconf 90' lang='lat' dir='ltr'><strong>est</strong></span> <span class='ocrx_word' id='word_1_278' title='bbox 310 3899 345 3958; x_wconf 87' lang='lat' dir='ltr'><strong>et</strong></span> <span class='ocrx_word' id='word_1_279' title='bbox 365 3891 452 3978; x_wconf 93' lang='lat' dir='ltr'><strong>quod</strong></span> <span class='ocrx_word' id='word_1_280' title='bbox 476 3897 569 3956; x_wconf 88' lang='lat' dir='ltr'><strong>tenet</strong></span> <span class='ocrx_word' id='word_1_281' title='bbox 593 3898 818 3956; x_wconf 88' lang='lat' dir='ltr'><strong>tenementum</strong></span> <span class='ocrx_word' id='word_1_282' title='bbox 841 3913 937 3956; x_wconf 89' lang='lat' dir='ltr'><strong>suum</strong></span> <span class='ocrx_word' id='word_1_283' title='bbox 963 3890 1064 3956; x_wconf 89' lang='lat' dir='ltr'><strong>libere</strong></span> <span class='ocrx_word' id='word_1_284' title='bbox 1087 3900 1122 3957; x_wconf 86' lang='lat' dir='ltr'><strong>et</strong></span> <span class='ocrx_word' id='word_1_285' title='bbox 1144 3892 1231 3978; x_wconf 92' lang='lat' dir='ltr'><strong>quod</strong></span> 
     </span>
     <span class='ocr_line' id='line_1_35' title="bbox 126 3994 1230 4083; baseline 0.002 -24"><span class='ocrx_word' id='word_1_286' title='bbox 126 3995 201 4060; x_wconf 82' lang='lat' dir='ltr'><strong>alias</strong></span> <span class='ocrx_word' id='word_1_287' title='bbox 219 3995 441 4083; x_wconf 88' lang='lat' dir='ltr'><strong>implacitauit</strong></span> <span class='ocrx_word' id='word_1_288' title='bbox 460 3995 496 4061; x_wconf 93' lang='lat' dir='ltr'><strong>in</strong></span> <span class='ocrx_word' id='word_1_289' title='bbox 515 3995 605 4061; x_wconf 86' lang='lat' dir='ltr'><strong>curia</strong></span> <span class='ocrx_word' id='word_1_290' title='bbox 623 3995 717 4060; x_wconf 90' lang='lat' dir='ltr'><strong>Dom.</strong></span> <span class='ocrx_word' id='word_1_291' title='bbox 738 3995 839 4082; x_wconf 79' lang='lat' dir='ltr'><strong>Regis</strong></span> <span class='ocrx_word' id='word_1_292' title='bbox 858 3994 944 4060; x_wconf 88' lang='lat' dir='ltr'><strong>sicut</strong></span> <span class='ocrx_word' id='word_1_293' title='bbox 963 3994 1046 4060; x_wconf 90' lang='lat' dir='ltr'><strong>liber</strong></span> <span class='ocrx_word' id='word_1_294' title='bbox 1068 3995 1164 4061; x_wconf 91' lang='lat' dir='ltr'><strong>homo</strong></span> <span class='ocrx_word' id='word_1_295' title='bbox 1190 3997 1230 4061; x_wconf 88' lang='lat' dir='ltr'><strong>dc</strong></span> 
     </span>
     <span class='ocr_line' id='line_1_36' title="bbox 128 4097 1333 4182; baseline 0.001 -18"><span class='ocrx_word' id='word_1_296' title='bbox 128 4097 269 4182; x_wconf 78' lang='lat' dir='ltr'><strong>predicto</strong></span> <span class='ocrx_word' id='word_1_297' title='bbox 292 4107 479 4166; x_wconf 86' lang='lat' dir='ltr'><strong>tenemento</strong></span> <span class='ocrx_word' id='word_1_298' title='bbox 502 4099 567 4164; x_wconf 85' lang='lat' dir='ltr'><strong>scil.</strong></span> <span class='ocrx_word' id='word_1_299' title='bbox 589 4098 630 4165; x_wconf 91' lang='lat' dir='ltr'><strong>de</strong></span> <span class='ocrx_word' id='word_1_300' title='bbox 652 4097 797 4164; x_wconf 90' lang='lat' dir='ltr'><strong>seruiciis</strong></span> <span class='ocrx_word' id='word_1_301' title='bbox 819 4106 854 4163; x_wconf 90' lang='lat' dir='ltr'><strong>et</strong></span> <span class='ocrx_word' id='word_1_302' title='bbox 875 4097 1062 4164; x_wconf 86' lang='lat' dir='ltr'><strong>huiusmodi</strong></span> <span class='ocrx_word' id='word_1_303' title='bbox 1090 4108 1125 4165; x_wconf 90' lang='lat' dir='ltr'><strong>et</strong></span> <span class='ocrx_word' id='word_1_304' title='bbox 1154 4098 1231 4166; x_wconf 91' lang='lat' dir='ltr'><strong>inde</strong></span> <span class='ocrx_word' id='word_1_305' title='bbox 1328 4113 1333 4122; x_wconf 83' lang='lat'>&#39;</span> 
     </span>
     <span class='ocr_line' id='line_1_37' title="bbox 129 4199 1230 4268; baseline 0 -2"><span class='ocrx_word' id='word_1_306' title='bbox 129 4201 226 4267; x_wconf 84' lang='lat' dir='ltr'><strong>trahit</strong></span> <span class='ocrx_word' id='word_1_307' title='bbox 246 4203 369 4268; x_wconf 88' lang='lat' dir='ltr'><strong>rotulos</strong></span> <span class='ocrx_word' id='word_1_308' title='bbox 388 4203 481 4268; x_wconf 90' lang='lat' dir='ltr'><strong>Dom.</strong></span> <span class='ocrx_word' id='word_1_309' title='bbox 503 4199 639 4266; x_wconf 85' lang='lat' dir='ltr'><strong>Martini</strong></span> <span class='ocrx_word' id='word_1_310' title='bbox 660 4200 700 4265; x_wconf 89' lang='lat' dir='ltr'><strong>de</strong></span> <span class='ocrx_word' id='word_1_311' title='bbox 721 4200 926 4266; x_wconf 88' lang='lat' dir='ltr'><strong>Patteshulla</strong></span> <span class='ocrx_word' id='word_1_312' title='bbox 944 4200 986 4265; x_wconf 87' lang='lat' dir='ltr'><strong>ad</strong></span> <span class='ocrx_word' id='word_1_313' title='bbox 1000 4209 1180 4266; x_wconf 89' lang='lat' dir='ltr'><strong>warantum</strong></span> <span class='ocrx_word' id='word_1_314' title='bbox 1195 4212 1230 4266; x_wconf 88' lang='lat' dir='ltr'><strong>ct</strong></span> 
     </span>
     <span class='ocr_line' id='line_1_38' title="bbox 128 4303 1229 4395; baseline -0.003 -23"><span class='ocrx_word' id='word_1_315' title='bbox 128 4303 275 4374; x_wconf 86' lang='lat' dir='ltr'><strong>similiter</strong></span> <span class='ocrx_word' id='word_1_316' title='bbox 290 4307 452 4395; x_wconf 89' lang='lat' dir='ltr'><strong>quoddam</strong></span> <span class='ocrx_word' id='word_1_317' title='bbox 466 4307 567 4373; x_wconf 86' lang='lat' dir='ltr'><strong>breue</strong></span> <span class='ocrx_word' id='word_1_318' title='bbox 587 4305 673 4393; x_wconf 88' lang='lat' dir='ltr'><strong>quod</strong></span> <span class='ocrx_word' id='word_1_319' title='bbox 693 4306 780 4371; x_wconf 90' lang='lat' dir='ltr'><strong>idem</strong></span> <span class='ocrx_word' id='word_1_320' title='bbox 800 4305 963 4371; x_wconf 87' lang='lat' dir='ltr'><strong>Martinus</strong></span> <span class='ocrx_word' id='word_1_321' title='bbox 981 4305 1110 4391; x_wconf 89' lang='lat' dir='ltr'><strong>scripsit</strong></span> <span class='ocrx_word' id='word_1_322' title='bbox 1130 4327 1229 4370; x_wconf 88' lang='lat' dir='ltr'><strong>manu</strong></span> 
     </span>
    </p>
   </div>
   <div class='ocr_carea' id='block_1_3' title="bbox 212 4433 1141 4602">
    <p class='ocr_par' dir='ltr' id='par_1_10' title="bbox 212 4433 1141 4602">
     <span class='ocr_line' id='line_1_39' title="bbox 319 4433 1036 4502; baseline -0.007 -12"><span class='ocrx_word' id='word_1_323' title='bbox 319 4437 459 4502; x_wconf 74' lang='lat' dir='ltr'><strong>¹stepnsy</strong></span> <span class='ocrx_word' id='word_1_324' title='bbox 470 4436 522 4487; x_wconf 81' lang='lat' dir='ltr'><strong>and</strong></span> <span class='ocrx_word' id='word_1_325' title='bbox 533 4435 667 4498; x_wconf 72' lang='lat' dir='ltr'><strong>Hackney.</strong></span> <span class='ocrx_word' id='word_1_326' title='bbox 862 4433 876 4466; x_wconf 68' lang='lat'><em>³</em></span> <span class='ocrx_word' id='word_1_327' title='bbox 886 4433 1036 4498; x_wconf 76' lang='lat' dir='ltr'><strong>secet,Mfl.</strong></span> 
     </span>
     <span class='ocr_line' id='line_1_40' title="bbox 212 4537 1141 4602; baseline -0.004 -3"><span class='ocrx_word' id='word_1_328' title='bbox 212 4551 249 4600; x_wconf 75' lang='lat' dir='ltr'><strong>M.</strong></span> <span class='ocrx_word' id='word_1_329' title='bbox 273 4551 319 4602; x_wconf 83' lang='lat'>111.</span> <span class='ocrx_word' id='word_1_330' title='bbox 1123 4537 1141 4595; x_wconf 83' lang='lat'>5</span> 
     </span>
    </p>
   </div>
   <div class='ocr_carea' id='block_1_4' title="bbox 0 0 1588 5075">
    <p class='ocr_par' dir='ltr' id='par_1_11' title="bbox 0 0 1588 5075">
     <span class='ocr_line' id='line_1_41' title="bbox 0 0 1588 5075; baseline 0 1"><span class='ocrx_word' id='word_1_331' title='bbox 0 0 1588 5075; x_wconf 95' lang='lat' dir='ltr'><strong> </strong></span> 
     </span>
    </p>
   </div>
  </div>
 </body>
</html>
