3167 5075
377 408 494 459 consu
516 408 616 471 uuor,
638 409 701 459 nn.
728 396 971 473 1235-6,n1a
995 396 1045 461 20.
1199 394 1263 463 167

152 586 249 651 feodo
272 586 314 651 de
335 584 462 651 duabus
483 585 642 651 carucatis
664 592 749 652 terre
771 608 846 651 cum
867 595 949 673 pert.
964 586 999 651 in
1019 584 1192 651 Bulrerelle
1209 583 1262 650 die

151 710 221 775 quo
242 688 308 753 iter
328 688 599 775 peregrinacionis
620 690 759 776 arripuit
784 712 898 755 uersus
920 690 1148 776 lerosolymam
1171 696 1206 754 et
1227 688 1262 753 in

152 816 220 879 quo
245 792 363 858 itinere
392 792 475 857 obiit
504 801 543 858 ut
568 793 697 871 dicitur,
721 802 756 859 et
778 794 807 859 si
832 794 897 859 iter
920 794 1002 859 illud
1027 792 1165 879 arripuit
1189 800 1263 878 post

153 896 294 982 primam
324 896 564 961 coronacionem
593 896 725 962 Ricardi
750 896 851 983 Regis
876 896 1031 962 auunculi
1053 896 1156 962 nomi
1178 894 1263 960 etsi

153 1000 226 1087 ipse
249 1000 411 1066 Henricus
436 1010 506 1079 etc,
530 1022 628 1087 quam
654 1010 775 1067 terram
799 1000 963 1067 Galfiidus
986 1000 1027 1065 de
1050 1000 1084 1065 la
1107 1000 1263 1085 Pomeray

153 1113 258 1171 tenet.
303 1105 369 1187 Qui
383 1106 478 1172 uenit
492 1112 527 1172 et
541 1106 622 1172 dicit
636 1106 723 1193 quod
737 1104 902 1193 predictus
923 1104 1084 1170 chricus
1100 1126 1166 1169 non
1180 1102 1262 1168 obiit

152 1207 232 1274 inda
248 1209 378 1276 saisitus
394 1211 447 1277 die
468 1233 532 1299 quo
554 1210 618 1276 iter
639 1211 778 1297 arripuit
799 1232 912 1276 uersus
934 1209 1163 1295 Ierosolymam
1185 1207 1263 1294 quia

152 1334 331 1399 perunum
347 1336 469 1379 annum
484 1322 561 1380 ante
577 1313 641 1379 iter
654 1313 736 1379 illud
751 1321 902 1399 ereptum
922 1312 1014 1378 dedit
1032 1312 1120 1377 idem
1142 1310 1260 1377 Henri-

152 1439 214 1482 cus
236 1427 330 1503 pater
351 1418 490 1505 predicti
512 1418 647 1485 Henrici
670 1426 789 1484 terram
813 1419 904 1484 illam
924 1418 1030 1484 eidem
1051 1415 1195 1483 Galliido
1214 1414 1263 1480 ita
1273 1415 1426 1502 m?

152 1522 246 1607 quod
267 1522 448 1587 attornauit
469 1522 501 1587 ei
521 1522 639 1587 liberos
660 1530 811 1587 tenentes
833 1530 869 1587 et
887 1520 951 1608 ipsi
970 1542 1005 1586 sa
1027 1526 1205 1585 tenuerunt
1219 1518 1261 1585 ad
1274 1512 1425 1651 5333&

151 1646 233 1689 eum
260 1623 301 1688 de
326 1624 471 1689 seruiciis
497 1646 559 1711 que
589 1623 631 1689 ad
660 1647 736 1690 eum
766 1624 976 1710 pertinebant
1001 1630 1035 1688 et
1061 1623 1206 1740 fecerunt
1231 1645 1413 1736 erm

153 1728 345 1814 homagium
367 1738 402 1793 at
424 1728 560 1794 seruicia
584 1750 643 1816 per
667 1730 922 1795 attomacionem
945 1727 1048 1815 ipsius
1071 1726 1206 1791 Henricr
1229 1735 1420 1840 elfflssa

151 1831 234 1897 inde
260 1832 354 1918 ponit
379 1854 414 1897 se
441 1854 538 1919 super
563 1832 702 1919 patriam
729 1832 799 1899 siue
828 1832 969 1899 assisam.
1029 1831 1073 1896 Et
1102 1828 1263 1895 Henricus
1276 1838 1418 1933 &gem

151 1934 315 2000 similiter·
1276 1932 1426 2019 lauat·

222 2040 391 2105 ducatores
413 2038 528 2105 dicunt
549 2039 636 2126 quod
658 2040 822 2105 Henricus
843 2040 884 2106 de
906 2041 939 2105 la
958 2040 1114 2124 Pomeray
1128 2038 1264 2103 feofauit
1276 2024 1426 2129 iamim

153 2144 298 2209 eundem
321 2143 502 2210 Gallridum
525 2144 559 2209 in
575 2144 662 2231 legia
675 2152 838 2233 potestate
853 2166 921 2221 sua,
936 2152 971 2209 et
985 2151 1160 2229 antequam
1176 2141 1263 2207 idem
1276 2120 1406 2209 &ll-W

153 2248 320 2313 Henricus
334 2248 399 2313 iter
413 2229 569 2337 arriperet
584 2272 698 2314 uersus
712 2250 942 2336 lerosolymam
954 2269 1125 2333 perunum
1141 2269 1263 2312 annum

153 2362 192 2419 et
207 2374 246 2417 eo
260 2352 408 2439 amplius,
419 2354 468 2419 ita
479 2352 566 2439 quod
580 2354 761 2419 attornauit
775 2354 808 2418 ei
821 2353 958 2418 seruicia
972 2352 1146 2417 liberorum
1161 2350 1262 2415 homi-

153 2479 237 2522 num
263 2456 313 2521 ita
337 2456 423 2544 quod
454 2456 586 2544 quidam
617 2457 783 2523 Johannes
811 2456 888 2544 Tryl
915 2456 1043 2544 quando
1068 2463 1162 2543 pater
1186 2478 1264 2521 suus

153 2569 306 2626 mortuus
329 2560 394 2624 fuit
417 2560 553 2625 accessit
576 2560 618 2627 ad
640 2561 748 2648 ipsum
770 2561 951 2626 Henricum
974 2569 1009 2625 et
1030 2560 1151 2646 optulit
1171 2559 1263 2626 eiad

154 2663 342 2731 faciendum
357 2663 389 2729 ei
409 2663 606 2752 homagium,
626 2674 662 2730 et
682 2665 750 2751 ipse
773 2665 857 2731 dixit
879 2665 966 2751 quod
987 2664 1122 2730 dederat
1144 2672 1263 2730 terram

154 2769 199 2835 de
214 2767 387 2833 Bukerelle
402 2767 548 2854 predicto
564 2769 709 2835 Galhido
724 2777 758 2835 ct
773 2770 860 2856 quod
880 2770 1061 2835 attornauit
1081 2769 1111 2834 ei
1128 2771 1265 2836 seruicia

154 2873 332 2938 libel-cmm
355 2872 533 2952 hominum,
548 2883 582 2940 ct
596 2875 646 2940 ita
660 2874 745 2961 quod
760 2875 784 2940 J
784 2874 928 2940 ohannes
941 2873 1076 2940 accessit
1095 2872 1137 2939 ad
1156 2873 1263 2961 ipsum
1299 2858 1303 2866 ⁴

155 2977 342 3044 Galhidum
368 2977 503 3043 etfacit
525 2978 556 3044 ei
580 2978 777 3067 homagium,
801 2989 835 3044 et
859 2979 1009 3045 similiter
1031 2978 1109 3070 fecit
1131 2977 1263 3065 quidam

156 3079 343 3145 willelmus
365 3079 405 3145 de
428 3081 461 3145 la
483 3081 640 3168 Pomeray
663 3081 851 3170 homagium
873 3104 969 3148 suum
991 3081 1097 3148 eidem
1120 3081 1264 3147 Galfiido

155 3189 335 3267 antequam
350 3181 458 3248 dictus
473 3184 636 3250 Henricus
650 3185 715 3251 iter
726 3186 883 3272 arriperet
897 3209 1010 3251 uersus
1026 3185 1262 3271 lerosolymam.

157 3285 204 3350 Et
217 3285 301 3350 bene
316 3284 431 3351 dicunt
446 3287 532 3374 quod
547 3288 634 3354 idem
650 3289 813 3356 Henricus
827 3312 892 3354 non
913 3290 976 3355 fuit
995 3288 1071 3355 inde
1092 3288 1126 3353 in
1146 3289 1264 3355 saisina

157 3389 214 3455 dic
228 3411 294 3475 quo
308 3388 372 3454 iter
385 3389 468 3455 illud
482 3391 621 3476 arripuit
635 3393 734 3457 immo
749 3393 813 3458 fuit
827 3392 903 3458 inde
918 3393 953 3457 in
967 3392 1086 3458 saisina
1099 3392 1263 3478 predictus

158 3492 333 3560 Galfiidus.
379 3493 572 3560 Concordati
587 3505 665 3560 sunt
680 3506 739 3562 etc.

223 3597 336 3664 Assius
364 3598 457 3663 uenit
483 3599 688 3686 recognitum
714 3601 741 3666 si
767 3601 934 3667 Walterus
962 3601 1049 3666 filius
1074 3599 1199 3666 Warini
1228 3611 1263 3668 et
1357 3637 1390 3668 oa

157 3702 294 3769 Julinna
318 3701 359 3767 de
388 3702 542 3768 Westona
567 3703 689 3769 iniuste
715 3713 749 3769 et
775 3705 845 3770 sine
870 3703 990 3770 iudicio
1019 3703 1263 3771 disseisiuerunt

157 3809 324 3898 Rogerum
346 3807 452 3873 filium
474 3807 610 3876 Henrici
630 3810 670 3876 de
689 3810 790 3876 libero
805 3819 993 3877 tenemento
1007 3831 1066 3875 suo
1080 3810 1115 3875 in
1129 3809 1262 3877 Wibbe·

157 3913 250 4001 byria
263 3921 338 4000 post
352 3913 490 4000 primam
506 3921 565 3982 etc

223 4018 267 4083 Et
282 4017 449 4084 Walterus
463 4019 556 4086 uenit
571 4029 607 4086 et
621 4019 702 4087 dicit
722 4020 808 4108 quod
828 4021 927 4086 meisa
948 4041 1013 4084 non
1035 4019 1133 4085 debet
1154 4039 1262 4107 proce·

156 4121 233 4188 dere
248 4143 363 4187 nersrrs
378 4143 455 4187 eum
470 4123 547 4210 quia
564 4124 634 4212 ipse
654 4146 719 4189 non
739 4123 917 4189 disseisiuit
939 4144 1014 4187 eum
1037 4121 1115 4208 quia
1135 4122 1264 4208 quando

156 4225 326 4292 disseisina
357 4225 444 4291 facta
472 4227 536 4292 fuit
568 4227 633 4293 fuit
660 4227 695 4292 in
725 4226 873 4313 partibus
902 4225 1034 4290 remotis
1064 4248 1138 4291 cum
1167 4225 1261 4291 Dom.

189 4379 198 4412 ¹
215 4377 269 4430 Tha
286 4381 434 4429 annotator
451 4377 539 4429 knhm
558 4379 618 4430 that
634 4379 687 4430 this
738 4379 792 4429 lore
803 4377 920 4428 william
931 4376 1047 4439 Raleigh.

155 4445 238 4496 urias
254 4459 308 4496 aas
330 4443 411 4494 tahan
428 4445 456 4494 at
473 4443 630 4509 Torrington
648 4445 687 4496 ba
