3167 5075
340 384 404 448 200
556 396 881 459 comunionem.
905 384 1064 460 mun-7,
1085 398 1149 449 99
1172 385 1222 448 21.

339 568 485 654 predicte
509 567 615 633 Aliciu
638 575 808 654 recuperet
832 568 984 633 seisinem
1009 592 1103 635 suum
1125 593 1238 637 uersus
1259 571 1445 659 predictum
1546 585 1547 592 ’

340 671 530 748 walterum,
546 679 580 736 91
600 670 765 736 Walter-us
782 670 818 734 in
837 670 1063 751 misericordis,
1078 680 1113 738 et
1134 672 1291 740 Ricardus
1313 675 1447 762 quietus
1546 705 1547 738 4

339 774 380 840 de
395 774 557 841 99999119
1546 809 1547 866 ss

210 885 302 950 1186,
404 878 520 944 Petrus
535 877 575 943 de
590 877 782 957 Godintone,
797 878 960 945 Robertus
980 880 1011 944 le
1031 880 1119 958 Luw,
1133 880 1263 946 Α(19(19
1280 881 1447 968 11991999,
1546 959 1547 970 ¹

218 984 292 1023 ⁸⁰¹¹*
339 983 450 1071 Agnes
479 1006 559 1048 uxor
584 982 654 1049 eius
680 992 715 1048 et
743 983 801 1048 9111
830 992 864 1048 91
892 982 992 1049 infre.¹
1020 985 1211 1049 summoniti
1239 985 1376 1051 fuerunt
1404 986 1446 1050 nd
1546 1009 1547 1078 ζ

339 1086 596 1173 respondendum
619 1086 761 1152 Roberto
783 1086 853 1152 filio
874 1088 1026 1174 Hugonis
1048 1088 1090 1153 (19
1110 1089 1231 1175 placito
1255 1112 1357 1177 quere
1381 1112 1447 1156 non

340 1199 431 1257 tenet
446 1191 476 1257 ei
491 1191 589 1256 finem
605 1192 727 1256 factum
742 1191 778 1255 in
793 1191 883 1257 curie
896 1192 991 1257 Dom.
1005 1192 1106 1280 Regis
1122 1193 1210 1279 apud
1224 1193 1448 1260 Westmonas·
1546 1215 1547 1224 ³

339 1295 458 1361 terium
487 1295 574 1360 inter
601 1295 708 1381 ipsum
734 1293 915 1359 Robertum
940 1303 1108 1382 petentem
1137 1305 1172 1362 et
1197 1297 1381 1362 liebertum
1406 1298 1446 1363 de

340 1401 468 1467 Sulceto
497 1401 630 1466 fratrem
659 1398 877 1486 predictarum
906 1400 1066 1478 Johunne,
1094 1401 1242 1489 Agnetis,
1272 1401 1377 1467 1119119
1414 1413 1449 1466 91
1546 1397 1547 1400 '

340 1505 477 1571 alierum
491 1512 526 1569 91
540 1503 640 1568 infra¹
653 1511 688 1569 91
703 1503 902 1568 auunculum
917 1502 1135 1589 predictorum
1150 1505 1240 1569 Petri
1259 1514 1295 1569 91
1310 1504 1448 1571 Roberti
1546 1561 1547 1568 ,

340 1607 432 1672 99199
455 1606 588 1672 heredes
614 1605 677 1692 ipsi
702 1614 779 1670 sunt
805 1613 964 1683 tenentes,
987 1606 1028 1672 de
1051 1606 1195 1671 manerio
1220 1606 1262 1671 de
1287 1608 1448 1695 Ikeleghe
1546 1593 1547 1604 ¹

340 1734 413 1776 cum
429 1709 637 1797 pertinenciis
651 1709 738 1774 unde
753 1711 988 1797 cyrographum
1003 1710 1126 1776 fuctum
1136 1710 1201 1776 fuit
1215 1711 1374 1777 intereos
1388 1720 1447 1777 919.

340 1814 429 1881 etde
444 1822 514 1879 1919
529 1837 624 1901 parco
644 1813 684 1879 de
704 1814 865 1902 Ikelegha
883 1838 958 1880 cum
979 1816 1111 1881 essartis
1132 1824 1168 1881 et
1189 1816 1295 1882 lendis
1317 1827 1355 1882 et
1377 1818 1448 1883 eliis
1546 1891 1547 1900 ἵ

339 1917 554 2005 pertinenciis,
566 1926 600 1982 91
615 1917 701 1982 unde
716 1917 803 1983 idem
819 1918 981 1983 Robertus
995 1918 1082 1983 filius
1097 1919 1249 2005 Hugonis
1262 1919 1347 1984 dicit
1361 1920 1446 2006 quod

339 2044 413 2085 cum
428 2028 512 2086 esset
527 2020 562 2085 in
576 2020 695 2085 seisina
714 2019 755 2085 de
776 2019 860 2085 dono
879 2020 982 2105 ipsius
1001 2019 1137 2086 Roberti
1157 2021 1200 2085 de
1221 2020 1352 2087 Salsetc
1375 2023 1449 2087 19119

339 2124 443 2190 iactus
457 2123 521 2188 fuit
541 2122 615 2188 finis
634 2122 721 2188 inter
741 2144 795 2189 eos
815 2145 873 2208 per
894 2123 993 2189 breue
1008 2124 1099 2189 wer’⁸
1113 2138 1201 2191 certe
1216 2126 1258 2191 sd
1274 2127 1402 2192 Pascha
1415 2128 1448 2191 in

339 2248 441 2291 unum
455 2248 600 2290 mensem
615 2247 700 2290 anno
714 2224 815 2312 Regis
829 2226 885 2313 qui
900 2247 987 2291 nunc
1001 2233 1053 2291 est
1067 2250 1117 2293 xv.
1133 2250 1240 2293 corum
1260 2229 1391 2294 Thomu
1408 2230 1448 2295 (19

338 2328 507 2393 Μ9191999
521 2327 684 2393 Willelmo
704 2327 745 2393 de
765 2328 914 2415 Ralegha
933 2336 968 2393 et
986 2328 1079 2395 sociis
1101 2352 1212 2397 eorum
1231 2332 1322 2417 apud
1340 2333 1448 2398 West

339 2432 580 2508 monesterium,
605 2432 728 2497 scilicet
753 2433 840 2518 quod
865 2433 1031 2519 predictus
1057 2433 1220 2500 Robertus
1244 2434 1287 2501 de
1318 2437 1448 2503 8919919

339 2534 527 2622 reccgnouit
541 2541 648 2599 totum
663 2534 847 2620 predictum
865 2537 1046 2602 manerium
1066 2545 1102 2603 et
1120 2560 1254 2624 percum
1273 2562 1352 2605 cum
1367 2551 1448 2627 pert

339 2661 407 2704 esse
422 2639 474 2704 ius
488 2638 590 2725 ipsius
604 2638 740 2704 Rcberti
757 2639 818 2704 filii
840 2640 991 2728 Hugcnis
1010 2650 1050 2706 ut
1069 2641 1151 2707 illud
1173 2644 1260 2728 quod
1281 2645 1448 2729 predictis
1546 2678 1547 2723 1

339 2742 500 2808 Robertus
526 2743 614 2808 filius
635 2743 786 2830 Hugonis
808 2744 925 2810 hebuit
946 2769 987 2810 ex
1009 2745 1092 2811 dono
1117 2747 1219 2833 ipsius
1242 2749 1384 2815 Roberti
1409 2751 1448 2815 de

340 2847 476 2925 Sclceto,
497 2854 532 2912 91
551 2869 610 2934 pro
629 2847 689 2912 hec
709 2847 782 2912 etc⁴
801 2847 889 2912 idem
911 2849 1073 2915 Robertus
1092 2848 1179 2916 filius
1198 2852 1354 2939 Hugonis
1375 2877 1447 2920 999-
1546 2862 1547 2941 J

339 2953 435 3017 cessit
445 2951 590 3038 predicto
604 2951 747 3016 Roberto
758 2950 799 3016 de
812 2952 940 3018 Sulceto
950 2961 1058 3018 totum
1070 2954 1251 3040 predictum
1263 2959 1447 3024 manerium
1546 2978 1547 3035 j

340 3079 414 3122 cum
428 3064 509 3142 pert.
524 3064 558 3122 91
575 3079 709 3142 percum
729 3056 880 3122 habenda
899 3064 934 3121 et
954 3057 1096 3122 tenende
1115 3057 1221 3124 eidem
1241 3059 1389 3128 Robertc
1408 3063 1447 3128 de
1546 3048 1547 3105 3

341 3160 468 3226 Sulceto
497 3169 569 3226 1919
596 3160 669 3225 9119
696 3183 756 3225 999
784 3160 931 3226 faciendo
958 3161 1035 3227 inde
1070 3163 1242 3228 seruicium
1281 3166 1371 3252 quod
1406 3165 1447 3230 ed

340 3263 519 3328 manerium
533 3262 615 3328 illud
629 3263 781 3350 pertinet,
796 3271 831 3329 et
850 3271 923 3350 post
940 3264 1106 3330 decessum
1125 3265 1228 3353 ipsius
1248 3267 1389 3334 Reberti
1407 3269 1446 3334 de
1546 3260 1548 3333 i

341 3367 469 3433 Sslceto
487 3365 670 3454 predictum
690 3367 871 3433 manerium
892 3391 966 3434 cum
985 3377 1066 3455 pert.
1082 3378 1266 3436 reuertetur
1280 3373 1446 3460 adipsum

341 3471 520 3538 Robertum
549 3471 654 3537 filium
683 3471 834 3558 Hugonis
855 3470 913 3558 191
942 3472 1077 3538 heredes
1105 3495 1179 3538 suos
1204 3476 1388 3542 tenendum
1412 3487 1447 3542 et
1546 3526 1547 3529 ,

340 3576 526 3642 habendum
547 3575 589 3642 de
610 3575 783 3641 heredibus
805 3576 908 3662 ipsius
927 3577 1063 3642 Roberti
1082 3577 1122 3642 de
1145 3577 1274 3644 Sulceto
1298 3581 1447 3647 faciendo
1546 3634 1547 3647 i

340 3680 416 3746 inde
431 3681 604 3746 seruicium
619 3687 733 3766 quarte
748 3679 850 3765 partis
869 3679 966 3745 unius
986 3680 1101 3746 militis
1120 3704 1178 3767 pro
1197 3683 1287 3747 omni
1301 3684 1446 3750 seruicio.
1522 3697 1526 3706 ’
1546 3680 1547 3689 ³

342 3784 385 3848 Et
399 3785 485 3850 unde
500 3785 586 3871 petit
600 3783 781 3849 manerium
796 3783 878 3849 illud
893 3792 927 3848 91
947 3807 1080 3870 parcum
1099 3787 1182 3852 illud
1201 3787 1286 3852 sicut
1306 3787 1366 3854 1119
1384 3812 1446 3875 quc

340 3887 382 3951 cd
402 3885 496 3953 illum
519 3886 640 3952 reuerti
663 3886 847 3952 debuerunt
868 3895 942 3972 post
963 3895 1101 3952 mortem
1122 3888 1224 3975 ipsius
1245 3889 1387 3957 Roberti
1406 3891 1446 3955 de

340 3989 468 4056 Salcctc
483 3996 541 4054 etc.
1546 3986 1547 4001 ¹

405 4091 448 4155 Et
477 4091 594 4156 Petrus
624 4091 664 4158 de
695 4091 879 4158 Godintons
904 4099 939 4157 et
965 4114 1076 4157 omnes
1100 4093 1218 4159 911191
1243 4097 1388 4163 9991991
1412 4108 1445 4162 91

371 4278 379 4310 ¹
397 4277 490 4327 Nemes
501 4277 529 4326 91
538 4275 612 4327 other
623 4275 777 4327 deiendnnts
788 4277 862 4328 omit
946 4279 957 4310 ¹
974 4279 1051 4329 Some
1062 4293 1152 4330 names
1163 4281 1280 4333 omitted.

338 4343 388 4393 ted.
423 4341 478 4392 The
505 4341 574 4394 heire
602 4335 630 4392 oi
655 4341 751 4392 Rcbert
778 4342 810 4392 de
837 4343 863 4394 lu
947 4342 1379 4408 'Probablybreuedewcrcucic

338 4409 458 4472 Snuceye.
946 4409 957 4441 ⁴
969 4424 1018 4472 pro
1030 4411 1077 4459 199
1089 4413 1268 4474 recoquicr'cne.
