3167 5075
344 340 409 406 248
562 350 680 401 consu
701 348 801 409 enon,
822 347 887 397 nn.
912 332 1071 411 1237-8‚
1092 348 1156 399 nn
1179 335 1229 398 22.

344 526 379 593 in
394 523 537 590 manerio
556 523 597 589 de
618 523 835 588 Withewrthe
858 545 955 609 quam
977 545 1043 591 non
1065 530 1175 608 potest
1199 542 1308 607 neque
1333 521 1453 586 lucrari

344 651 449 713 neque
471 627 603 714 perdere
626 627 696 691 sine
718 626 812 692 Dom
837 628 936 713 Rege
980 628 1027 691 Et
1048 627 1195 713 quesitus
1217 627 1246 691 si
1268 634 1453 691 warantum

343 732 471 808 habeat,
485 730 565 796 dicit
580 730 666 816 quod
686 729 819 817 quidam
840 730 1041 817 Reginnldus
1062 729 1104 796 de
1126 732 1226 796 Baros
1246 731 1305 818 qui
1329 738 1452 795 terram
1552 795 1553 798 ,

343 835 432 901 illam
446 834 564 901 habuit
577 835 662 901 dono
676 834 777 922 Regis
791 835 923 900 Ricardi
937 834 1088 901 uendidit
1105 835 1196 900 illam
1210 834 1351 900 Fulooni
1363 832 1452 921 putri

343 960 409 1015 suo,
431 944 467 1003 et
488 936 730 1023 crucesignatus
750 936 864 1003 statim
886 937 1018 1003 recessit
1038 960 1060 1003 a
1078 938 1187 1025 patria
1210 960 1271 1003 nec
1292 960 1452 1024 umquam
1552 1003 1553 1006 ,

343 1042 441 1107 rediit
462 1042 669 1127 postmodum
687 1064 746 1107 nec
767 1050 886 1107 terram
905 1043 1007 1108 habet
1025 1064 1085 1108 nec
1104 1042 1265 1109 heredem
1310 1042 1357 1108 Et
1376 1043 1453 1108 ideo
1552 1107 1554 1111 ,

342 1145 580 1211 consideratum
602 1154 653 1211 est
679 1146 766 1232 quod
788 1145 964 1211 Dominus¹
986 1154 1155 1232 recuperet
1179 1145 1331 1210 seisinam
1356 1168 1452 1210 suam
1552 1183 1554 1190 ·

343 1259 413 1328 etc,
427 1257 462 1314 et
476 1248 504 1315 si
518 1248 607 1314 idem
627 1249 811 1314 Willelmus
830 1249 1036 1335 postmodum
1051 1248 1292 1335 recuperauerit
1305 1248 1452 1335 aliquam

343 1362 463 1419 terram
478 1353 612 1418 liberam
627 1352 724 1419 faciet
738 1352 846 1417 eidem
860 1352 976 1417 Emme
991 1352 1189 1419 escambium
1205 1354 1249 1418 ad
1267 1354 1454 1419 ualenciam

344 1458 397 1523 uel
413 1465 573 1543 quatenus
588 1456 691 1521 facere
706 1456 808 1542 possit
822 1464 882 1521 ete

409 1560 591 1625 willelmus
634 1558 868 1646 Lungespeye'
901 1558 1002 1645 peciit
1037 1580 1155 1625 uersus
1191 1559 1285 1625 Dom
1322 1559 1456 1647 Regem

343 1662 524 1729 custodiam
554 1663 661 1730 Oastri
691 1660 881 1729 Ssrisbirie'
909 1671 946 1728 et
977 1665 1152 1730 comitatus
1181 1664 1387 1731 Wiltescire⁴
1417 1665 1456 1731 in

345 1767 437 1833 feodo
452 1774 486 1832 et
501 1776 539 1831 ut
554 1767 644 1832 illam
659 1788 722 1853 que
737 1765 768 1830 ei
783 1766 950 1833 descendit
968 1766 1163 1834 hereditarie
1182 1768 1224 1832 ab
1241 1770 1457 1834 anteoeoeori·

344 1872 407 1970 hus
420 1871 487 1936 suis
501 1870 624 1936 scilicet
638 1892 660 1935 a
674 1870 803 1935 Comite
817 1871 957 1937 Patricio
971 1880 1007 1935 et
1023 1871 1186 1937 Willelmo
1199 1871 1268 1935 filio
1286 1894 1346 1937 suo
1359 1882 1398 1938 et
1412 1874 1456 1939 de

347 1974 406 2041 Ele
424 1974 491 2039 lilio
509 1974 611 2059 ipsius
631 1973 789 2039 Willelmi
809 1983 913 2040 matre
932 1975 1036 2061 ipsius
1050 1976 1208 2042 Willelmi
1227 1979 1457 2065 Lungespeye‚

347 2087 380 2143 et
401 2077 489 2144 unde
511 2077 591 2143 dicit
617 2077 704 2163 quod
725 2078 813 2144 idem
834 2078 994 2143 Patricius
1015 2078 1080 2147 fuit
1100 2078 1176 2145 inde
1197 2081 1328 2147 seisitus
1348 2090 1391 2145 ut
1413 2082 1458 2147 ds

346 2183 438 2248 feodo
453 2190 598 2268 tempore
613 2182 654 2246 H
668 2180 768 2268 Regis
778 2182 834 2248 aui
845 2183 938 2248 Dom.
950 2182 1051 2269 Regis
1062 2190 1097 2249 et
1107 2183 1193 2269 petit
1206 2184 1285 2250 inde
1298 2185 1456 2252 seisinam

346 2308 446 2352 suam.

412 2392 456 2456 Et
470 2390 562 2456 Dom
578 2391 650 2455 Rex
664 2412 751 2455 nunc
765 2390 850 2454 siout
864 2390 944 2454 alias
961 2389 994 2455 ei
1012 2390 1178 2476 respondit
1197 2392 1286 2478 quod
1304 2401 1455 2479 tempore

347 2497 369 2562 J
370 2496 506 2562 ohannis
520 2494 619 2583 Regis
634 2493 736 2581 patris
750 2493 802 2559 sui
816 2503 912 2580 copta
926 2493 991 2559 fuit
1005 2494 1144 2581 quedam
1159 2495 1269 2562 iurata
1281 2496 1324 2564 de
1337 2498 1456 2565 eadem
1545 2538 1550 2581 ;

347 2599 493 2665 custodia
507 2599 593 2663 inter
612 2599 719 2684 ipsum
741 2599 834 2664 Dom
850 2596 1034 2663 Johannem
1054 2601 1177 2686 Regem
1199 2610 1235 2665 et
1249 2601 1456 2669 Willelmum
1545 2596 1553 2681 ἠ

347 2703 509 2770 Comitem
539 2702 709 2768 Sarisbirie
739 2711 774 2767 et
802 2701 981 2788 predictam
1011 2702 1105 2767 Elam
1134 2726 1269 2770 uxorem
1305 2706 1455 2772 ciusdem
1545 2736 1551 2751 ·

348 2805 504 2871 Willelmi
539 2827 597 2892 per
632 2827 731 2891 quam
768 2805 971 2893 recognitum
1007 2804 1072 2870 fuit
1100 2806 1187 2891 quod
1214 2807 1362 2893 predicta
1391 2809 1457 2874 Ele
1547 2818 1551 2829 '

347 2911 474 2978 nullum
498 2910 550 2976 ius
572 2910 688 2975 habuit
709 2910 743 2974 in
765 2910 913 2976 custodia
933 2908 991 2974 ille
1011 2920 1047 2976 et
1069 2911 1145 2977 inde
1168 2913 1279 2998 posuit
1299 2935 1334 2977 se
1356 2913 1454 2980 Dom.
1552 3012 1553 3015 Ἴ

348 3016 419 3080 Rex
433 3036 532 3101 super
544 3014 710 3079 recordum
726 3013 814 3080 curie
829 3035 896 3079 sue.

411 3118 466 3184 Ad
494 3118 554 3182 hoo
583 3117 747 3203 respondit
777 3115 942 3203 predictus
970 3116 1155 3182 Willelmus
1185 3118 1273 3203 quod
1306 3119 1457 3204 predicta

348 3221 455 3286 iurata
472 3219 499 3285 si
519 3229 615 3307 cepta
634 3221 699 3284 fuit
718 3243 783 3285 non
805 3220 920 3286 debuit
941 3221 973 3286 ei
994 3245 1108 3287 nocere
1130 3222 1210 3308 quia
1229 3232 1375 3309 tempore
1397 3225 1456 3288 illo

347 3324 411 3390 fuit
432 3323 577 3409 predicta
599 3322 660 3387 Ela
680 3322 765 3387 infra
786 3331 909 3388 etatem
931 3332 966 3389 et
987 3347 1052 3388 non
1075 3325 1269 3410 desponsata
1291 3327 1355 3390 fuit
1378 3350 1456 3413 pre·
1552 3341 1554 3415 ξ

348 3427 434 3492 dicto
449 3425 613 3490 Willelmo
624 3426 709 3510 patri
722 3447 788 3502 suo,
800 3435 835 3490 et
846 3425 921 3490 inde
932 3426 1197 3514 posuitsesuper
1206 3428 1455 3514 inquisicionem
1552 3420 1554 3495 f

348 3529 458 3616 patrie.
505 3529 548 3594 Et
566 3529 729 3616 quesitum
751 3536 802 3594 est
821 3529 988 3594 reoordum
1008 3538 1154 3616 tempore
1173 3531 1275 3619 Regis
1293 3533 1456 3599 Johsnnis
1552 3530 1554 3567 ³

348 3645 382 3700 et
398 3634 580 3710 inuentum,
595 3633 630 3698 in
650 3656 713 3720 quo
732 3634 919 3699 continetur
938 3634 1024 3721 quod
1045 3635 1152 3700 iurata
1169 3645 1267 3722 capta
1285 3637 1350 3702 fuit
1367 3660 1456 3703 anno
1552 3620 1554 3701 ἦ

348 3760 432 3803 nono
468 3737 569 3824 ipsius
605 3737 705 3823 Regis
741 3737 902 3803 dohannis
938 3738 1026 3803 inter
1060 3739 1167 3825 ipsum
1204 3741 1299 3808 Dom
1328 3742 1454 3829 Regem

348 3843 370 3908 J
372 3843 531 3907 ohannem
553 3851 587 3907 et
602 3841 804 3908 Willelmum
821 3842 983 3908 Comitem
998 3842 1168 3910 Sarisbirie
1182 3854 1218 3910 et
1233 3867 1366 3912 uxorem
1380 3846 1456 3912 eius
1552 3828 1554 3857 ÷

349 3945 389 4010 ad
410 3944 699 4031 recognoscendum
724 3953 836 4010 utrum
859 3947 931 4032 ipsa
953 3947 1005 4012 ius
1027 3947 1145 4012 hahuit
1166 3947 1341 4014 comitatu¹
1360 3948 1456 4014 Wilt'
1552 3968 1553 4009 l

382 4112 390 4143 ¹
409 4113 507 4175 Supply
517 4113 581 4162 Rex.
926 4115 1054 4165 countess
1072 4115 1129 4175 Ele.
1146 4115 1275 4178 daughter
1291 4119 1320 4167 ol
1337 4132 1369 4166 sn
1386 4117 1456 4168 Esrl

382 4177 393 4208 ²
409 4176 464 4226 The
475 4177 658 4227 demandant’s
667 4175 751 4228 lether
757 4177 874 4229 Willism
924 4179 1040 4230 Willium
1051 4195 1100 4230 son
1111 4182 1141 4230 of
1149 4181 1212 4232 Esrl
1224 4182 1337 4232 Patrick.

349 4241 505 4304 Longsword
519 4243 582 4292 Esrl
597 4243 626 4290 ol
641 4243 776 4304 salisbury
789 4259 843 4293 was
858 4259 875 4294 a
957 4243 968 4277 ⁸
984 4247 1052 4302 Scr',
1065 4246 1119 4295 MS

349 4307 453 4356 bastard
472 4321 521 4356 son
540 4307 569 4356 ol
589 4307 679 4369 Henry
697 4308 741 4358 the
764 4309 872 4358 Second.
956 4310 968 4342 ⁴
988 4311 1065 4370 Wilt’,
1078 4311 1143 4368 MS„

350 4373 405 4422 The
427 4371 609 4422 demandsnt's
632 4373 736 4423 mother
759 4389 811 4423 was
830 4373 875 4424 the
956 4375 1035 4427 ⁸Sic.
