3167 5075
371 385 434 448 514
593 393 828 453 6166161616,
849 392 912 442 un.
938 378 1032 466 1225,
1053 393 1119 444 1111,
1140 381 1256 444 9-10,

368 569 492 635 Τ116616
506 570 599 636 cuiue
613 570 706 635 heres
720 569 789 654 ipse
805 575 856 632 est
871 567 972 632 hebet
986 575 1027 632 ut
1041 566 1130 646 dicit,
1142 590 1223 654 ques
1233 568 1355 654 profert
1366 575 1403 632 61
1415 589 1478 652 que

367 673 489 739 donum
503 672 586 738 illud
600 670 755 737 testetur¹
769 669 933 736 reddendo
947 692 1006 755 per
1025 692 1147 736 annum
1168 669 1316 735 tuntum¹
1337 679 1400 734 etc.
1421 691 1480 755 pro

368 778 457 844 omui
470 777 615 854 sernioio,
629 775 717 840 unde
732 774 819 840 idem
835 774 928 838 Prior
939 775 1087 860 queritur
1097 774 1184 861 quod
1195 774 1320 840 desicut
1332 775 1481 840 contine-

368 891 424 948 tur
444 881 480 948 in
501 881 598 946 cortis
620 879 709 966 quod
730 879 818 944 idem
839 879 980 944 Thomas
1002 887 1037 944 et
1059 879 1193 945 heredes
1215 879 1265 944 sui
1289 879 1481 965 acquietare

368 986 489 1052 debent
503 994 605 1049 terres
615 984 688 1049 illes
703 1006 816 1048 uersus
831 1005 942 1048 omnes
957 983 1105 1048 homines
1119 983 1160 1048 de
1171 983 1322 1048 omnibus
1331 983 1481 1048 seruiciis

368 1112 427 1176 per
453 1088 616 1174 predictos
645 1087 793 1152 denarios
822 1097 893 1164 etc,
919 1087 989 1172 ipse
1015 1086 1222 1174 distringitur
1247 1109 1304 1172 pro
1328 1088 1480 1174 scutagio

367 1193 462 1256 Dom.
475 1191 575 1278 Regis
589 1212 647 1276 pro
661 1189 793 1255 defectu
807 1190 911 1276 ipsius
926 1189 1072 1276 Philippi
1086 1213 1145 1276 per
1159 1190 1246 1278 quod
1260 1190 1480 1256 deteriomtus

368 1302 466 1360 estet
481 1293 660 1379 dampnum
676 1294 777 1359 habet
791 1301 854 1362 616.

432 1398 477 1462 Et
491 1397 661 1484 Philippus
676 1396 769 1462 uenit
784 1403 819 1462 et
834 1396 1018 1484 dicitquod
1032 1419 1097 1462 666
1111 1397 1211 1462 debet
1231 1407 1333 1463 terres
1350 1399 1432 1463 illes
1451 1399 1480 1463 61

366 1500 572 1566 warentizere
596 1507 631 1564 61
653 1500 795 1565 maxime
819 1507 940 1566 terrem
963 1500 1005 1566 16
1029 1501 1162 1578 Dinesl’,
1183 1500 1260 1586 quis
1276 1501 1363 1566 idem
1387 1503 1480 1568 Prior

365 1625 431 1668 666
444 1610 536 1667 16661
551 1609 671 1668 terrem
686 1601 777 1666 illem
790 1601 831 1668 16
847 1625 894 1680 66,
909 1623 970 1668 666
985 1609 1096 1667 166616
1111 1609 1228 1688 potest,
1243 1603 1321 1688 quie
1335 1604 1472 1689 quidem

365 1706 548 1775 Willelmus
570 1705 698 1772 Pollurd
719 1707 829 1772 tenuit
858 1715 978 1772 terrem
1007 1707 1099 1772 illem
1127 1716 1163 1772 et
1193 1709 1291 1774 oliam
1319 1731 1359 1772 ex
1393 1707 1476 1772 1666

366 1809 459 1875 Dom
481 1809 511 1874 J.
535 1808 634 1894 Regis
655 1829 714 1892 per
734 1817 857 1874 cartem
879 1831 971 1874 suem
993 1808 1158 1874 reddendo
1177 1833 1207 1875 z
1223 1831 1361 1895 copones
1377 1809 1472 1874 Dom.

366 1913 458 1999 Regi,
481 1919 516 1977 61
539 1911 626 1976 idem
650 1911 834 1976 Willelmus
859 1910 1010 1975 uendidit
1033 1910 1141 1976 eidem
1164 1912 1288 1976 Thome
1312 1911 1407 1998 petri
1421 1934 1476 1976 suo

365 2013 538 2101 quomdam
567 2022 694 2100 portem
723 2020 758 2078 et
786 2014 859 2080 eliis
887 2013 1063 2100 quemdem
1087 2023 1216 2100 partem
1242 2015 1313 2080 sinc
1337 2015 1473 2081 licencia

366 2120 459 2185 Dom.
482 2118 592 2206 Regis,
614 2127 649 2184 et
670 2117 735 2182 iuit
756 2117 792 2182 iu
814 2127 934 2184 terrem
956 2126 1111 2184 66661661
1156 2119 1274 2184 Postea
1293 2141 1373 2183 uero
1390 2119 1474 2183 idem

365 2223 506 2290 Thomas
519 2223 612 2290 dedit
626 2223 772 2308 predicto
787 2222 890 2288 Priori
905 2222 1084 2309 predictam
1100 2230 1220 2287 terrem
1230 2222 1267 2286 in
1281 2220 1408 2288 Diuesl'
1421 2245 1474 2308 per

365 2326 540 2395 seminium
555 2349 584 2392 r.
598 2327 663 2403 sol„
678 2334 713 2390 et
730 2347 805 2391 cum
828 2325 887 2390 hoc
909 2325 1078 2390 audiretur
1099 2324 1142 2390 ed
1163 2323 1359 2390 scaccarium
1383 2325 1474 2390 Dom.

367 2432 475 2518 Regis,
500 2432 594 2496 Dom.
621 2431 692 2496 Rex
718 2430 864 2516 precepit
889 2451 1003 2517 cepere
1027 2429 1062 2494 16
1088 2451 1223 2496 menum
1249 2451 1342 2494 sunm
1374 2437 1473 2494 161616

366 2546 487 2602 terrem
501 2556 600 2621 quem
615 2533 779 2620 predictus
796 2532 978 2599 Willelmus
992 2531 1084 2599 dedit
1099 2532 1140 2599 16
1160 2532 1321 2601 6611666111
1338 2556 1409 2611 sue,
1428 2534 1474 2598 ite

367 2639 454 2725 quod
477 2639 567 2705 Prior
590 2638 771 2703 diseeisitus
795 2646 845 2703 est
868 2637 909 2703 16
933 2646 1021 2703 term
1043 2637 1101 2703 ille
1119 2637 1155 2703 in
1170 2638 1342 2715 dominico,
1358 2639 1472 2725 etipse

366 2742 546 2807 disseisitus
568 2750 619 2806 est
640 2741 681 2806 de
703 2740 840 2805 seruicio
861 2763 928 2821 suo,
952 2750 987 2806 et
1009 2764 1120 2807 omnes
1141 2742 1199 2809 alii
1220 2743 1271 2809 ite
1293 2744 1472 2819 1661161161

366 2846 452 2933 petit
465 2845 624 2912 iudicium
639 2845 667 2911 si
681 2855 794 2911 contre
808 2845 902 2913 Dom.
918 2846 1043 2932 Regem
1057 2846 1093 2913 16
1108 2846 1168 2913 teli
1189 2868 1268 2913 coeu
1283 2846 1469 2913 werenciem

366 2952 470 3015 166616
486 2950 613 3017 debeat.

372 3120 375 3128 ,
432 3055 477 3119 Ε1
491 3053 581 3119 Prior
595 3053 676 3119 dicit
690 3053 819 3140 quodsi
833 3076 898 3120 666
912 3063 1022 3141 potest
1033 3054 1258 3121 terramillam
1268 3055 1471 3122 pareutime

366 3157 499 3223 uidetur
512 3157 543 3222 61
555 3156 641 3242 qnod
652 3156 772 3222 debeat
782 3156 814 3221 61
825 3157 1023 3223 escambium
1036 3158 1139 3223 facere
1150 3158 1279 3224 desicut
1291 3160 1474 3225 continetur

365 3262 400 3327 in
423 3262 521 3329 cartis
544 3262 630 3346 quod
652 3260 752 3327 debet
771 3270 892 3327 terrem
912 3260 1002 3330 illem
1022 3260 1054 3327 ei
1073 3269 1186 3327 contre
1199 3284 1314 3329 omues
1329 3260 1469 3327 homines

366 3354 596 3432 warentizores

432 3472 476 3537 Et
490 3472 625 3537 barones
638 3469 679 3536 16
694 3470 851 3537 scaccario
865 3469 925 3534 hoc
940 3476 1047 3535 totum
1059 3469 1270 3535 recordentur
1280 3476 1317 3535 et
1327 3466 1474 3533 11616611-

365 3583 448 3646 6661.
494 3573 625 3639 Ε11166
646 3574 737 3639 Prior
755 3582 790 3639 et
813 3573 983 3659 Philippus
1002 3572 1079 3639 inde
1102 3573 1172 3639 siue
1193 3572 1257 3651 die,
1279 3581 1414 3639 6116116
1435 3578 1474 3635 et

365 3679 538 3744 seruicium
569 3677 656 3764 quod
684 3678 749 3742 fnit
779 3677 937 3743 Willelmi
962 3676 1101 3764 predicti
1128 3674 1293 3743 1611161161ι
1316 3676 1351 3741 16
1371 3696 1473 3739 manu

366 3784 459 3849 Dom
476 3782 583 3870 Regis

235 3906 328 3969 1666,
430 3887 606 3952 ‘Redulfus
620 3886 725 3952 Lowis
739 3888 957 3954 summonitus
972 3888 1036 3953 fuit
1050 3887 1092 3953 nd
1107 3885 1362 3973 respondendum
1372 3882 1471 3947 Dorn

233 4004 324 4045 amau
365 3991 451 4078 Regi
478 4014 543 4078 quo
571 3992 729 4058 aduocato
757 4015 792 4057 se
823 4000 915 4059 16661
944 3992 978 4057 16
1011 3992 1237 4080 personetum⁸
1266 3987 1388 4055 ecclesie
1427 3986 1472 4051 16

366 4095 533 4183 Eglesogo,
558 4105 594 4161 et
617 4096 786 4162 Joheunes
811 4096 892 4165 ch
918 4097 1031 4165 eodem
1057 4096 1153 4163 modo
1182 4092 1389 4163 summonitus
1422 4090 1470 4155 ed

398 4259 611 4324 ιΔ661116116
622 4270 892 4328 cartam...qoor...ter-
975 4262 1181 4360 :retroneum
1284 4334 1291 4352 .

366 4333 626 4453 ι11111111166111111661,
639 4393 670 4452 A,
682 4392 712 4442 B.
835 4456 839 4462 ,
900 4420 903 4429 .
976 4326 1375 4456 'pi-mndodtmssitilpirifloort'ss
