3167 5075
397 402 547 466 rurwr‘rr,
569 406 633 454 nn.
658 392 750 466 1220,
772 407 834 455 aa.
858 392 889 455 4.·
1129 394 1192 456 401·

105 601 151 644 sos
163 580 348 667 etRogems
359 579 466 645 uictus
477 580 540 644 fuit
551 588 586 644 et
596 575 654 645 det
664 580 891 644 recreantisam
903 588 972 657 ete,
984 586 1018 643 et
1029 578 1194 643 Walterus

104 681 169 746 inde
188 682 322 768 quietus,
336 691 371 746 et
390 681 607 747 misericordia
625 681 846 768 perdonatur¹,
862 681 940 767 quia
959 680 1121 768 pugnauit
1135 703 1193 766 pro

104 786 182 872 Rege
196 794 253 851 etc

159 890 199 953 lit
221 890 366 977 Rogems
389 896 424 954 et
448 890 588 954 Thomas
613 890 726 957 eodem
751 889 847 954 modo
871 888 1051 954 defendunt
1080 910 1192 973 pacem

103 981 184 1057 Doni
198 992 297 1080 Regis
311 1000 346 1057 et
361 992 511 1057 feloniam
527 1000 562 1057 et
576 1014 766 1057 consensum
781 1000 817 1057 et
831 992 918 1078 quod
932 1015 997 1057 non
1012 993 1143 1056 fuerunt
1158 991 1193 1055 in

103 1094 188 1159 forcia
209 1118 267 1160 nec
292 1095 380 1160 idem
408 1096 548 1160 Thomas
572 1094 637 1159 iuit
659 1102 791 1181 propter
814 1116 897 1172 eum,
921 1094 1006 1159 sicut
1030 1093 1193 1180 predictus

103 1199 232 1284 Rogerus
245 1200 334 1279 dicit,
346 1208 382 1265 et
395 1200 456 1265 hoc
470 1200 611 1265 offerunt
625 1199 798 1265 defendere
812 1200 897 1265 sicut
913 1199 1002 1265 curia
1015 1198 1196 1263 considera-

103 1300 183 1368 uerit.

155 1406 230 1471 Dies
251 1406 350 1471 datus
371 1414 421 1472 est
442 1406 682 1492 appellantibus
701 1405 742 1470 de
763 1404 925 1470 audiendo
944 1404 1062 1469 iudicio
1081 1424 1139 1468 suo
1159 1412 1194 1467 et

102 1507 251 1574 Walterus
276 1511 502 1574 committatur
522 1509 632 1596 gaole¹
658 1519 718 1575 etc.
748 1518 783 1574 et
813 1509 960 1595 Rogsrus
989 1517 1024 1573 et
1054 1508 1194 1571 Thomas

102 1620 276 1677 remaneant
296 1612 357 1678 sub
377 1612 490 1677 eadem
510 1612 742 1697 custodiaque
762 1612 852 1698 prius
873 1614 1006 1676 fuerunt
1028 1610 1195 1696 quousque

102 1712 251 1779 Walterus
265 1714 479 1779 conuincatur
492 1713 533 1778 de
547 1713 633 1779 facto
647 1712 721 1778 etc.¹

61 1819 72 1880 t
155 1817 327 1883 ⁴Ricardus
342 1817 372 1882 le
389 1818 466 1883 Scot
480 1825 595 1903 captus
609 1838 684 1881 cum
704 1815 811 1903 sigillo
827 1816 965 1881 Walteri
985 1815 1026 1879 de
1046 1814 1195 1879 Mortona
1268 1834 1296 1864 ⁰¹¹

101 1921 175 2005 quod
190 1922 336 1986 furatum
355 1921 419 1985 fuit
437 1920 474 1985 in
495 1920 577 1984 uilla
597 1919 762 1984 Londonie
784 1942 858 1985 cum
881 1921 958 1984 roba
979 1928 1014 1983 et
1035 1942 1109 1983 cum
1131 1919 1194 1984 alio

101 2024 233 2090 hernesio
246 2024 352 2111 ipsius
365 2024 504 2089 Walteri
518 2024 681 2110 cognoscit
695 2022 782 2110 quod
799 2024 932 2108 quidam
946 2023 1124 2088 Nicholaus
1138 2024 1195 2109 qui

100 2128 173 2213 fugit
196 2128 232 2192 in
257 2126 427 2193 ecclesiam
452 2126 540 2211 apud
566 2126 704 2191 Suwerc'
730 2147 789 2211 pro
815 2125 927 2189 eodem
955 2125 1047 2203 facto,
1074 2131 1108 2189 et
1137 2126 1194 2210 qui

98 2232 247 2318 cognoscit
272 2232 399 2296 furtum
423 2230 514 2308 illud,
535 2230 619 2296 illud
644 2230 787 2317 sigillum
814 2230 845 2295 ei
868 2230 1037 2307 commisit,
1060 2239 1094 2294 et
1119 2229 1195 2294 inde

97 2345 181 2401 uocat
201 2359 279 2402 eum
303 2335 346 2400 ad
365 2344 554 2413 warantum,
568 2345 602 2400 et
622 2335 702 2400 dicit
723 2334 809 2421 quod
830 2336 952 2401 sicum
973 2334 1108 2412 uideret,
1122 2357 1198 2420 pro·

98 2440 178 2506 taret
198 2464 315 2506 uersus
334 2462 410 2505 eum
430 2462 621 2526 percorpus
640 2462 736 2505 suum
756 2440 842 2505 sicut
861 2440 951 2504 curia
969 2437 1193 2503 consideraret.
1235 2494 1237 2499 .

98 2547 135 2611 Et
154 2549 227 2634 quia
248 2547 367 2614 balliui
388 2547 481 2612 Dom.
498 2548 597 2635 Regis
619 2547 829 2612 recordantur
850 2545 936 2632 quod
958 2545 1086 2631 quando
1108 2545 1194 2610 idem
1252 2575 1254 2580 ’

98 2650 241 2718 Ricardus
260 2660 380 2739 captus
399 2652 463 2716 fuit
483 2651 661 2717 Nicholaus
680 2673 874 2738 cognoscens
894 2673 929 2714 se
949 2673 1018 2715 esse
1037 2650 1194 2714 latronem

96 2753 126 2816 in
150 2755 284 2820 ecclesia
313 2754 398 2818 dixit
427 2753 513 2839 quod
541 2754 629 2818 idem
658 2753 817 2819 Ricardus
846 2753 963 2818 habuit
993 2753 1136 2840 sigillum
1161 2761 1195 2817 et

97 2857 239 2939 quasdam
276 2857 408 2921 braccas
444 2855 486 2920 ad
521 2864 648 2941 partem
684 2879 777 2920 suam
796 2855 802 2938 1
821 2863 983 2920 uenerunt
1017 2855 1058 2920 ad
1087 2857 1195 2941 ipsum

97 2957 259 3025 Ricardum
275 2967 312 3025 et
326 2959 495 3045 pecierunt
510 2959 653 3046 sigillum
667 2959 751 3024 illud
765 2968 800 3024 et
815 2959 884 3046 ipse
904 2960 986 3025 illud
1007 2959 1141 3046 negauit
1162 2967 1196 3023 et

97 3072 198 3145 postea
226 3061 360 3149 quando
388 3061 504 3127 debuit
532 3062 670 3126 scrutari
698 3062 840 3127 extraxit
870 3063 1012 3148 sigillum
1041 3053 1125 3126 illud
1154 3061 1195 3125 de

97 3165 189 3252 caliga
197 3188 267 3242 sua,
278 3173 315 3228 et
326 3172 474 3250 preterea
484 3164 562 3249 quia
571 3164 641 3249 ipse
653 3173 747 3228 uocat
761 3164 803 3229 ad
818 3172 998 3230 warantum
1012 3163 1194 3250 predictum

96 3267 284 3333 Nicbolaum
299 3267 356 3353 qui
370 3267 522 3354 cognouit
537 3266 669 3344 furtum,
681 3276 716 3332 et
730 3289 796 3331 non
811 3268 884 3332 uult
900 3267 1011 3331 uenire
1026 3266 1067 3330 ad
1082 3287 1195 3351 pacem

97 3371 178 3437 Dom
193 3373 306 3461 Regis,
320 3380 355 3438 et
370 3372 512 3459 sigillum
532 3371 615 3437 illud
634 3373 778 3438 furatum
798 3374 862 3437 suit
882 3395 956 3438 cum
977 3371 1049 3438 aliis
1071 3373 1195 3437 catallis

97 3484 125 3538 et
137 3499 199 3542 non
213 3477 318 3542 habet
332 3475 408 3540 inde
424 3483 612 3553 warantum,
627 3476 864 3542 consideratum
886 3484 936 3540 est
956 3474 1041 3561 quod
1061 3497 1196 3561 suspen-

97 3579 183 3648 datur
197 3592 259 3649 etc.

1217 2863 1219 2870 ’
1243 2865 1288 2914 [us
1296 2865 1327 2914 h.]

62 3741 68 3758 .
151 3686 281 3752 'Assisa
295 3685 390 3750 uenit
404 3686 609 3771 recognitura
623 3686 651 3750 si
667 3686 842 3751 Gaufn'dus
862 3685 903 3750 dc
924 3685 1088 3749 Merstona
1101 3691 1195 3770 pater
1288 3698 1312 3738 'e-

96 3786 234 3853 Susanna
249 3788 317 3853 fuit
338 3787 468 3852 saisitus
487 3787 523 3851 in
542 3787 703 3853 dominico
722 3810 785 3853 suo
800 3795 839 3852 ut
859 3787 899 3852 dc
920 3786 1012 3851 feodo
1031 3785 1072 3850 de
1092 3784 1193 3870 xxiiij.

95 3890 167 3976 uirg.
182 3899 270 3956 terre
291 3913 366 3954 cum
384 3890 517 3976 pertin
537 3891 702 3956 Merstona
719 3890 773 3954 die
795 3912 858 3976 quo
879 3897 937 3954 etc.
959 3897 995 3954 et
1014 3888 1042 3953 si
1062 3895 1122 3953 etc.
1137 3910 1196 3974 per

94 3993 186 4061 breue
206 3995 311 4083 Regis
333 3995 375 4060 H.
398 3995 484 4061 unde
507 3995 607 4080 Hugo
628 3995 669 4061 de
691 3995 856 4060 Merstona
878 4002 970 4058 tenet
991 3994 1032 4080 xj.
1057 3993 1137 4079 uirg.
1160 4001 1197 4056 et

125 4163 135 4195 ¹
149 4164 204 4216 The
214 4165 353 4229 pardonis
366 4166 507 4229 postscript
523 4179 558 4214 on
574 4164 619 4215 the
669 4164 714 4215 the
730 4164 779 4213 roll
795 4162 880 4212 before
897 4161 942 4212 the
959 4161 1099 4226 postscript
1111 4161 1195 4212 which

97 4229 148 4288 toll,
159 4232 197 4291 A;
213 4231 308 4280 Iread
320 4233 476 4294 perducatur
489 4247 535 4293 pro
551 4233 619 4293 Repe
669 4230 728 4279 tells
738 4228 821 4279 citha
832 4227 899 4277 duel.

97 4297 564 4360 wtapaqmuitprcpacelteaisstc.
702 4295 869 4354 ⁴A.m25;
886 4294 1016 4345 B.m.17.

125 4358 136 4390 ²
150 4361 250 4425 Supply
262 4363 291 4411 de
302 4364 383 4420 Flete,
394 4361 425 4419 Δ,
436 4361 467 4409 Β.
701 4361 712 4392 ⁸
728 4360 757 4410 Δ,
771 4374 807 4408 m.
820 4360 868 4420 253
884 4358 914 4409 B.
929 4374 964 4408 m.
975 4361 1013 4410 17.

125 4425 214 4498 ³'Ibis
234 4427 265 4476 oi
281 4440 373 4478 course
389 4442 442 4478 was
461 4426 564 4476 written
584 4441 618 4476 on

177 4534 212 4582 u.
236 4535 287 4586 111.
1069 4519 1108 4578 tt
