3167 5075
455 428 594 495 moro,
616 432 680 482 co.
706 418 802 496 1224,
819 434 887 483 cc„
910 423 940 483 8.
1206 424 1249 488 23

153 606 298 671 dominico
320 604 373 671 dic
396 628 462 691 quo
482 626 556 670 eam
577 604 787 691 dooponoauit
808 612 844 670 ct
864 604 942 671 indo
964 626 1038 672 com
1058 604 1188 672 dotauit
1213 616 1248 672 et

152 709 219 775 indo
231 709 378 796 producit
396 716 526 775 sectato
571 709 690 774 Pootcc
711 709 875 796 cognoscit
895 709 967 795 ipsc
988 710 1076 796 quod
1096 710 1149 775 uir
1169 730 1248 777 suun

152 837 208 879 non
235 815 341 880 tenuit
369 814 548 901 mesogium
578 813 661 879 illud
687 814 740 879 dic
766 835 831 900 quo
856 836 929 879 com
953 814 1163 900 desponsouit
1187 836 1249 880 noo

150 917 311 983 semicium
346 917 424 984 indo
454 916 580 995 hobuit,
610 926 661 982 set
692 939 807 982 reuera
842 926 957 1003 postea
990 917 1109 983 occidit
1144 916 1177 983 ei
1211 918 1247 983 in

150 1020 362 1087 hereditatem.
407 1021 452 1085 Et
466 1020 539 1086 ideo
553 1021 721 1086 Wolteruo
734 1019 811 1085 inde
826 1020 897 1085 sinc
911 1020 964 1085 die
978 1020 1051 1087 ctc¹

103 1175 109 1189 .
205 1125 336 1191 Josccus
350 1124 391 1190 dc
403 1124 623 1191 Cholueotono
633 1124 850 1189 summonitus
860 1124 1247 1211 fuitcdroopondcndum

147 1228 261 1293 Abbati
274 1228 315 1293 dc
331 1226 456 1315 Burgo²
470 1250 535 1314 quo
545 1228 616 1293 iuro
627 1250 833 1293 communam
844 1227 948 1315 exigit
958 1229 994 1293 in
1004 1237 1092 1294 terro
1101 1229 1246 1295 ciusdem

148 1332 277 1397 Abbatis
290 1332 333 1397 de
349 1331 527 1399 Stanwico⁸
541 1331 668 1397 dosicut
681 1331 770 1398 idem
781 1333 895 1397 Abbco
905 1334 1029 1398 nullom
1040 1356 1247 1399 communcm

96 1440 97 1443 ’
146 1434 237 1501 babet
250 1435 284 1501 in
299 1444 387 1501 terro
400 1435 547 1502 eiusdem
563 1436 586 1502 J
587 1436 672 1502 oscei
687 1458 747 1501 nec
757 1435 846 1502 idem
856 1437 881 1502 J
881 1459 993 1503 ooccuo
1003 1437 1110 1503 eidem
1121 1437 1246 1503 Abbati

145 1539 265 1625 aliquod
286 1540 462 1606 seruioium
487 1538 566 1605 facit
591 1562 691 1625 quaro
717 1562 923 1605 communcm
946 1539 1066 1607 habere
1088 1541 1189 1606 debet
1209 1541 1247 1607 in

145 1650 223 1709 tm
235 1644 381 1711 eiusdem
396 1644 545 1711 Abbatio

202 1750 245 1814 Et
258 1749 394 1815 Josoeus
408 1748 502 1815 uenit
517 1755 552 1813 ct
566 1746 647 1812 dicit
662 1745 749 1833 quod
762 1746 850 1812 iuotc
864 1747 1084 1813 communicat
1102 1748 1139 1814 in
1157 1756 1246 1817 terra

144 1850 278 1919 ciusdem
293 1852 435 1919 Abbatio
449 1852 491 1918 dc
506 1851 669 1919 Stanwico
684 1851 762 1938 quio
775 1850 924 1917 hominos
943 1852 1089 1918 ciusdem
1103 1853 1245 1920 Abbotio
1298 1918 1303 1925 .

144 1957 375 2022 communicant
393 1956 398 2041 Ι
417 1956 453 2021 in
467 1964 555 2021 torm
569 1955 714 2022 eiusdem
728 1956 752 2021 J
753 1955 839 2021 cocci
852 1955 894 2021 do
915 1955 1123 2023 Ohoucstonc
1141 1966 1177 2023 ct
1195 1959 1246 2024 ito

143 2060 279 2126 focerunt
292 2068 368 2148 post
380 2070 594 2147 conquestum
604 2060 724 2147 Anglio
735 2060 803 2126 ocil.
814 2060 962 2126 homines
972 2061 1013 2127 dc
1026 2062 1245 2130 cheluostom

143 2184 210 2229 oum
224 2164 409 2231 hominibus
424 2165 464 2231 dc
480 2164 641 2231 Stant-ico
656 2172 691 2229 et
706 2186 725 2229 e
739 2186 902 2243 conuerso,
911 2172 947 2229 ct
961 2165 1047 2251 quod
1058 2166 1108 2230 itc
1117 2188 1246 2254 sempor

142 2268 200 2333 ruit
213 2278 245 2335 ot
259 2292 329 2335 cose
345 2270 428 2334 solet
441 2268 535 2357 ponit
550 2291 584 2333 sc
599 2290 697 2355 super
710 2267 860 2354 patriam,
874 2276 910 2333 ct
924 2268 1012 2355 quod
1026 2290 1138 2335 omncs
1151 2279 1245 2337 anto-

142 2392 270 2439 coooorae
284 2372 338 2439 sui
351 2373 401 2438 ita
410 2394 539 2459 sempor
549 2372 696 2437 fecerunt
705 2380 740 2437 et
750 2370 994 2459 odhucocmpcr
1004 2373 1245 2441 communicant

141 2492 236 2558 usquc
251 2495 347 2538 nunc

200 2577 242 2643 Et
256 2577 370 2644 Abbas
384 2599 444 2663 per
462 2584 664 2644 ottomctum
684 2598 782 2647 ouum
801 2576 883 2642 dicit
902 2577 989 2663 quod
1007 2577 1077 2664 ipso
1096 2585 1190 2645 tonet
1208 2578 1244 2645 in

140 2681 239 2766 capite
267 2681 309 2748 dc
341 2683 435 2752 Dom.
462 2681 553 2769 Rogo
583 2689 619 2746 et
642 2681 767 2746 nullam
792 2702 999 2746 communcm
1024 2683 1144 2748 clamat
1167 2706 1244 2749 cum

139 2783 319 2854 hominibus
341 2786 382 2852 do
405 2786 634 2863 Chelucotono,
650 2807 711 2851 nec
733 2808 809 2851 cum
830 2785 879 2850 cis
899 2808 1105 2851 communcm
1127 2787 1245 2854 habuit

138 2909 193 2954 noc
206 2890 354 2956 hominos
368 2890 420 2954 oui
434 2897 469 2954 et
484 2889 545 2954 hoc
559 2889 655 2954 offert
675 2888 890 2954 diorocionoro
909 2910 1098 2975 percorpus
1111 2897 1172 2956 etc
1187 2891 1243 2957 uel

138 3013 248 3076 ponere
263 3015 298 3060 sc
313 2993 350 3058 in
364 3015 516 3080 magnam
531 2992 664 3058 assisam
680 2992 774 3057 Dom.
790 2991 892 3078 Regio
907 2990 981 3058 otc⁴
1024 2992 1069 3057 Et
1088 2991 1162 3058 idco
1182 2993 1244 3059 fiat

139 3092 207 3162 inde
224 3096 335 3162 iurata
353 3103 387 3160 ct
406 3096 520 3162 ueniat
537 3095 573 3160 in
590 3094 737 3162 aduentu
756 3094 1009 3160 iusticioriorum
1028 3095 1071 3162 od
1089 3118 1244 3183 recogno·

138 3199 284 3264 scendum
296 3199 422 3264 siidem
431 3199 544 3267 Ahbae
555 3198 1244 3266 ethominossuichtanwicocommuncm

139 3299 249 3370 hobero
265 3303 408 3370 debeant
422 3302 458 3368 in
472 3301 595 3389 campio
610 3302 651 3370 do
666 3302 886 3370 Ohelueotona
900 3303 1017 3370 etc⁸si
1035 3303 1183 3370 homines
1201 3304 1243 3370 de

139 3403 354 3472 Oboluestonc
379 3404 543 3472 occasione
570 3403 658 3470 illius
683 3412 743 3470 otc
767 3404 955 3471 habuerunt
978 3428 1185 3472 communcm
1206 3407 1242 3472 in

139 3509 252 3596 campis
266 3510 309 3576 do
326 3509 512 3576 Stonwicho
527 3516 588 3576 otc.

57 3615 96 3680 ”.
196 3614 309 3701 Agnes
330 3636 395 3699 quo
416 3613 481 3678 fuit
502 3635 584 3678 uxor
604 3613 692 3678 Luco
714 3612 755 3678 do
778 3611 939 3680 Golcuillo
959 3635 1018 3700 por
1038 3621 1241 3682 attornaturn
1310 3648 1323 3678 ο

138 3733 227 3780 suum
241 3717 330 3802 petit
347 3737 460 3780 uersus
479 3713 587 3780 Adam
608 3715 648 3780 dc
669 3714 876 3782 Merlcfordio
894 3723 931 3780 ct
948 3715 1088 3780 Abicicm
1107 3739 1241 3782 uxorem

138 3815 203 3882 cius
216 3819 352 3884 terciam
366 3827 494 3904 portem
508 3841 560 3884 xx.
572 3825 728 3884 conterre
743 3841 819 3886 cum
833 3827 915 3906 port
931 3819 967 3884 in
981 3819 1188 3885 Morlcfordr'o
1201 3831 1241 3888 ut

137 3919 241 3989 dotem
270 3945 366 3990 suam
394 3921 482 3990 unde
505 3922 671 4010 predictus
694 3923 799 3990 Lucos
824 3922 987 4008 quondam
1010 3923 1063 3988 uir
1084 3931 1144 3989 etc
1167 3947 1241 3992 cam

139 4025 260 4092 dotauit
289 4049 350 4114 per
378 4049 546 4092 assensum
569 4034 604 4092 et
629 4028 837 4092 uoluntatem
862 4027 987 4093 Thomo
1010 4027 1051 4094 do
1081 4024 1241 4096 coleuillo

138 4129 341 4218 primogeniti
354 4131 463 4197 fratris
477 4130 528 4196 sui
543 4130 600 4217 qui
615 4138 735 4196 terrum
750 4130 842 4196 illam
856 4131 967 4197 tonuit
981 4139 1041 4198 etc

170 4315 178 4347 ¹
196 4315 299 4370 scor.
311 4317 329 4372 ί.
343 4319 383 4374 93.
710 4317 952 4382 ΗὶκὴιωῈωοη.

168 4379 390 4447 ’Potorborougb
540 4413 542 4420 ·
744 4385 821 4436 ‘Soc
830 4385 874 4436 Br.
887 4385 905 4437 f.
919 4384 1000 4438 boob.

169 4443 180 4476 ⁸
194 4446 347 4500 thlveston
369 4449 423 4500 ond
440 4449 579 4512 Stonwiolr,
597 4465 660 4502 nour
743 4449 755 4484 ⁶
772 4449 913 4516 supplyet
