3167 5075
362 391 424 454 516
580 400 817 466 messanum,
839 401 903 450 an.
929 387 1022 464 1225,
1044 401 1106 450 aa
1130 390 1249 463 97-10.

358 574 400 639 de
428 581 516 639 recto
546 593 604 659 per
628 570 710 637 duos
734 594 836 638 annos
858 580 894 636 et
918 595 956 637 eo
979 573 1120 658 amplius
1145 573 1368 639 disseisiuerat
1394 597 1469 640 eum

357 678 445 744 idern
468 677 580 742 Abbas
599 675 641 742 de
661 676 775 741 eadem
796 684 891 756 terra,
907 685 942 742 et
963 676 1075 742 Abbas
1098 685 1177 742 tune
1200 679 1264 743 fuit
1286 678 1322 742 in
1344 677 1473 754 seisina,

357 782 407 846 ita
420 780 508 868 quod
525 781 595 867 ipse
614 779 716 845 nichil
734 780 811 845 inde
832 781 949 858 tenuit,
965 790 999 846 et
1018 790 1132 867 postea
1151 782 1230 847 dum
1250 781 1339 846 idem
1358 781 1474 846 Ricar-

358 885 420 950 dus
434 886 499 950 suit
518 885 554 950 in
573 884 834 970 peregrinacione
855 907 915 949 sua
933 885 1022 970 apud
1038 885 1069 951 S.
1084 887 1262 953 Jacobum¹
1276 888 1475 974 impetrauit

358 992 446 1057 idem
475 990 588 1056 Abbas
617 990 716 1054 breue
737 988 742 1076 1
760 989 843 1056 illud
873 989 914 1054 de
948 999 1037 1054 recto
1065 991 1107 1055 de
1138 1000 1224 1056 terra
1252 1015 1350 1078 quam
1382 993 1475 1058 idem

359 1096 471 1162 Abbas
485 1093 594 1160 tenuit
608 1092 643 1158 in
658 1115 757 1158 manu
772 1115 840 1169 sua,
856 1102 891 1158 et
906 1093 982 1158 inde
997 1094 1090 1180 ponit
1105 1117 1139 1160 se
1154 1119 1251 1181 super
1264 1096 1421 1162 iuratam.

425 1200 469 1264 Et
483 1197 595 1262 Abbes
609 1197 790 1283 dicitquod
811 1197 898 1262 idem
918 1197 1075 1264 Ricardus
1096 1199 1159 1264 fuit
1179 1201 1214 1264 iu
1234 1201 1355 1288 Anglia
1379 1209 1419 1266 et
1442 1201 1476 1266 in

360 1303 507 1392 partibus
528 1300 592 1366 illis
613 1299 742 1385 quando
762 1300 919 1385 placitum
939 1323 1035 1365 suum
1056 1311 1182 1366 motum
1201 1303 1264 1370 fuit
1283 1312 1319 1369 et
1338 1304 1476 1390 quando

359 1403 564 1491 recuperauit
589 1402 741 1466 seisinam
767 1424 826 1487 per
850 1402 1015 1482 defaltum,
1037 1411 1071 1468 et
1097 1404 1184 1469 idem
1210 1405 1371 1471 Rieardus
1396 1417 1476 1473 tunc

360 1509 424 1575 fuit
453 1508 488 1573 in
513 1505 639 1583 saisina,
668 1506 717 1570 ita
746 1513 858 1572 tamen
887 1507 975 1592 quod
1003 1529 1063 1593 per
1090 1509 1475 1594 superhabundacionem

360 1613 458 1678 maris
483 1612 548 1676 fuit
573 1619 660 1676 terra
684 1610 742 1675 illa
767 1618 907 1688 uastata,
933 1619 967 1677 et
995 1635 1163 1698 nunquam
1193 1635 1267 1678 aum
1297 1613 1379 1680 inde
1412 1616 1476 1680 dis-

358 1717 493 1784 seisiuit

425 1821 470 1886 Et
484 1819 642 1884 Rieardus
655 1819 803 1905 quesitus
817 1842 883 1906 qua
897 1820 977 1884 hora
990 1828 1025 1886 et
1045 1843 1108 1907 quo
1128 1843 1212 1886 anno
1231 1821 1295 1886 iuit
1318 1821 1355 1887 in
1381 1846 1475 1910 pere-

359 1924 578 2013 grinacionem
593 1946 695 2001 suam,
711 1922 792 1988 dicit
812 1923 898 2008 quod
918 1923 953 1988 in
973 1923 1229 2011 Quadragesima
1248 1926 1357 1992 tribus
1380 1929 1477 1994 annis

360 2026 530 2092 transactis
546 2033 580 2090 et
594 2024 681 2112 quod
695 2047 863 2110 nunquam
878 2025 1021 2111 aliquam
1041 2027 1327 2094 summonicionem
1350 2030 1475 2096 habuit

359 2154 420 2197 nec
434 2131 554 2196 habere
568 2129 678 2215 potuit
693 2152 731 2194 eo
746 2129 833 2215 quod
851 2137 970 2196 terram
991 2129 1082 2196 illam
1103 2155 1168 2197 non
1189 2133 1307 2210 tenuit,
1321 2135 1411 2220 quia
1426 2137 1476 2201 die

358 2244 394 2300 et
409 2234 488 2299 hora
501 2255 567 2319 qua
586 2255 662 2298 eum
682 2232 901 2319 implacitauit
921 2233 985 2298 fuit
1005 2234 1092 2300 idem
1112 2235 1223 2301 Abbas
1243 2236 1279 2301 in
1293 2237 1424 2304 saisina
1437 2239 1475 2303 de

359 2338 472 2404 eadem
502 2345 589 2402 terra
616 2343 651 2401 et
679 2359 807 2423 semper
835 2346 955 2423 postea,
984 2345 1019 2402 et
1055 2339 1131 2404 inde
1167 2339 1260 2425 ponit
1296 2363 1330 2406 se
1374 2366 1476 2430 super

359 2443 508 2508 iuratam.

424 2549 469 2613 Et
483 2547 595 2612 Abbas
609 2546 670 2611 huc
681 2553 789 2610 totum
805 2544 951 2611 defendit
966 2554 1001 2610 et
1015 2545 1096 2611 dicit
1110 2546 1196 2633 quod
1206 2546 1295 2612 idem
1306 2548 1475 2617 Rioerdus

359 2650 469 2716 tenuit
483 2650 549 2715 fere
563 2658 671 2714 totum
682 2648 863 2715 manerium
878 2648 961 2715 illud
976 2649 1017 2714 ad
1032 2650 1158 2714 firmam
1177 2650 1220 2715 de
1240 2651 1335 2717 domo
1352 2676 1428 2730 sua
1443 2669 1477 2720 et

358 2753 534 2840 quamdam
555 2762 681 2838 partem
701 2751 818 2816 habuit
840 2774 899 2838 per
917 2753 1198 2819 donumAbbatis
1217 2754 1388 2823 dohannis
1408 2758 1477 2823 sine

359 2880 516 2924 consensu
538 2856 736 2935 Conuentus‚
751 2865 786 2921 et
807 2856 889 2921 bene
909 2856 1055 2921 defendit
1076 2857 1161 2944 quod
1180 2867 1362 2945 antequam
1385 2886 1480 2927 recu-

358 2961 489 3049 perauit
524 2960 675 3024 saisinam
712 2980 770 3044 per
806 2958 961 3023 defaltam
997 2959 1122 3025 nullam
1158 2960 1236 3027 inde
1264 2962 1477 3029 disseisinam

359 3067 487 3143 fecerat,
503 3072 537 3128 et
554 3062 634 3127 ‘inde
654 3061 747 3148 ponit
766 3085 802 3127 se
822 3085 919 3148 super
933 3062 1081 3130 iuratam.
1125 3064 1171 3131 Et
1182 3065 1344 3132 Ricardus
1359 3068 1480 3133 simili-

359 3179 435 3234 ter.·
466 3168 511 3233 Et
536 3165 610 3231 ideo
635 3165 787 3252 procedat
810 3166 910 3231 assisa
930 3166 972 3230 ad
994 3166 1287 3252 recognoscendum
1309 3172 1391 3255 quis
1415 3172 1479 3236 fuit

357 3272 394 3337 in
408 3270 526 3336 saisina
540 3268 669 3356 quando
683 3268 796 3334 Abbas
811 3267 1029 3354 implacitauit
1044 3268 1228 3335 Ricardum.

423 3374 592 3439 duraturas
611 3372 726 3437 dicunt
745 3371 832 3457 quod
854 3372 1012 3437 Rieerdus
1033 3395 1147 3438 reuera
1168 3374 1278 3439 tenuit
1300 3384 1479 3444 tenemen-

358 3488 431 3543 tum
446 3477 529 3542 illud
543 3485 582 3541 ut
597 3497 692 3540 suum
713 3474 851 3541 liberum
872 3484 1107 3555 tenementum,
1122 3483 1156 3541 et
1176 3485 1256 3543 tune
1271 3480 1369 3545 uenit
1389 3504 1482 3547 mam

356 3591 394 3647 et
419 3580 516 3667 fregit
542 3578 681 3643 walliam
705 3588 740 3643 et
765 3602 853 3645 mare
876 3579 1178 3665 superhabundauit
1204 3579 1253 3646 ita
1273 3581 1365 3666 quod
1392 3592 1483 3649 tem

358 3684 526 3749 submersa
551 3680 626 3761 fuit,
648 3690 699 3746 set
724 3688 839 3767 postea
860 3682 948 3767 cepit
970 3682 1082 3749 Abbas
1104 3691 1211 3747 totum
1234 3684 1417 3753 comodum
1441 3688 1482 3754 de

358 3796 445 3853 terra
458 3785 515 3849 illa
534 3783 620 3849 sicut
638 3783 680 3848 de
700 3783 863 3871 herbagio,
878 3784 957 3871 quia
975 3786 1064 3871 cepit
1083 3785 1231 3851 denarios
1250 3787 1291 3851 de
1312 3787 1481 3879 herbagio

357 3890 398 3955 de
413 3888 531 3954 aueriis
546 3887 680 3953 alterius
695 3909 792 3973 quam
808 3888 949 3953 Abbatis
964 3897 998 3953 et
1013 3888 1182 3954 hominum
1202 3912 1344 3965 suorum,
1362 3904 1405 3958 et
1419 3896 1481 3961 hue

357 4002 465 4059 totum
480 3993 544 4057 fuit
558 3999 733 4078 antequam
749 3992 862 4058 Abbas
877 3992 1095 4079 implacitaret
1109 4016 1185 4058 eum
1206 3994 1240 4059 in
1261 3994 1356 4061 curia
1380 3999 1480 4067 Dour

357 4098 458 4186 Regis
480 4096 569 4184 apud
595 4096 929 4164 westmonasterium.
983 4097 1027 4163 Et
1052 4097 1138 4163 ideo*
1151 4098 1402 4169 consideratum
1430 4116 1481 4171 est

357 4202 443 4288 quud
457 4201 615 4266 Ricardus
629 4200 834 4287 recuperauit
848 4200 999 4265 saisinam
1014 4222 1105 4266 suam
1122 4209 1156 4265 et
1172 4200 1280 4266 Abba
1293 4202 1328 4266 in
1344 4206 1479 4276 mimi.

358 4306 465 4371 cordia
479 4314 539 4370 ete.
935 4314 937 4320 “

453 4399 456 4405 ’
778 4418 990 4481 ¹Compostella.
