3167 5075
312 423 546 484 tricassinus,
568 423 633 474 an.
658 412 751 487 1225,
773 425 835 475 aa.
860 413 977 480 9-10.
1130 415 1191 476 515

109 593 347 679 respondendum
376 617 442 681 quo
470 595 628 660 aduocato
657 618 692 661 se
721 605 815 662 tenet
840 599 875 666 in
901 600 1022 665 uicaria
1047 599 1192 666 eiusdem

108 698 223 764 ecclesie
238 707 296 765 etc.
1193 693 1195 700 ’

161 801 202 865 llt
219 801 377 866 Radulfus
396 801 490 867 uenit
510 809 545 866 et
563 801 645 867 dicit
664 804 751 889 quod
770 804 888 870 habuit
908 815 1116 892 personatum
1136 829 1194 893 per

106 903 268 970 Hemicum
289 905 395 970 filium
418 905 556 970 Comitis
577 905 658 972 dum
681 907 798 973 habuit
820 917 938 974 terram
962 909 1135 990 (loruubie,
1159 919 1194 975 ct

105 1007 185 1073 Dom.
209 1010 278 1074 Rex
304 1031 363 1096 per
386 1010 486 1075 finem
511 1033 609 1096 quem
634 1011 722 1077 idem
753 1012 915 1078 Hernicus
944 1013 1022 1078 fecit
1051 1035 1125 1078 cum
1155 1035 1193 1078 eo

104 1113 243 1177 coucemit
262 1113 349 1199 quod
368 1135 481 1178 omnes
497 1113 690 1179 donaciones
709 1137 790 1202 quas
811 1117 931 1182 fecerat
946 1116 1070 1182 clericis
1085 1127 1193 1182 essent

104 1215 244 1294 stabiles¹3
258 1227 293 1283 et
313 1241 401 1282 nunc
420 1217 560 1283 aduocat
580 1241 616 1283 ee
633 1241 692 1305 per
711 1219 804 1284 Dom.
822 1221 947 1306 Regem
962 1227 997 1284 et
1011 1221 1093 1286 dicit
1106 1221 1192 1306 quod

103 1320 246 1387 admissus
264 1323 330 1387 fuit
347 1345 407 1408 per
426 1323 703 1409 presentacionem
727 1323 868 1409 predicti
888 1324 1032 1400 Henrici,
1055 1332 1090 1390 et
1112 1325 1193 1390 dicit

103 1427 177 1510 quod
203 1427 244 1492 ad
272 1449 405 1512 presens
434 1427 535 1492 nichil
565 1428 686 1493 clamat
713 1429 778 1494 uisi
807 1438 1018 1514 personatum
1054 1430 1192 1496 duarum

102 1551 276 1596 mascarum.

157 1634 197 1698 Et
217 1635 375 1701 Ricardus
395 1635 438 1702 de
460 1637 611 1702 Elmham
632 1637 712 1702 dicit
731 1660 789 1724 pro
809 1639 903 1704 Dom.
919 1639 1010 1724 Rege
1028 1638 1114 1725 quod
1128 1658 1193 1703 non

100 1746 195 1821 potest
229 1761 300 1804 esse
335 1761 473 1825 persona
507 1762 567 1825 per
594 1739 775 1804 Henricum
804 1740 909 1805 filium
940 1731 1087 1818 Comitis,
1116 1742 1194 1828 quia

100 1839 251 1906 lohannes
265 1841 308 1906 de
323 1841 467 1907 Plesetto
486 1842 551 1906 fuit
569 1841 646 1906 inde
665 1863 803 1928 persona
814 1833 862 1907 'er
882 1843 965 1908 dono
985 1844 1077 1910 Dom.
1093 1845 1193 1932 Regis

98 1941 133 2019 J„
151 1944 277 2010 atinde
297 1946 419 2030 profert
440 1952 509 2022 etc,
529 1967 593 2031 que
615 1952 758 2009 testatur
778 1952 849 2022 eta,
863 1953 897 2010 et
919 1945 1006 2011 idem
1027 1946 1194 2012 Johannes

99 2045 170 2112 obiit
182 2049 326 2114 nondum
341 2071 426 2114 anno
440 2071 506 2114 uno
521 2049 681 2135 completo
696 2057 755 2115 eto.

154 2151 196 2216 Et
209 2151 372 2216 Radulfus
385 2152 466 2217 dicit
484 2151 571 2238 quod
591 2151 759 2217 Johannes
777 2174 945 2239 nunquam
963 2152 1039 2219 inde
1060 2174 1195 2239 persona

97 2254 160 2333 ibit,
179 2279 239 2322 nec
260 2255 386 2342 aliquid
407 2256 483 2321 inde
506 2256 660 2342 percepit,
681 2257 782 2321 immo
808 2257 969 2322 Henricus
995 2257 1036 2322 de
1058 2249 1194 2322 Matisco

97 2358 168 2423 obiit
181 2359 258 2424 inde
273 2380 410 2445 persona
424 2358 465 2423 de
480 2357 566 2423 dono
579 2358 718 2424 Comitis
738 2359 935 2446 Reginaldi²,
951 2368 986 2424 et
1005 2358 1081 2424 inde
1102 2359 1195 2445 ponit

96 2485 125 2527 se
137 2487 231 2552 super
244 2466 396 2530 iuratam.

152 2569 195 2632 Et
214 2569 384 2634 «lohannes
405 2567 486 2632 Wac
507 2589 572 2631 non
594 2568 696 2644 uenit,
717 2576 752 2633 et
774 2577 963 2654 preceptum
988 2568 1052 2633 fuit
1075 2566 1195 2653 pluries

96 2668 242 2758 Episcopo
257 2671 433 2736 Exoniensi
452 2672 539 2757 quod
557 2670 768 2758 distringeret
786 2694 863 2737 eum
883 2681 918 2737 et
938 2672 1073 2737 haberet
1092 2671 1195 2737 illum.

96 2773 134 2838 Et
155 2776 333 2863 Episcopus
355 2776 449 2840 uenit
471 2784 507 2841 et
530 2797 596 2839 non
621 2776 722 2841 habet
745 2776 886 2841 eundem
910 2776 1094 2841 Johanuem
1118 2776 1196 2862 quia

93 2900 150 2943 non
178 2890 231 2945 est
259 2879 406 2945 residens
433 2880 469 2944 in
497 2882 687 2968 episcopatu
716 2902 783 2957 suo,
810 2887 861 2943 set
886 2878 967 2943 dicit
996 2879 1082 2965 quod
1108 2878 1195 2964 cepit

93 2980 279 3049 beneficium
294 3006 390 3048 suum
405 2983 440 3048 iu
454 3006 588 3049 manum
604 3007 697 3049 suam
712 2984 773 3049 etc.

56 3087 64 3147 ζ
149 3086 278 3154 'Assisa
300 3089 395 3154 uenit
416 3090 623 3176 recognitum
641 3090 670 3154 si
688 3089 801 3154 Abbas
821 3088 866 3177 de
881 3088 973 3153 Bello
993 3088 1114 3152 iniuste
1134 3096 1193 3153 etc.
1273 3115 1316 3144 en·

92 3189 261 3258 disseisiuit
292 3192 468 3257 Ricardum
498 3194 603 3258 Lucet
639 3194 680 3257 de
718 3192 820 3257 libero
850 3198 1038 3257 tenemento
1072 3212 1131 3255 suo
1160 3190 1196 3254 in

93 3294 330 3382 Dingelmareis
346 3304 422 3382 post
439 3295 500 3360 ult'
514 3305 574 3361 etc
620 3296 665 3360 Et
684 3296 797 3360 Abbas
817 3294 911 3359 uenit
930 3301 965 3358 et
984 3293 1069 3358 dixit
1088 3316 1195 3358 coram

91 3395 272 3465 iusticiariis
297 3399 530 3466 itinerantibus
553 3398 639 3485 quod
665 3398 765 3463 assisa
789 3420 855 3462 non
881 3395 996 3461 debuit
1018 3396 1094 3460 iude
1115 3396 1194 3472 fieri,

92 3502 162 3584 quia
195 3502 239 3568 de
277 3503 390 3568 eadem
427 3511 515 3568 terra
549 3502 769 3588 implacitauit
797 3500 885 3566 idem
915 3500 1026 3565 Abbas
1055 3499 1195 3566 eundem

92 3602 261 3671 Ricardum
282 3605 428 3671 incuria
449 3606 542 3671 Dom
558 3605 659 3693 Regis
680 3604 767 3690 apud
790 3602 1116 3669 Westmouaeterium
1138 3626 1197 3689 per

91 3706 183 3773 breue
204 3709 248 3774 de
271 3717 369 3787 recto,
383 3718 419 3775 et
440 3720 559 3775 terram
581 3709 672 3773 illam
693 3708 900 3794 recuperauit
920 3728 1034 3773 uersus
1055 3708 1195 3773 eundem

91 3809 260 3877 Ricardum
276 3833 335 3898 per
348 3812 506 3877 iudicium
527 3811 615 3876 curie
634 3834 694 3898 per
713 3810 869 3876 defaltum
888 3810 991 3896 ipsius
1006 3810 1145 3888 Ricardi,
1161 3820 1196 3875 et

90 3912 160 3978 iude
173 3916 310 3981 uocauit
324 3916 447 3979 curiam
461 3914 504 3979 ad
518 3924 707 3979 warantum.

89 4054 94 4061 ·
149 4015 194 4082 Et
222 4018 384 4083 Ricardus
409 4020 503 4083 uenit
532 4027 567 4085 et
596 4019 677 4084 dicit
703 4019 789 4104 quod
813 4018 854 4083 de
880 4018 994 4083 eadem
1020 4028 1107 4084 terra
1129 4040 1194 4083 non

91 4124 195 4207 potuit
218 4146 284 4188 nec
307 4122 424 4189 debuit
449 4146 524 4189 eum
548 4126 760 4211 implacitare,
782 4124 861 4210 quia
885 4133 962 4189 ante
987 4124 1087 4189 breue
1113 4124 1196 4190 illud

120 4302 181 4352 ¹As
196 4308 225 4355 to
241 4303 290 4354 the
302 4303 469 4367 proceediugs
485 4305 515 4355 ol
528 4305 619 4367 Henry
669 4319 718 4355 son
730 4305 759 4354 ol
773 4304 908 4365 Regmuu,
920 4305 982 4355 Earl
994 4306 1022 4355 ol
1032 4306 1167 4365 Gomwall,
1180 4321 1197 4355 a

90 4366 145 4417 riez
157 4369 254 4431 Conni,
267 4384 309 4419 sec
321 4371 387 4419 Caso
399 4371 472 4419 1512.
669 4370 774 4436 bastard
785 4386 834 4419 son
845 4371 874 4419 ol
884 4371 974 4433 Henry
985 4372 1007 4419 l.

121 4434 242 4498 ’Henry
252 4434 311 4484 Fitz
323 4436 408 4485 (locut
423 4434 618 4485 wasabastard
701 4436 758 4484 Ἀ,
771 4449 807 4484 m.
820 4436 864 4493 113
882 4436 912 4483 B.
925 4451 959 4485 m.
973 4438 996 4485 9.

1004 4530 1110 4592 33-2
