3167 5075
401 400 555 467 rurum,
576 400 640 455 no.
666 388 760 465 1220,
783 402 847 453 ns.
871 390 899 455 4.
1141 392 1203 457 381

110 578 291 647 nominatim
316 579 431 646 dotata
455 580 519 645 fuit
544 579 587 645 nd
612 577 756 644 hostiurn
779 578 967 645 monasterii
992 577 1033 645 de
1057 588 1144 645 terro
1165 579 1206 645 de

113 683 355 772 Ermingewello,
377 693 413 749 et
435 684 508 770 ipsa
536 682 645 748 tenuit
673 703 708 747 se
737 682 815 747 inde
843 690 992 769 pacatam
1023 690 1057 747 et
1086 692 1206 749 terram

110 786 191 852 illum
211 794 302 851 tenet
323 787 359 851 in
385 786 505 862 dotem,
526 793 561 850 et
580 784 657 849 inde
676 783 770 870 ponit
791 804 827 849 se
849 807 947 871 super
967 785 1115 851 iuratam.
1162 787 1208 851 Et

109 890 172 981 ipsu
183 891 340 956 similiter.
385 890 430 955 Et
443 890 517 955 ideo
531 890 591 954 fist
604 889 681 956 inde
700 890 809 955 iurato
823 902 858 955 et
872 891 986 956 ueniet
1001 891 1061 955 teli
1075 891 1129 957 die
1145 899 1206 958 etc.

109 994 145 1058 ud
167 992 456 1081 recognoscendum
479 993 509 1057 si
537 992 703 1078 predictus
728 993 891 1059 Robertus
917 994 971 1059 die
995 1002 1054 1059 etc.
1077 994 1206 1061 dotauit

109 1118 172 1162 cam
193 1105 324 1163 tontum
346 1097 388 1161 de
410 1104 499 1160 term
521 1095 562 1160 de
588 1095 838 1182 Ermingerrells
859 1095 914 1163 uel
936 1118 1009 1175 non,
1028 1106 1063 1162 et
1084 1098 1113 1163 si
1134 1098 1206 1185 ipss

108 1199 206 1264 tenuit
219 1221 253 1264 se
267 1199 347 1264 inde
362 1207 512 1285 pacatam
526 1220 587 1262 nec
600 1220 642 1262 ne
657 1205 717 1263 etc
766 1258 777 1275 ,

59 1305 78 1365 ’.
163 1303 328 1369 ¹Warinus
349 1302 437 1367 filius
457 1301 615 1366 Willelmi
633 1302 791 1367 inuentus
810 1300 941 1367 seisitus
955 1324 1030 1367 cum
1045 1325 1073 1369 v.
1089 1304 1206 1369 ouibus

107 1428 176 1489 quos
197 1407 374 1472 Gaufridus
395 1406 483 1469 filius
505 1403 666 1469 Gileberti
685 1403 766 1469 dicit
786 1426 856 1470 esse
877 1415 1007 1471 suaset
1029 1407 1060 1472 ei
1083 1410 1205 1473 furatos

106 1513 237 1598 appellat
261 1511 441 1577 Ricardum
465 1510 506 1575 de
527 1510 692 1575 Wermole
713 1511 801 1597 quod
826 1512 900 1577 illas
926 1512 957 1576 ei
983 1512 1121 1579 tradidit
1145 1513 1206 1579 du-

106 1615 210 1680 cendos
238 1613 442 1681 Londonism
471 1622 507 1678 et
535 1612 596 1677 hoc
626 1614 721 1679 offert
745 1614 882 1701 probare
907 1638 1021 1681 uersus
1046 1639 1122 1682 eum
1148 1640 1207 1703 per

105 1740 208 1804 corpus
229 1741 328 1784 suum
349 1726 410 1783 etc
456 1717 501 1782 Et
524 1716 683 1782 Rioardus
705 1718 800 1782 uenit
820 1726 855 1783 et
875 1718 1022 1785 defendit
1042 1729 1148 1786 totum
1164 1722 1205 1786 do

105 1822 193 1886 uerbo
209 1822 245 1887 in
265 1822 416 1897 uerbum,
432 1829 468 1886 et
488 1820 575 1907 quod
593 1841 762 1907 nunquam
783 1822 856 1887 illus
876 1822 907 1887 ei
929 1823 1076 1902 tradidit,
1092 1833 1127 1889 et
1146 1826 1206 1890 hoc

104 1926 188 1991 offert
215 1925 394 1993 defendere
421 1948 482 2012 per
511 1948 626 2013 eorpus
654 1949 752 1992 suum
775 1936 835 1993 etc.
881 1927 1131 1995 Consideratum
1155 1939 1205 1995 est

104 2030 180 2114 quod
200 2030 353 2097 duellum
376 2030 421 2095 sit
443 2030 533 2094 inter
555 2052 610 2095 eos
634 2038 669 2095 et
692 2031 829 2096 uenient
849 2031 908 2097 tali
928 2032 982 2098 die
1004 2034 1122 2099 armati
1143 2042 1204 2100 eto.

103 2134 149 2198 Ad
161 2158 259 2221 quem
276 2134 368 2199 diem
384 2141 549 2199 uenerunt
562 2142 598 2198 et
612 2134 770 2199 Ricardus
784 2136 894 2201 uictus
908 2136 989 2201 fuit’
1002 2144 1062 2202 etc

56 2228 73 2291 5·
157 2237 1048 2328 'Johannesdessriwes,so1danusOliuer‚Rogemsde
1061 2240 1206 2326 Keymes
1245 2266 1336 2309 summ

102 2351 132 2405 et
144 2344 302 2409 Osbertus
315 2343 404 2409 filius
417 2341 576 2407 Willelmi
590 2341 647 2429 iiij
663 2342 786 2408 milites
800 2342 841 2408 de
857 2344 1016 2409 comitatu
1034 2345 1125 2409 missi
1145 2367 1203 2431 pro
1216 2388 1319 2475 ΨΜ
1328 2401 1360 2431 ,ᾗ

102 2446 249 2512 comitutu
275 2447 321 2512 od
345 2445 530 2512 faciendum
555 2446 723 2511 recordum
752 2446 794 2511 do
823 2446 952 2533 loquela
981 2470 1044 2534 que
1073 2448 1138 2513 fuit
1167 2450 1203 2514 in
1215 2442 1333 2525 3⁰02&

102 2551 204 2615 eodem
228 2551 390 2616 comitatu
410 2551 498 2615 inter
517 2550 689 2616 Matheum
709 2551 751 2616 de
774 2551 955 2617 Oliuedeno
976 2559 1145 2638 petentem
1168 2561 1203 2620 ot

99 2654 275 2722 Johannem
291 2656 333 2720 de
348 2655 424 2720 Ken
438 2663 608 2721 tenentem
627 2653 669 2720 de
689 2655 782 2720 feodo
805 2656 943 2721 duorum
964 2656 1108 2723 militum
1128 2681 1203 2724 cum

98 2769 169 2842 pert
190 2761 227 2825 in
251 2761 332 2825 Ken
354 2768 390 2825 et
410 2759 548 2846 Hywis⁴,
566 2758 655 2826 uude
678 2759 766 2826 idem
791 2760 958 2828 Johonnes
982 2772 1117 2849 questus
1138 2763 1204 2829 fuit

98 2865 175 2950 quod
199 2868 322 2932 falsum
344 2864 503 2930 iudicium
524 2864 588 2930 sibi
610 2865 733 2930 factum
753 2865 818 2931 fuit
840 2866 876 2930 in
899 2866 1014 2932 eodem
1036 2869 1202 2945 comitatu,

100 2970 229 3036 ueniunt
255 2979 294 3036 et
316 2969 525 3036 recordantur
548 2970 634 3057 quod
664 2968 818 3036 Mothous
843 2970 884 3035 de
914 2970 1095 3037 Oliuedonn
1123 2971 1203 3037 tulit

99 3071 190 3137 breue
211 3073 309 3138 Dom
329 3072 430 3159 Regis
450 3071 493 3136 de
514 3078 603 3136 recto
625 3070 786 3136 directum
811 3071 968 3159 Episcopo
990 3073 1203 3138 Bethoniensi

101 3175 178 3260 quod
197 3176 337 3263 plenum
355 3182 482 3240 rectum
502 3175 534 3239 ei
553 3182 683 3240 teneret
697 3174 739 3240 de
753 3197 810 3240 sex
826 3175 912 3241 hidis
927 3184 1011 3241 terre
1026 3199 1100 3242 oum
1120 3184 1202 3262 pert.

98 3277 129 3340 in
142 3279 217 3344 Ken
232 3288 269 3344 et
283 3277 321 3343 in
334 3277 440 3343 Hiwis
454 3300 534 3364 quus
547 3277 571 3343 J
572 3278 715 3343 ohannes
729 3277 771 3343 de
787 3277 864 3344 Ken
876 3279 993 3344 tenuit.
1037 3279 1200 3343 ‘Tandem

98 3379 176 3446 idem
191 3382 350 3447 Matheus
365 3381 459 3446 uenit
478 3381 522 3446 ud
541 3381 734 3446 comitatum
750 3387 785 3446 et
800 3381 996 3446 monstrauit
1010 3382 1097 3468 qnod
1112 3383 1202 3447 curia

99 3483 242 3572 Episcopi
269 3483 432 3548 defecerat
458 3483 490 3548 ei
514 3484 555 3549 de
584 3483 716 3548 iusticia
741 3491 777 3547 et
806 3483 985 3549 secundum
1014 3485 1137 3572 legem⁶
1165 3493 1200 3550 et

97 3609 185 3653 usum
209 3588 389 3654 comitatus
411 3587 530 3653 missus
549 3587 614 3652 fuit
634 3586 894 3674 adprobandum
910 3588 1122 3668 defaltom‚‚et
1143 3589 1201 3657 illo

95 3694 232 3776 probat-s,
258 3691 360 3757 rediit
389 3692 432 3758 od
460 3693 662 3772 comitatum,
688 3700 723 3759 et
751 3694 990 3760 consideratum
1020 3695 1083 3760 fuit
1113 3697 1199 3781 quod

93 3797 257 3865 Johnnnes
286 3808 555 3876 summoueretur,
583 3807 618 3864 et
647 3799 865 3865 summonitus
893 3801 956 3866 fuit
985 3800 1028 3865 od
1057 3823 1126 3866 esse
1157 3800 1199 3866 od

94 3903 275 3985 proximum
309 3904 501 3968 comitatum
535 3903 613 3968 inde
641 3925 853 3988 responsurus
881 3903 1027 3989 predicto
1056 3903 1198 3969 Matheo.

94 4005 144 4069 nd
167 4006 366 4071 comitatum
390 4005 483 4070 illum
510 4006 604 4071 uenit
627 4005 781 4072 Motheus
806 4015 841 4071 et
867 4006 987 4092 optulit
1013 4029 1047 4071 se
1073 4015 1142 4085 etc,
1165 4017 1200 4072 et

95 4107 260 4174 Johnnnes
285 4131 351 4173 non
377 4109 470 4174 uenit
493 4133 553 4176 nec
578 4133 613 4175 se
639 4111 816 4176 essoniauit
841 4119 902 4176 etc.
928 4120 963 4176 et
988 4111 1199 4177 summonicio

124 4237 134 4269 ¹
148 4239 179 4287 Α.
190 4254 227 4290 m.
243 4238 315 4296 19d;
332 4237 363 4289 B.
377 4253 413 4289 m.
427 4239 466 4288 10.
664 4238 963 4303 Westonsuper-Msre.

124 4303 135 4332 ¹
151 4303 253 4367 Supply
263 4311 288 4353 et
299 4305 356 4353 ideo
367 4307 540 4368 suspendatur,
554 4305 585 4354 A.
704 4304 715 4336 ⁶
730 4305 829 4354 Booord
841 4305 870 4355 oi
879 4304 924 4354 the
935 4308 1032 4368 county
1043 4304 1188 4357 continues.

124 4367 135 4400 ¹
149 4369 179 4417 A.
191 4384 229 4418 m.
242 4370 294 4430 20;
310 4368 341 4417 B.
353 4383 390 4417 m.
402 4369 433 4418 10
442 4368 466 4417 d.
704 4369 716 4403 ⁶
734 4369 834 4434 Supply
845 4377 916 4431 terre,
930 4369 960 4428 A,
972 4369 1003 4419 Β.

123 4433 290 4495 ‘Glevedon
321 4433 407 4494 Kenn,
430 4434 532 4494 Huish,
559 4450 623 4486 neor
