3167 5075
363 359 427 422 464
675 369 819 434 rrrmnr,¹
839 369 903 418 nn.
929 356 1023 432 1223,
1044 369 1106 418 nr.
1129 354 1159 421 7.

361 539 542 605 manerium
565 538 648 604 illud
670 537 712 604 de
735 539 834 605 ballio
857 539 951 606 Dom.
976 540 1076 626 Regis
1099 539 1184 606 sicut
1207 539 1383 626 predictum
1402 545 1459 612 cst,

362 645 454 710 uenit
478 653 512 710 et
535 644 699 732 cognoscit
721 644 809 730 quod
831 667 946 710 reuera
969 644 1050 709 illud
1073 644 1182 709 tenuit
1201 644 1241 708 ad
1259 642 1457 708 uoluntatem

361 750 457 814 Dom.
473 749 574 836 Regis
589 749 630 814 de
646 749 744 814 ballio
758 749 862 835 patris
876 750 936 827 sui,
954 758 988 813 et
1010 749 1110 813 nichil
1132 748 1213 813 dicit
1233 747 1273 812 de
1293 749 1353 812 hoc
1376 746 1458 832 quod

361 856 459 919 finem
480 855 573 919 illum
595 854 679 919 fecit.
726 855 785 920 Set
809 863 886 920 ante
910 854 1067 919 iudicium
1090 853 1178 918 illius
1199 853 1320 939 loquele
1339 853 1460 917 factum

361 958 578 1023 summonitus
593 958 656 1022 fuit
671 957 758 1022 idem
780 959 943 1024 Henricus
963 958 1004 1023 de
1025 957 1113 1042 Oylli
1132 958 1174 1022 ad
1195 957 1461 1021 warentizandum

361 1063 506 1149 predicto
522 1063 618 1127 Petro
631 1063 816 1149 predictum
831 1062 1012 1127 manerium
1027 1061 1068 1126 de
1083 1061 1284 1126 Watlintona
1297 1081 1373 1124 cum
1386 1069 1463 1145 pert

362 1166 447 1252 quod
462 1165 571 1231 tenuit
586 1167 675 1231 etde
691 1189 729 1231 eo
743 1176 856 1232 tenere
871 1165 1026 1231 clamauit
1041 1175 1075 1230 et
1089 1165 1176 1231 unde
1191 1175 1311 1230 cartam
1322 1163 1464 1229 eiusdem

363 1270 499 1335 Henrici
521 1269 646 1349 habuit,
672 1293 771 1357 quam
795 1270 933 1358 protulit
957 1278 991 1335 et
1015 1293 1078 1356 que
1102 1278 1252 1347 testatur,
1272 1269 1358 1356 quod
1381 1269 1464 1332 idem

364 1375 525 1441 Henricus
546 1375 637 1440 dedit
660 1377 765 1441 eidem
786 1376 883 1440 Petro
905 1375 1087 1460 predictum
1102 1374 1282 1438 manerium
1297 1396 1373 1437 cum
1390 1381 1465 1458 pert.

363 1488 423 1546 etc
447 1488 482 1546 et
507 1480 589 1546 illud
616 1481 722 1546 eidem
749 1480 846 1545 Petro
872 1488 906 1545 et
931 1479 1105 1544 heredibus
1130 1479 1198 1542 suis
1223 1485 1336 1543 contra
1360 1498 1468 1540 omnes

363 1582 509 1648 homines
524 1583 746 1648 warentizabit
761 1591 833 1658 etc..
849 1582 898 1646 ita
911 1583 998 1667 quod
1014 1580 1177 1646 Henricus
1192 1601 1251 1666 per
1263 1578 1470 1643 summonici-

362 1709 457 1751 onem
480 1695 540 1752 etc.
561 1686 655 1751 uenit
676 1708 735 1772 per
754 1694 957 1751 attornatum
979 1707 1075 1750 suum
1104 1695 1139 1750 et
1167 1683 1322 1771 cognouit
1351 1693 1469 1748 cartam

363 1813 465 1869 suom,
486 1798 521 1855 et
543 1790 685 1876 quesiuit
708 1790 781 1876 quis
804 1791 835 1855 ei
857 1790 1037 1855 molestiam
1061 1789 1193 1858 inferret
1209 1797 1243 1853 et
1258 1811 1359 1875 quare
1375 1787 1471 1874 peciit

363 1893 559 1959 warentiam
605 1894 648 1959 Et
678 1894 794 1959 Petrus
823 1895 988 1981 respondit
1017 1894 1104 1981 quod
1132 1892 1262 1958 audiuit
1290 1893 1358 1957 dici
1391 1891 1470 1978 quod

244 2057 247 2063 ,
363 1998 458 2063 Dom.
473 1999 545 2062 Rex
559 1997 600 2061 de
615 1997 728 2062 eodem
743 1998 887 2063 manerio
906 2021 981 2063 eum
1003 1996 1198 2062 conueniret.
1246 1996 1289 2061 Et
1311 1996 1473 2061 Henricus

364 2103 449 2169 dixit
470 2102 558 2189 quod
579 2101 720 2167 libenter
741 2102 773 2167 ei
795 2101 976 2167 manerium
998 2101 1080 2166 illud
1109 2100 1334 2166 warentizabit
1364 2111 1474 2166 contra

364 2229 475 2272 omnes
496 2205 643 2272 homines
664 2213 870 2292 preterquam
893 2215 1005 2270 contra
1027 2206 1120 2271 Dom.
1144 2205 1277 2291 Regem,
1308 2213 1344 2269 et
1378 2207 1474 2291 petit¹

364 2311 521 2377 iudicium
543 2311 571 2375 si
592 2317 705 2375 contra
726 2310 819 2375 Dom
843 2310 967 2396 Regem
990 2309 1108 2374 debent
1123 2308 1155 2374 ei
1169 2308 1394 2375 warentizare.
1437 2310 1476 2373 Et

365 2417 482 2481 Petrus
502 2415 601 2500 petit¹
623 2414 773 2480 similiter
795 2413 952 2478 iudicium
974 2411 1100 2479 desicut
1122 2412 1308 2477 continetur
1329 2413 1370 2476 in
1394 2428 1477 2478 carta

366 2520 451 2607 quod
473 2517 654 2584 manerium
675 2518 756 2584 illud
778 2517 1002 2583 warentizabit
1024 2516 1056 2582 ei
1075 2525 1188 2581 contra
1201 2538 1312 2581 omnes
1327 2515 1478 2583 homines

366 2632 401 2691 et
415 2648 480 2690 non
495 2624 615 2711 excipit
630 2624 723 2689 Dom
739 2623 862 2709 Regem
880 2622 933 2687 uel
947 2622 1057 2687 alium.
1102 2620 1200 2687 Unde
1215 2621 1292 2707 quia
1313 2621 1480 2687 Henricus

367 2728 530 2815 cognoscit
545 2736 668 2793 cartam
682 2750 783 2800 suam,
800 2736 834 2791 et
849 2734 997 2812 preterea
1018 2726 1111 2790 Dom.
1135 2724 1205 2789 Rex
1227 2746 1291 2789 non
1314 2727 1482 2813 excipitur

367 2832 403 2896 in
417 2840 506 2896 carta
519 2834 573 2897 uel
588 2832 672 2896 alius
686 2839 845 2917 quantum
860 2831 902 2894 ad
918 2828 1221 2905 warentizacionem
1236 2829 1482 2895 consideratum

368 2944 419 3000 est
447 2937 534 3021 quod
563 2935 724 3000 Henricus
753 2934 851 2999 faciat
886 2932 1082 2998 escambium
1118 2932 1264 3019 predicto
1300 2934 1412 3000 Petro
1446 2936 1482 2999 ad

368 3038 547 3103 ualenciam
568 3039 707 3125 predicti
728 3036 865 3103 manerii
887 3058 961 3101 cum
983 3046 1074 3122 pert,
1100 3045 1134 3102 et
1163 3036 1250 3123 quod
1278 3036 1383 3105 Dom.
1419 3041 1484 3105 Rex

369 3143 488 3208 habeat
502 3142 654 3207 seisinam
669 3165 762 3207 suam
776 3142 817 3207 de
829 3141 973 3205 manerio
986 3140 1132 3227 predicto
1153 3164 1227 3205 oum
1245 3150 1327 3227 pen
1351 3154 1395 3211 ct
1418 3147 1485 3211 finis

368 3246 445 3311 inde
459 3245 546 3311 inter
560 3268 613 3311 eos
628 3248 732 3311 factus
745 3246 878 3331 penitus
892 3243 1117 3321 adnichiletur,
1132 3252 1165 3309 et
1180 3245 1258 3331 quia
1272 3245 1380 3312 finem
1408 3250 1487 3315 sece-

370 3357 448 3415 runt
459 3350 499 3415 de
514 3349 658 3415 manerio
672 3349 765 3414 Dom.
782 3348 883 3436 Regis
897 3349 966 3413 sine
982 3371 1028 3425 eo,
1044 3356 1181 3434 uterque
1195 3348 1338 3434 ipsorum
1368 3352 1487 3419 Petrus

370 3463 405 3520 et
428 3455 589 3520 Henricus
614 3454 649 3519 in
670 3454 889 3519 misericordia
910 3454 1003 3519 Dom.
1024 3453 1124 3540 Regis
1145 3474 1203 3539 pro
1225 3460 1487 3541 transgressione

371 3557 429 3624 illa
442 3565 502 3623 etc.

241 3681 334 3746 1590,
435 3662 474 3728 'J
474 3671 569 3728 urata
582 3661 675 3729 uenit
689 3662 895 3748 recognitura
910 3684 949 3726 ex
965 3683 1121 3727 consensu
1135 3661 1280 3747 parcium
1295 3662 1324 3727 si
1338 3664 1491 3733 Thomas

249 3782 319 3832 snos
371 3766 458 3833 filius
473 3767 596 3833 Odonis
610 3766 772 3853 quondam
787 3766 840 3830 uir
853 3765 1013 3853 Margerie
1034 3765 1074 3830 de
1095 3764 1326 3831 Ohabbewour’
1341 3768 1410 3835 die
1432 3794 1492 3859 quo

371 3871 579 3958 desponseuit
594 3871 699 3957 ipsam
714 3870 908 3957 Margeriam
920 3869 1030 3935 tenuit
1040 3869 1221 3934 manerium
1233 3868 1273 3933 de
1283 3869 1493 3965 Taaeelegm

371 3998 446 4041 cum
460 3984 541 4062 pert.
559 3975 594 4040 in
608 3975 701 4041 feodo
714 3974 764 4040 ita
777 3973 864 4060 quod
878 3996 950 4039 eam
965 3974 1077 4039 dotare
1091 3972 1201 4059 potuit
1213 3972 1255 4039 de
1270 3976 1384 4043 tercia
1400 3991 1494 4067 parte

371 4103 432 4145 nec
446 4102 497 4157 ne,
512 4080 565 4144 uel
580 4080 610 4145 si
623 4080 710 4145 idem
728 4079 868 4144 Thomas
885 4078 1067 4142 manerium
1085 4076 1167 4141 illud
1186 4076 1297 4142 tenuit
1320 4080 1369 4146 de
1395 4084 1495 4151 bullio

257 4217 261 4222 ·
372 4184 467 4251 Dom.
482 4185 524 4250 H.
540 4184 641 4272 Regis
661 4183 718 4253 aui
739 4184 833 4250 Dom.
849 4182 949 4271 Regis
971 4182 1051 4248 dum
1066 4180 1253 4247 Willelmus
1272 4182 1371 4252 filius
1393 4192 1494 4259 Alani

567 4390 721 4454 ¹mmn
1110 4387 1312 4440 ‘annu
