3167 5075
409 363 767 440 unumunurm,
789 375 851 426 nn
875 366 905 429 4.
1145 366 1209 429 355

119 560 151 617 et
170 560 353 639 preceptum
376 550 439 616 fuit
460 550 645 617 uicecomiti
664 551 751 638 quod
765 551 959 617 attechin'ret
974 558 1058 631 eum,
1073 562 1109 619 et
1123 556 1210 621 uice-

118 680 213 723 comes
226 680 289 723 non
303 656 393 723 misit
408 656 540 721 nomina
553 656 734 742 plegiorum
749 663 783 721 et
798 656 872 721 ideo
892 656 1071 725 uicecomes
1090 660 1210 727 hebeat

117 784 219 847 corpus
233 761 303 827 eius
316 768 351 825 et
364 759 544 825 uicecomes
558 758 601 823 sit
615 758 787 823 auditurus
802 768 863 825 etc
884 757 890 846 Ι
1260 819 1340 868 [m]
1532 841 1533 882 p

53 876 85 941 95.
174 865 349 931 'dohannes
371 864 579 929 Msrescullus
601 863 701 949 peciit
727 886 840 929 uersus
866 864 1008 930 Priorem
1032 867 1075 932 de
1098 868 1210 933 Leues
1253 885 1335 925 sum
1532 947 1533 956 ἵ

76 975 79 979 ’
115 968 349 1034 eduocecionem
378 967 511 1033 ecclesie
540 967 581 1031 de
612 966 773 1032 Stodhnl''
803 976 841 1033 ut
870 968 922 1034 ius
950 992 1047 1036 suum
1076 974 1145 1051 eto,
1174 983 1210 1038 et

115 1082 147 1138 ut
160 1074 243 1139 illem
259 1073 346 1139 unde
361 1073 543 1139 Joscelinus
565 1074 595 1137 lc
616 1071 805 1139 Chesteleiu
826 1074 890 1138 fuit
911 1074 1042 1141 seisitus
1063 1084 1208 1162 tempore

114 1176 150 1241 H.
164 1176 258 1263 Regis
272 1176 328 1241 eui
348 1183 418 1251 etc,
433 1174 482 1239 ite
503 1172 590 1259 quod
612 1174 815 1259 presenteuit
837 1175 1011 1262 quemdem
1032 1176 1208 1243 Ricardum

111 1288 164 1345 etc
205 1280 300 1345 Idem
327 1278 509 1343 Josoelinus
534 1276 626 1343 dedit
649 1284 770 1342 terrum
796 1277 886 1342 illem
912 1278 948 1343 in
972 1302 1039 1365 qun
1066 1280 1130 1345 situ
1158 1292 1209 1347 est

112 1383 234 1448 ecclesie
261 1383 321 1449 illa
349 1381 487 1447 Ricardo
517 1382 557 1446 de
587 1382 689 1467 Percy
714 1382 771 1469 qui
801 1391 921 1447 terrem
951 1384 1088 1450 eundem
1117 1386 1208 1451 dedit

110 1485 205 1551 eidem
219 1484 365 1551 Johanni
380 1506 439 1571 pro
453 1484 603 1571 homagio
619 1493 653 1550 et
674 1484 810 1549 seruicio
825 1507 892 1558 suo,
908 1493 943 1550 ct
956 1487 1043 1572 petit
1056 1488 1208 1554 seisinem
1248 1544 1251 1552 .
1335 1495 1338 1551 ἶ

111 1591 237 1675 predicti
250 1591 275 1657 J
275 1590 415 1655 oscelini

167 1696 208 1760 Et
215 1695 424 1783 Augustinus
431 1703 615 1761 attornetus
624 1694 742 1759 Prioris
750 1694 791 1760 de
801 1694 912 1761 Leues
920 1697 1013 1761 uenit
1021 1707 1055 1763 et
1062 1698 1208 1763 defendit

109 1800 154 1863 ius
166 1823 260 1865 suum
277 1808 312 1865 et
331 1799 410 1865 dicit
430 1799 517 1886 quod
539 1822 605 1864 non
626 1799 726 1864 debet
747 1798 790 1863 ad
812 1798 872 1864 hoc
893 1800 994 1865 breue
1015 1803 1207 1888 respondere

108 1904 177 1987 quia
190 1904 253 1990 ipsi
271 1903 401 1968 nullum
422 1902 561 1989 priorem
584 1902 716 1981 hebent,
737 1924 775 1968 eo
795 1903 882 1990 quod
903 1904 1015 1970 Abbes
1036 1906 1077 1971 de
1100 1906 1207 1993 Gluny

108 2007 285 2074 mandauit⁸
301 2007 440 2093 priorem
455 2006 512 2093 qui
526 2006 635 2092 ipsum
650 2006 876 2093 Augustinum
896 2016 1119 2075 attorneueret
1138 2011 1207 2077 loco

107 2132 158 2175 suo
176 2134 285 2176 coram
307 2133 384 2199 rege
406 2110 535 2195 quando
557 2110 730 2175 mundatus
751 2110 825 2189 fuit,
847 2119 882 2176 et
903 2121 1017 2197 postea
1037 2115 1208 2181 mandauit

106 2214 184 2280 idem
209 2216 325 2281 Abbes
354 2214 476 2281 Comiti
503 2214 664 2279 Warenne
694 2214 852 2279 sduoceto
877 2216 1046 2301 priomtus,
1072 2228 1111 2284 ut
1134 2242 1207 2305 pro·

105 2318 224 2385 uideret
243 2318 359 2385 domui
378 2340 436 2383 sue
456 2317 497 2382 de
519 2318 624 2403 priore
647 2317 797 2405 eligendo
820 2320 898 2406 quie
920 2321 1006 2406 prior
1028 2323 1208 2410 resigneuit

104 2431 165 2500 ete,
180 2432 215 2489 et
230 2422 320 2509 petit
335 2420 494 2488 iudicium
509 2420 537 2485 si
552 2420 670 2486 debeat
685 2421 755 2486 sine
770 2422 875 2508 priore
890 2424 1090 2511 respondere.

162 2528 205 2593 Et
219 2527 244 2594 J
244 2527 391 2593 ohannes
406 2524 486 2591 dicit
500 2523 587 2611 quod
601 2524 654 2589 die
669 2547 735 2611 quo
753 2525 853 2592 breue
868 2549 964 2593 suum
984 2528 1048 2595 fuit
1065 2529 1208 2618 inpetre-

102 2639 167 2696 tum
182 2631 373 2697 habuerunt
398 2629 461 2717 ipsi
470 2628 609 2715 priorem
630 2637 665 2693 et
683 2629 772 2715 prior
790 2630 868 2696 fecit
888 2640 1090 2700 attornntum
1112 2658 1208 2702 suum

102 2743 132 2798 et
155 2735 294 2801 uidetur
314 2733 347 2799 ei
366 2733 454 2820 quod
477 2732 554 2798 licet
581 2733 668 2818 prior
691 2735 958 2814 transfreteuerit,
981 2737 1209 2804 nichilominus

101 2837 192 2906 debet
207 2847 398 2906 attornetus
412 2837 612 2924 respondere.

160 2944 242 3010 Dies
257 2943 357 3009 dutus
373 2949 423 3006 est
437 2942 478 3007 de
492 2941 654 3008 audiendo
669 2941 788 3008 iudicio
803 2965 862 3009 suo
877 2951 937 3009 etc.

53 3041 69 3106 t.
158 3048 321 3115 ‘Metillis
336 3048 376 3112 de
392 3047 559 3132 Currteney
572 3047 659 3133 petit
678 3069 791 3113 uersus
811 3049 954 3115 Priorem
974 3050 1015 3115 de
1035 3051 1207 3117 Berenoes·

101 3155 159 3218 trie
177 3155 203 3241 j.
227 3175 336 3220 ceruc.
359 3161 444 3217 terre
468 3175 543 3216 cum
568 3159 650 3236 pert.
675 3151 710 3216 in
735 3151 950 3218 Wottesdone
973 3163 1009 3219 et
1032 3155 1098 3241 xiij.
1126 3156 1207 3243 uirg.

100 3266 274 3326 terrenum
291 3265 373 3344 pert.
388 3256 424 3320 in
439 3255 626 3320 Westecote
640 3263 679 3320 ut
698 3254 809 3321 dotem
828 3279 930 3336 sunm,
947 3258 1033 3324 unde
1055 3260 1207 3347 Reginul-

99 3363 154 3430 dus
183 3363 226 3430 de
256 3362 428 3446 Curteney
452 3358 615 3445 quondum
643 3358 696 3423 uir
724 3379 803 3424 suus
828 3382 901 3425 enm
926 3360 1055 3427 dotauit
1079 3371 1149 3441 etc,
1174 3374 1209 3429 et

98 3475 133 3530 nt
155 3467 250 3532 illam
276 3485 341 3550 que
364 3461 508 3549 pertinet
528 3460 570 3525 sd
590 3468 709 3538 terrum
727 3483 826 3547 quem
841 3469 934 3526 tenet
947 3462 983 3526 in
997 3462 1211 3530 Wottesdonn

96 3570 128 3636 in
142 3572 257 3638 dotem
275 3591 317 3634 ex
332 3567 416 3632 dono
430 3565 568 3652 predicti
587 3566 760 3652 Regineldi
781 3574 816 3631 et
835 3567 870 3631 in
890 3590 989 3652 quam
1010 3567 1098 3632 idem
1120 3569 1212 3634 Prior

96 3675 228 3740 intrusit
244 3697 283 3740 se
299 3680 472 3760 postquam
492 3669 564 3756 ipsa
586 3670 651 3735 fuit
672 3671 748 3736 inde
771 3671 892 3748 dotata„
908 3682 943 3736 et
964 3672 1040 3737 inde
1062 3674 1211 3759 producit

93 3787 214 3844 sectum
231 3786 296 3844 etc

156 3883 202 3948 Et
217 3880 316 3947 Prior
330 3876 423 3943 uenit
438 3885 474 3942 et
488 3876 568 3941 dicit
583 3877 668 3963 quod
684 3899 749 3942 non
771 3877 870 3942 debet
890 3879 932 3944 ad
951 3878 1011 3942 hoc
1030 3879 1062 3942 ei
1080 3901 1210 3965 respon-

93 3985 166 4051 dere
188 3983 276 4071 quia
297 3982 369 4068 ipsu
391 3989 441 4046 est
460 3980 502 4047 de
523 3989 689 4067 potestate
709 3981 811 4069 Regis
825 3981 969 4058 Francis,
984 3991 1019 4045 et
1033 4005 1098 4047 non
1113 3983 1211 4049 debet

122 4222 181 4271 ¹A.
193 4215 458 4278 m.1ud;13.m.t.
662 4210 859 4279 'regebuthed
870 4219 1047 4281 sheedybsen
1055 4222 1208 4273 summoned

121 4286 289 4343 'Stratum
301 4283 376 4342 A,B.
680 4281 1209 4349 ebrombythetbbototclunytheheed

121 4353 133 4385 ⁸
147 4353 270 4411 mure,
287 4349 320 4399 B.
354 4347 409 4398 The
426 4347 500 4398 Prior
515 4345 569 4398 herl
585 4357 629 4409 ep·
681 4346 761 4396 othir
772 4347 855 4398 order.

91 4417 198 4479 pointed
209 4413 347 4478 Augustis
359 4412 401 4466 hin
411 4415 531 4474 ettomey
542 4427 630 4463 ocrem
714 4413 725 4443 ⁴
742 4412 772 4464 A.
787 4427 823 4464 m.
838 4413 880 4472 11;
898 4415 929 4464 Β.
941 4429 976 4463 m.
988 4415 1004 4464 6
1015 4415 1040 4464 d.
1166 4431 1169 4434 ⁴

1015 4519 1121 4580 234
