3167 5075
365 378 430 445 396
674 377 1117 455 rsrmrr,no.1220,nn
1144 380 1171 441 4„

363 584 477 649 pacem
488 562 607 628 habere
618 564 746 642 faceret,
756 561 845 629 idem
856 561 888 628 ei
898 560 1015 628 reddat
1026 569 1060 626 et
1071 560 1182 626 aueria
1191 582 1252 627 sua
1262 582 1303 627 ea
1313 562 1448 627 occasione

363 666 499 731 detenta
511 665 581 731 sine
595 666 752 732 dilacione
767 665 927 731 deliberet
941 663 973 730 ei
987 672 1048 730 etc.

428 769 590 855 ¹Rogerus
607 770 729 835 Corbet
743 768 944 834 attachistus
958 768 1023 833 fuit
1034 767 1076 832 ad
1087 766 1349 853 respondendum
1360 768 1449 832 Emme

265 885 278 913 ⁰
363 895 427 959 que
451 873 515 938 fuit
538 896 619 940 uxor
642 874 773 939 Ricardi
800 872 920 939 (lorbet
946 870 986 937 de
1011 871 1130 957 placito
1155 894 1254 957 quam
1281 872 1407 937 intrusit
1425 894 1449 935 se

232 3690 325 3753 1451.

248 3791 307 3832 none

232 4107 324 4170 1452.

248 4206 308 4247 Nori.

363 976 399 1042 in
430 990 550 1041 terram
577 976 679 1063 ipsius
706 978 822 1042 Emme
848 977 884 1041 in
912 974 1085 1041 Jointons¹
1108 998 1206 1061 quam
1232 975 1302 1061 ipse
1327 975 1362 1039 in
1384 976 1451 1040 cunis

362 1081 452 1167 apud
472 1081 798 1147 Westmonasterium
821 1081 977 1147 concessit
999 1089 1034 1146 et
1058 1080 1203 1146 reddidit
1228 1080 1334 1145 eidem
1356 1080 1448 1144 Emme

363 1194 423 1251 etc
439 1185 474 1249 in
495 1182 605 1249 dotem
625 1184 723 1248 simul
743 1206 818 1248 cum
839 1183 985 1249 manerio
1004 1185 1045 1250 de
1065 1184 1287 1261 Tiderintons,
1302 1184 1385 1249 unde
1399 1184 1451 1269 ipss

363 1288 506 1354 ostendit
536 1289 622 1374 quod
647 1310 706 1374 per
731 1287 946 1355 intrusionem
975 1289 1066 1354 illam
1096 1297 1209 1354 contra
1238 1288 1450 1353 concessionem

362 1392 461 1471 illam,
476 1391 672 1458 deteriorata
686 1401 737 1458 est
752 1400 787 1457 et
802 1392 981 1479 dompnum
996 1393 1097 1458 babet
1111 1392 1154 1458 ad
1167 1392 1350 1458 ualenciam
1364 1400 1414 1458 etc
1425 1399 1450 1455 et

362 1498 439 1563 inde
453 1498 603 1584 producit
617 1506 740 1563 sectam
756 1506 816 1563 etc

428 1601 472 1665 Et
485 1601 631 1686 Rogerus
645 1601 739 1666 uenit
753 1608 788 1666 et
804 1600 966 1688 cognoscit
981 1600 1068 1686 quod
1082 1608 1175 1666 tenet
1190 1600 1371 1666 membrum
1384 1597 1448 1664 illud

362 1701 403 1768 de
417 1703 582 1783 Jointona,
596 1712 646 1769 set
661 1702 745 1769 illud
758 1726 824 1768 non
844 1714 896 1768 est
915 1704 956 1769 de
975 1703 1186 1790 pertinenciis
1205 1703 1247 1770 de
1266 1703 1451 1767 Tiderintons

362 1829 422 1872 nec
456 1808 539 1873 illud
575 1831 731 1895 umquam
767 1808 924 1874 concessit
951 1806 988 1873 in
1017 1808 1106 1873 curis
1133 1808 1229 1874 Dom.
1259 1808 1357 1895 Regis
1382 1803 1450 1893 apud

363 1909 691 1976 westmonasterium
706 1919 766 1976 etc

428 2013 472 2085 Et
493 2013 573 2099 quia
596 2012 770 2078 iusticiarii
795 2012 1007 2079 recordantur
1030 2013 1118 2100 quod
1140 2013 1306 2100 predictus
1330 2013 1452 2098 Rogems

361 2117 519 2181 concessit
533 2115 640 2181 eidem
652 2116 768 2181 Emme
779 2115 961 2181 manerium
972 2117 1014 2181 de
1025 2116 1237 2182 Tiderintona
1247 2138 1322 2180 cum
1332 2113 1450 2200 quodam

362 2219 507 2283 membro
527 2219 722 2305 pertinente,
739 2226 774 2283 et
793 2227 942 2305 preterea
961 2218 1171 2284 recordantur
1184 2217 1273 2305 quod
1291 2216 1451 2282 membrum

362 2322 445 2387 illud
466 2332 603 2389 uocatur
622 2325 812 2402 Jobintons,
833 2324 1071 2389 consideratum
1090 2331 1140 2389 est
1160 2323 1247 2409 quod
1267 2322 1337 2409 ipsa
1355 2322 1452 2386 Emms

361 2431 566 2517 recuperauit
585 2429 736 2494 seisinam
756 2438 826 2493 tom
846 2428 888 2493 de
910 2428 1056 2493 membro
1077 2427 1133 2492 illo
1155 2449 1254 2513 quam
1276 2427 1317 2492 de
1338 2422 1449 2512 capitoli

362 2534 505 2601 manerio
519 2544 554 2600 et
570 2535 717 2621 Rogerus
731 2532 767 2599 in
781 2532 1001 2598 misericordia
1015 2539 1074 2598 etc.

428 2639 622 2704 'Nicbolsus
636 2638 677 2704 de
697 2638 843 2703 Limesia
862 2659 921 2724 pro
941 2660 976 2702 se
1000 2645 1035 2702 et
1057 2635 1220 2723 Margania
1240 2658 1338 2700 uxore
1357 2655 1410 2699 sus
1425 2638 1452 2694 et

364 2743 503 2809 talibus⁴
518 2752 577 2809 etc
593 2743 754 2809 sororibus
768 2741 879 2807 uxoris
899 2763 957 2806 sue
978 2763 1115 2828 quarum
1136 2741 1204 2806 loco
1225 2748 1285 2805 etc.
1301 2738 1409 2826 optulit
1424 2757 1451 2798 se

363 2953 449 3017 malo
463 2952 540 3017 lecti
554 2975 667 3017 uersus
681 2975 736 3016 eos
750 2952 790 3017 de
806 2950 926 3038 placito
942 2959 1027 3016 terre
1048 2956 1107 3014 etc.
1153 2949 1198 3012 Et
1218 2949 1243 3014 J
1243 2949 1378 3013 ohannes
1397 2963 1449 3007 non

363 3058 465 3136 uenit,
479 3081 539 3122 nec
553 3057 675 3122 milites
690 3057 747 3144 qui
762 3057 909 3122 fecerunt
923 3055 1033 3122 uisum
1048 3055 1089 3118 de
1104 3076 1142 3119 eo
1157 3052 1282 3118 scilicet
1301 3052 1375 3117 tales
1393 3057 1450 3120 etc,

364 3161 437 3228 ideo
452 3185 562 3228 omnes
576 3162 677 3248 plegii
690 3161 727 3226 in
741 3160 969 3237 misericordis,
983 3167 1018 3224 et
1038 3157 1116 3245 quia
1136 3165 1297 3222 testatum
1316 3163 1361 3221 est
1380 3148 1451 3238 quod

365 3287 450 3331 unus
473 3264 648 3351 languidus
671 3273 721 3328 est
745 3271 780 3328 et
804 3263 888 3327 alius
913 3269 964 3327 est
993 3261 1034 3326 de
1064 3259 1188 3325 familia
1217 3267 1252 3325 et
1281 3281 1344 3324 non
1367 3255 1451 3320 babet

364 3378 493 3446 terram,
506 3375 696 3454 preceptum
711 3374 763 3432 est
782 3366 968 3432 uicecomiti
988 3365 1024 3431 in
1043 3365 1146 3430 banco
1166 3364 1255 3450 quod
1274 3365 1340 3429 loco
1355 3379 1449 3425 eorum

363 3481 465 3558 ponat
478 3472 559 3536 duos
572 3471 651 3536 slios
666 3478 701 3536 et
715 3471 786 3537 illos
800 3471 914 3535 mittat
928 3491 1003 3534 cum
1018 3468 1141 3534 talibus
1156 3476 1215 3534 etc
1231 3468 1275 3533 ad
1289 3462 1451 3532 faciendum

365 3576 473 3640 uisum
488 3584 547 3641 etc

429 3680 525 3745 'Dies
540 3680 637 3744 datus
651 3687 702 3745 est
716 3677 840 3744 Abbati
856 3678 888 3743 S.
905 3675 1076 3742 Benedicti
1095 3675 1137 3740 de
1157 3675 1281 3740 Holma
1297 3668 1413 3760 petenti
1425 3675 1453 3731 st

365 3784 497 3850 Matheo
511 3785 552 3848 de
568 3784 742 3848 Gunetona
755 3781 884 3848 tenenti
898 3780 939 3847 de
954 3780 1110 3866 capiendo
1128 3779 1312 3866 cirographo
1329 3797 1383 3840 suo
1401 3768 1453 3836 tali

364 3888 427 3965 die,
443 3895 478 3953 et
497 3895 577 3953 tunc
591 3885 728 3952 ueniant
745 3894 896 3951 tenentes
917 3893 951 3951 et
970 3891 1166 3972 cognoscant
1185 3882 1350 3948 seruicium
1367 3895 1452 3942 suum

363 4001 423 4058 etc

427 4094 550 4160 ‘Assisa
570 4094 664 4160 uenit
685 4093 899 4182 recognitum,
919 4091 993 4179 quis
1014 4089 1194 4156 sduocatus
1215 4097 1351 4175 tempore
1370 4082 1451 4170 pacis

396 4225 407 4258 ¹
423 4224 453 4273 Α.
465 4238 501 4272 m.
513 4225 560 4284 ss;
576 4222 608 4273 B.
619 4237 655 4275 m.
670 4223 709 4272 13.
972 4219 983 4253 ⁴
999 4220 1122 4271 Dionisio
1133 4227 1158 4269 et
1170 4219 1310 4274 Florenee's,
1320 4214 1347 4274 A,
1357 4211 1388 4263 Β.

395 4291 407 4322 ²
422 4291 564 4347 lolintona,
583 4288 615 4347 A,
637 4289 668 4337 B.
702 4287 848 4352 lebingtcn,
873 4303 890 4339 a
972 4285 1030 4334 ll.
1042 4300 1078 4336 m.
1092 4286 1139 4344 28;
1156 4285 1188 4337 B.
1202 4299 1238 4333 m.
1251 4280 1310 4332 lad.

364 4352 739 4479 usitasse.
