3167 5075
298 328 317 389 2
609 339 745 399 marna,
768 339 832 387 an.
858 324 951 399 1224,
973 338 1036 387 aa
1060 327 1088 387 8.

296 510 400 577 tocius
415 518 500 576 terre
516 532 613 597 quam
628 510 701 597 ipsa
714 507 920 597 recuperauit
939 531 1053 575 uersus
1073 509 1214 575 eundem
1234 511 1407 589 Comitem,

296 616 325 681 si
352 613 473 682 habeat
502 614 588 681 unde
617 616 672 680 uel
702 622 864 701 quatenus
892 613 1053 691 habuerit,
1083 621 1118 679 62
1149 614 1266 681 Comes
1294 624 1407 681 teneat

295 719 494 785 escambium
514 718 597 784 illud
617 725 689 783 tota
708 718 779 783 uita
799 716 944 803 predicte
965 718 1066 783 Elene
1089 726 1124 783 et
1145 726 1219 805 post
1240 719 1407 786 decessum

295 823 398 911 ipsius
423 824 524 889 Elene
550 820 578 887 si
603 820 719 888 Comes
742 820 885 886 uoluerit
908 829 1094 887 reuertatur
1119 822 1177 888 illa
1206 824 1306 889 tercia
1334 846 1408 910 pars

296 926 441 1013 predicto
457 924 579 993 Oomiti
594 932 628 990 et
643 923 817 989 heredibus
831 923 898 989 suis
913 932 948 988 62
963 924 1146 990 Willelmus
1160 933 1240 991 tunc
1253 926 1409 992 rehabeat

296 1026 494 1093 escambium
523 1048 619 1092 suum
648 1024 688 1091 de
717 1024 863 1113 predicto
890 1024 1018 1092 Comite
1043 1027 1222 1093 secundum
1248 1029 1405 1116 quodibi

297 1130 397 1195 fuerit
411 1128 516 1215 magis
531 1128 583 1193 uel
601 1126 733 1194 minus².

224 1234 248 1298 ¹.
363 1232 525 1299 Henricus
536 1230 623 1295 filius
631 1230 808 1296 Thurstani
818 1230 1003 1316 capellanus
1012 1232 1097 1319 petit
1106 1256 1219 1318 uersus
1230 1234 1407 1299 Radulfum

201 1342 237 1372 ¹¹·
299 1334 404 1401 filium
419 1332 551 1399 Ricardi
571 1340 808 1397 seruantem
829 1356 904 1398 cum
925 1342 1006 1421 pert.
1022 1335 1057 1399 in
1079 1325 1276 1402 Medefeldia
1296 1346 1335 1403 ut
1356 1337 1408 1403 ius

298 1460 404 1504 suum.

364 1541 408 1605 Et
422 1538 583 1605 Radulfus
597 1538 690 1603 uenit
705 1546 739 1602 et
753 1537 886 1602 uocauit
900 1538 976 1603 inde
991 1538 1033 1604 ad
1048 1549 1228 1606 warantum
1242 1542 1407 1607 Abbatem

300 1646 333 1713 S.
356 1642 541 1710 Eadmundi
562 1640 619 1729 qui
641 1662 699 1727 per
721 1641 1009 1707 summoniciouem
1032 1643 1126 1708 uenit
1152 1652 1186 1709 et
1211 1645 1297 1731 petit
1321 1645 1408 1733 quod
1469 1705 1473 1713 .

298 1748 449 1815 ostendat
474 1747 506 1812 ei
531 1768 630 1834 quare
654 1744 862 1810 warantizarc
888 1745 1014 1811 debeat.
1068 1746 1114 1811 Et
1142 1746 1302 1813 Radulfus
1328 1749 1409 1814 dicit

298 1852 384 1940 quod
407 1852 532 1917 nullam
560 1858 682 1915 cartam
712 1849 822 1927 habet,
846 1851 924 1937 quia
953 1850 1132 1917 Nicholaus
1160 1852 1202 1917 de
1231 1852 1409 1918 Mendham

298 1956 390 2023 dedit
412 1956 443 2021 ei
465 1964 583 2022 terram
605 1954 696 2019 illam
718 1964 753 2019 et
775 1963 889 2042 postea
910 1956 1092 2021 attornauit
1114 1956 1221 2023 eidem
1241 1958 1330 2023 Ade'
1342 1980 1408 2023 662-

298 2061 419 2127 uicium
434 2082 529 2126 suum
545 2068 579 2125 et
593 2059 675 2125 illud
690 2058 720 2124 ei
735 2058 834 2124 dedit.

363 2168 408 2232 Et
422 2166 535 2232 Abbas
549 2188 614 2229 non
626 2164 701 2230 uult
712 2164 743 2229 ei
754 2163 963 2229 warantizare
974 2164 1038 2231 nisi
1049 2164 1139 2229 curia
1149 2164 1408 2230 considerauerit

298 2270 343 2335 Et
357 2268 430 2334 ideo
445 2266 681 2333 consideratum
697 2273 747 2329 662
762 2263 849 2351 quod
864 2264 1026 2331 Henricus
1040 2268 1246 2352 recuperauit
1257 2267 1408 2332 seisinam

298 2393 390 2437 suam
412 2394 470 2457 pro
493 2369 621 2435 defectu
643 2370 775 2434 warent'
790 2390 829 2432 eo
851 2367 937 2454 quod
959 2368 1120 2433 Radulfus
1141 2368 1243 2434 nichil
1263 2370 1410 2436 ostendit

299 2474 387 2563 quod
397 2473 509 2540 Abbas
520 2472 728 2539 warrantizare
743 2471 862 2538 debeat
876 2478 912 2537 et
922 2471 1035 2538 Abbas
1050 2471 1120 2537 sine
1136 2471 1189 2538 die
1204 2480 1238 2539 et
1250 2474 1410 2542 Radulfus

299 2580 335 2645 in
350 2577 573 2644 misericordia

366 2682 459 2748 Idem
489 2681 651 2747 Henricus
679 2679 765 2767 petit
792 2702 905 2746 uersus
931 2680 1128 2746 Nioholaum
1154 2682 1195 2748 de
1220 2683 1252 2749 S.
1278 2682 1411 2750 Andraa

299 2807 397 2872 quem
412 2785 436 2849 J
436 2784 579 2848 ohannes
593 2783 681 2847 filius
695 2782 827 2847 Ricardi
842 2781 974 2848 uocauit
988 2782 1031 2849 ad
1045 2793 1226 2850 warantum
1245 2794 1281 2851 et
1300 2787 1358 2873 qui
1377 2789 1410 2854 ei

215 2877 220 2890 ’
298 2890 397 2956 debet
411 2889 618 2954 warantizare
633 2887 699 2972 viij.
716 2909 777 2953 202.
794 2895 879 2953 terre
894 2911 969 2955 cum
990 2898 1072 2976 pert.
1087 2891 1124 2954 in
1143 2891 1257 2956 eadem
1276 2882 1356 2958 uilla
1370 2901 1410 2958 ut

298 2993 350 3058 ius
364 3014 467 3057 suum.
512 2992 557 3055 Et
573 2991 751 3056 Nicholaus
766 2991 860 3054 uenit
875 2998 910 3056 et
925 2992 1057 3057 uocauit
1076 2991 1153 3059 inde
1173 2994 1216 3059 ad
1229 3004 1411 3062 warantum

300 3097 442 3163 Priorem
458 3097 490 3162 S.
506 3095 678 3160 Trinitatis
692 3094 733 3160 de
749 3094 938 3182 Gapewico'
953 3095 1002 3161 ita
1016 3096 1102 3183 quod
1116 3096 1234 3163 habuit
1250 3099 1409 3166 auxilium

299 3200 386 3266 curie
401 3199 442 3265 de
456 3200 527 3286 ipso
541 3197 775 3264 summouendo
790 3206 850 3263 620.
867 3197 953 3284 quod
968 3206 1053 3263 esset
1068 3199 1127 3264 tali
1142 3199 1195 3265 die
1209 3209 1270 3267 eto.
1281 3211 1316 3266 62
1331 3210 1411 3269 tunc

299 3327 333 3369 se
348 3303 523 3369 essoniauit
537 3303 561 3367 J
562 3301 705 3367 ohannes
719 3309 904 3365 attornatus
918 3301 1057 3386 predicti
1068 3302 1220 3368 Nicholai
1235 3313 1270 3369 et
1284 3292 1410 3371 dictum

299 3407 364 3473 1212
393 3405 580 3472 6660212202
610 3405 697 3492 quod
726 3412 915 3492 expectaret
945 3425 1059 3470 uersus
1093 3403 1237 3472 Priorem
1273 3416 1321 3472 et'
1345 3431 1411 3474 non

300 3512 485 3601 expectauit
507 3532 567 3575 nec
589 3509 679 3574 Prior
700 3508 793 3573 uenit
816 3516 851 3573 et
873 3507 1035 3573 Henricus
1054 3508 1141 3595 petit
1162 3509 1238 3576 inde
1252 3511 1410 3578 iudicium

299 3637 403 3680 suum.
442 3615 486 3679 Et
501 3613 578 3700 quia
591 3611 685 3678 stetit
700 3611 735 3676 12
750 3611 909 3676 Nicholao
924 3610 1010 3697 quod
1025 3634 1090 3676 non
1102 3612 1219 3679 habuit
1230 3623 1409 3681 warantum

300 3715 537 3784 consideratum
567 3723 618 3780 est
643 3712 757 3778 eodem
783 3712 880 3777 modo
905 3713 993 3799 quod
1017 3713 1180 3780 Henricus
1205 3718 1411 3802 recuperauit

300 3821 451 3888 saisinam
465 3841 557 3886 suam
572 3841 630 3905 per
643 3817 800 3882 defaltum
815 3817 946 3883 warent'
961 3817 1046 3883 sicut
1060 3818 1166 3905 prius*
1180 3828 1215 3885 et
1230 3821 1264 3885 N
1265 3821 1412 3888 ieholaus

300 3924 335 3989 in
350 3923 574 4002 misericordia,
589 3922 687 3988 faciat
702 3921 900 3987 escambium
915 3921 1060 3986 Johanni
1073 3922 1115 3989 ad
1130 3923 1311 4011 ualeuciam
1327 3933 1388 3992 etc.

179 4051 252 4116 946,
366 4027 466 4114 Hugo
495 4027 630 4094 Peuerol
659 4025 701 4092 (16
731 4025 948 4092 Saundfordia
974 4026 1062 4112 petit
1095 4049 1208 4092 uersus
1237 4029 1412 4098 Ricardum

162 4153 271 4194 nereford.

303 4239 533 4294 stantem,
911 4242 1301 4305 *Referringtothecaaein
1325 4243 1411 4295 which

333 4308 545 4435 ζξέθιζίοῗὸαεί.
879 4308 924 4358 2126
936 4308 1021 4358 Abbot
1032 4309 1062 4358 01
1070 4309 1339 4372 Buryisconcerned.
