3167 5075
293 407 411 457 consu
432 407 532 471 auos,
553 408 619 457 sn.
643 392 887 469 1234-5‚r.n
913 395 1048 459 18-19.
1158 396 1222 460 143

134 580 416 655 summonioionem,
443 580 615 653 essonium,
643 587 678 644 et
703 579 856 643 sursisam
887 588 921 644 et
951 588 1068 657 totum,
1094 590 1128 645 et
1154 580 1227 646 ideo
1242 591 1394 633 Noedestd·

134 682 233 747 uadiet
247 684 354 771 legem
370 690 404 748 et
420 683 533 748 ueniat
547 705 622 748 eum
638 683 709 771 lege
730 684 790 747 tali
807 682 861 748 die
876 692 937 749 eto
952 706 987 748 se
1001 684 1055 771 xij.
1072 708 1179 751 manu.
1196 694 1230 751 et
1242 639 1393 773 &yffi

133 794 304 852 sttomatus
318 786 406 852 iuret
420 786 454 851 in
469 786 612 851 animam
627 785 750 851 domini
765 786 817 851 sui
831 794 892 852 eto.
937 787 1030 852 Idem
1050 788 1120 853 dies
1134 789 1231 855 datus
1242 784 1315 821 ‘⁸⁰⁰⁰'
1324 784 1394 867 ἔξω.

133 900 177 956 est
190 891 354 977 Stephano
369 914 429 977 per
446 899 649 955 attomatum
670 912 766 954 suum
787 890 828 954 de
847 890 1010 956 audiendo
1031 892 1151 957 iudicio
1172 916 1231 957 suo
1242 874 1394 961 soiffim

133 1018 233 1061 uersus
255 996 350 1061 Dom
371 996 505 1083 Regem.
550 994 667 1059 Postea
689 994 782 1059 uenit
805 1002 990 1060 attornatus
1013 996 1174 1082 Stephani
1196 1006 1231 1063 et
1243 968 1389 1101 iffizt

132 1100 199 1164 feeit
220 1100 325 1187 legem
348 1098 526 1165 secundum
549 1097 635 1185 quod
657 1099 689 1163 ei
709 1098 896 1164 ediudieate
915 1100 979 1165 fuit
1001 1110 1036 1166 et
1055 1101 1179 1167 iurauit
1195 1102 1231 1167 in
1242 1065 1394 1203 ἓξὲξ

132 1202 261 1267 amman
277 1202 403 1269 domini
416 1201 475 1267 sui.
1242 1202 1384 1289 latim

1242 1296 1350 1335 ueruntln

174 1339 277 1389 ¹Postea
294 1339 364 1401 apud
380 1337 521 1389 Wudeetolr
537 1337 658 1388 auditum
675 1337 725 1387 fuit
741 1338 875 1388 reoordum
889 1338 961 1390 istud
976 1354 1064 1391 eorem
1079 1341 1137 1405 ipso
1153 1342 1229 1393 Dom.
1242 1344 1368 1430 fflm

131 1420 191 1483 Rege
205 1420 232 1470 in
242 1420 392 1471 werderobe
402 1421 478 1470 Dom.
490 1420 568 1482 Regis
582 1426 608 1471 et
621 1424 738 1484 presente
751 1422 832 1472 fratre
845 1422 962 1473 Galirido
975 1423 1121 1488 Templario
1132 1426 1230 1477 laetum
1243 1437 1279 1476 snt
1287 1437 1371 1475 uiuam

131 1504 176 1554 luit
185 1504 308 1554 iudicium
319 1508 345 1553 et
360 1518 512 1554 oonoesrum
527 1518 544 1553 a
557 1503 633 1553 Dom.
645 1504 713 1567 Rege
727 1505 797 1567 quod
811 1509 881 1555 terre
895 1506 941 1556 ille
958 1507 995 1557 sio
1009 1507 1071 1558 dete
1086 1514 1231 1560 remaneret
1243 1483 1302 1570 litii
1308 1482 1395 1579 pnoepffie

131 1583 175 1647 ipsi
191 1585 323 1648 Stephano
338 1584 370 1635 de
385 1585 496 1646 Segraue
511 1588 537 1634 et
554 1582 689 1635 heredibus
706 1584 761 1635 suis
777 1584 806 1633 in
824 1585 906 1649 feodo,
924 1588 986 1649 quie
1002 1587 1079 1638 Dom.
1094 1590 1149 1639 Rex
1164 1606 1230 1641 nun.
1244 1577 1394 1664 mmm

130 1681 202 1729 quem
216 1667 334 1732 prouidit
350 1682 398 1717 neo
414 1667 527 1718 reddidit
544 1666 702 1718 escambium
719 1667 804 1717 eidem
824 1668 921 1719 Oomiti
940 1670 1036 1721 Dauidi
1057 1671 1085 1721 in
1106 1672 1162 1724 uite
1183 1689 1232 1725 sus
1243 1671 1395 1720 lmpouern

131 1748 186 1809 quia
195 1748 310 1813 promsio
321 1764 375 1799 non
388 1749 473 1811 tetigit
483 1747 589 1800 heredes
601 1748 690 1815 suosl
1243 1729 1376 1805 miili

187 1881 290 1948 ⁸Elius
316 1882 358 1948 de
384 1882 549 1947 Essewille
574 1882 790 1947 summonitus
816 1883 881 1948 fuit
906 1883 949 1949 ad
972 1887 1231 1973 respondendum
1273 1871 1369 1978 effi

130 1986 285 2052 Willelmo
301 1987 342 2051 de
357 1986 496 2051 Ferasiis
511 2007 611 2071 quare
627 2007 690 2049 non
706 1984 813 2050 reddit
834 1987 864 2051 ei
885 1987 1051 2055 Simonem
1072 1992 1176 2057 filium
1197 2000 1232 2057 et

128 2088 271 2155 heredem
289 2090 361 2155 Elis
376 2090 417 2155 de
433 2088 655 2156 Chiohesaunt
671 2089 763 2154 cuius
777 2090 926 2156 custodia
938 2091 980 2157 ad
998 2115 1073 2157 eum
1088 2096 1231 2181 pertinet

128 2216 162 2260 eo
189 2199 272 2284 quod
305 2196 470 2283 predictus
501 2196 588 2261 Elias
627 2204 746 2261 terram
776 2220 868 2262 suam
898 2200 1008 2264 tenuit
1036 2199 1077 2265 de
1106 2223 1145 2267 eo
1174 2224 1232 2288 per

127 2298 294 2365 semioium
309 2300 461 2378 militare,
478 2308 512 2364 et
527 2300 614 2365 unde
629 2300 709 2365 dicit
724 2301 812 2387 quod
826 2325 885 2388 per
903 2303 1125 2370 detentionem
1140 2306 1231 2372 illam

127 2402 336 2471 deterioratus
351 2413 402 2471 est
416 2405 458 2470 ed
473 2405 651 2471 ualenciam
668 2406 709 2472 xl.
725 2428 912 2473 marearum

187 2510 229 2574 Et
257 2510 301 2576 ad
331 2510 433 2576 alium
463 2510 550 2576 diem
580 2509 629 2576 ita
657 2510 811 2576 conuenit
841 2511 926 2598 quod
953 2512 1117 2599 predictus
1143 2514 1232 2581 Elias

128 2614 294 2698 produoere
325 2615 459 2682 deberet
488 2637 564 2680 eum
593 2615 635 2680 ed
664 2615 751 2681 huno
780 2615 868 2680 diem
897 2616 925 2681 si
950 2627 1059 2702 posset
1084 2627 1119 2684 et
1145 2619 1231 2707 quod

127 2715 327 2804 diligenciam
343 2727 520 2805 apponeret
535 2719 733 2805 producendi
749 2742 824 2784 eum
841 2729 876 2784 et
895 2720 924 2784 si
944 2743 1009 2785 non
1023 2721 1139 2807 possit⁴
1155 2746 1230 2789 eum

128 2823 294 2907 producere
310 2823 398 2911 quod
413 2825 634 2890 manifestaret
650 2826 722 2912 quis
736 2848 812 2890 eum
827 2826 962 2891 haberet
977 2834 1036 2893 etc.

187 2929 228 2992 Et
243 2929 370 3016 Helyas
385 2930 477 2993 uenit
496 2938 547 2994 set
566 2952 631 2994 non
651 2930 800 3015 producit
822 2930 974 2995 heredem
994 2931 1087 2996 illum
1102 2941 1137 2997 et
1151 2931 1232 2998 dieit

129 3031 206 3114 quod
220 3032 315 3097 illum
338 3055 402 3097 non
421 3041 531 3119 potest
550 3032 726 3119 producere
748 3033 826 3119 quia
847 3033 941 3099 illum
963 3057 1028 3098 non
1050 3035 1150 3100 hahet
1172 3060 1232 3104 nec

129 3133 212 3200 illum
237 3136 375 3202 reddere
400 3146 508 3224 potest
534 3137 611 3224 quie
636 3145 686 3203 est
711 3138 746 3202 in
772 3161 872 3203 manu
897 3138 1066 3204 cuiusdam
1096 3142 1232 3206 Roberti

159 3341 195 3392 ¹1
222 3348 320 3394 eannot
355 3342 410 3392 find
441 3342 501 3393 that
533 3343 648 3392 Braeton
703 3341 778 3391 made
796 3342 836 3391 for
854 3340 899 3392 the
916 3341 986 3392 heire
1005 3344 1035 3392 of
1054 3341 1145 3405 David,
1167 3348 1231 3408 quio

131 3407 203 3458 rsisee
219 3409 273 3471 just
291 3408 349 3459 this
363 3409 451 3471 point3
470 3407 570 3470 though
582 3423 617 3458 on
629 3407 647 3456 f.
733 3410 814 3457 oeteis
824 3423 874 3456 non
886 3411 971 3470 tetipit
983 3410 1092 3458 heredes.
1126 3409 1229 3460 SeeBr.

131 3473 173 3522 366
188 3473 220 3524 he
231 3490 292 3538 says
311 3474 372 3524 thet
388 3487 404 3523 s
420 3477 512 3523 tenent
523 3473 581 3522 who
598 3473 647 3522 hes
716 3474 762 3524 ‚26
770 3473 795 3521 b.
819 3472 874 3522 The
881 3477 1023 3523 annotator
1031 3488 1114 3523 seems
1126 3479 1153 3524 to
1164 3475 1231 3526 have

131 3540 265 3604 personelly
285 3538 376 3601 wegad
397 3539 447 3588 lew
465 3541 493 3587 of
513 3551 648 3588 non-sum·
703 3537 886 3600 hadpersonal
898 3538 1044 3601 knowledge
1056 3539 1085 3588 ot
1093 3539 1138 3589 the
1149 3541 1230 3590 result

131 3616 199 3653 mons
219 3609 318 3655 esnnot
342 3603 490 3654 afterwards
512 3603 588 3653 make
607 3602 649 3652 his
705 3603 732 3652 ot
749 3602 803 3652 this
820 3604 907 3652 aetion
922 3603 1026 3666 against
1038 3604 1083 3654 the
1098 3605 1231 3667 diegrsoed

131 3666 357 3732 hubyettorney.
390 3668 651 3731 Astotheattoruey
704 3667 829 3730 justioier.
866 3667 931 3717 uuis
947 3669 1091 3733 pesssgeis
1106 3671 1230 3721 notinh

132 3735 245 3798 sreering
256 3751 292 3786 on
304 3735 351 3785 the
359 3735 418 3784 soul
428 3733 457 3784 oi
467 3733 512 3784 the
522 3733 650 3798 prinoipul
705 3732 758 3782 and
769 3732 831 3783 does
842 3739 889 3784 not
904 3734 964 3783 look
981 3734 1053 3797 quite
1068 3734 1119 3784 like
1136 3750 1172 3785 en
1188 3751 1229 3787 ex-

132 3800 254 3852 aerest
265 3802 289 3852 b.
704 3802 773 3848 treet
784 3799 876 3848 frome
887 3799 947 3858 roll;
964 3799 1011 3848 the
1021 3801 1189 3864 proeeedings
1200 3802 1229 3852 in

160 3863 260 3916 ’what
284 3865 386 3916 follows
408 3864 432 3913 is
453 3863 536 3914 added
555 3863 651 3927 hythe
705 3863 750 3914 the
772 3864 901 3914 werdrobe
922 3879 983 3926 may
1004 3865 1071 3915 heve
1097 3865 1163 3916 been
1190 3867 1229 3916 in·

133 3932 264 3982 innotatur
280 3935 311 3981 et
331 3929 377 3979 the
395 3929 449 3979 loot
467 3929 495 3978 ot
513 3929 558 3978 the
575 3943 646 3992 pege.
705 3929 807 3978 iormal.
841 3929 960 3992 Geoflrey
976 3928 1021 3979 the
1037 3929 1160 3993 Templer
1178 3932 1230 3982 hed

134 3992 182 4043 The
201 3996 265 4058 legul
291 3995 369 4060 point
398 4009 481 4044 seems
505 3995 651 4046 tbisz-the
705 3993 749 4044 the
771 3994 882 4056 hosping
904 3994 933 4043 of
953 3993 998 4044 the
1019 3999 1092 4057 great
1120 3999 1173 4047 seul
1199 3998 1229 4048 in

133 4056 187 4120 king
197 4076 256 4122 gave
267 4059 448 4111 lsndtoEerl
456 4059 540 4110 David
549 4059 650 4110 endhis
705 4061 784 4119 12383
808 4059 876 4109 little
897 4059 921 4108 ie
938 4059 1032 4109 known
1055 4063 1082 4110 oi
1102 4061 1173 4123 him;
1202 4063 1230 4113 in

132 4119 194 4174 heire
203 4143 329 4192 quomque
341 4125 387 4175 the
399 4125 461 4187 king
472 4124 567 4174 should
574 4124 650 4175 melre
705 4125 768 4174 1235
780 4124 815 4173 he
825 4124 911 4174 would
926 4124 957 4174 be
973 4140 1022 4175 one
1038 4127 1067 4175 of
1082 4127 1127 4176 the
1144 4128 1230 4191 king’e

134 4191 233 4241 another
258 4191 395 4255 provision
422 4191 463 4239 tor
490 4189 586 4248 David3
615 4205 650 4239 no
704 4189 787 4238 elerlrs
804 4190 866 4249 end,
882 4189 904 4240 it
920 4205 980 4252 may
996 4191 1034 4251 be,
1053 4191 1170 4255 supplied
1185 4194 1230 4244 the

133 4255 317 4313 proristonwas
334 4255 411 4306 mede
427 4255 456 4303 in
472 4255 577 4306 Devid's
593 4255 649 4305 1ire-
704 4258 846 4304 annotator
872 4254 936 4304 with
963 4255 1017 4305 this
1048 4257 1228 4309 informetion.

135 4316 203 4383 time;
229 4323 339 4385 Segrsve
361 4321 453 4371 oleime
475 4320 559 4370 under
580 4320 650 4369 John
705 4319 753 4371 See
763 4319 1104 4386 Mst.Per.vol.8‚p.495.

135 4397 176 4433 son
196 4388 222 4436 oi
242 4387 340 4447 Devid3
369 4387 404 4436 he
426 4389 523 4436 eennot
549 4386 580 4435 be
607 4385 648 4435 de·
735 4384 893 4435 ⁸A.m.28.

134 4449 213 4510 pn'red
226 4455 254 4502 ot
269 4453 314 4502 the
332 4450 394 4503 land
410 4451 444 4515 by
454 4465 508 4515 any
518 4449 649 4514 provision
737 4450 852 4514 ‘posset
864 4451 894 4500 A.
