3167 5075
367 354 430 423 706
534 369 625 418 eran
649 369 692 416 or
715 365 978 417 remeantem
1001 343 1304 424 ιιιιοιιετιιιιιιιιιιιιζ
1539 354 1540 445 l

1539 472 1540 525 l

367 540 412 606 Et
441 539 514 605 ideo
543 539 782 604 consideratum
811 546 863 603 est
891 537 978 625 quod
1006 537 1175 604 «lohannes
1203 539 1323 605 habeat
1349 547 1454 604 etatem
1539 534 1540 541 '

367 665 469 720 suam,
485 651 519 709 et
534 643 607 708 ideo
621 642 691 707 sine
706 642 759 706 die
774 649 835 706 ete.

431 747 543 812 Assisa
557 745 650 811 uenit
664 745 870 832 recognitum
884 745 912 809 ai
927 745 1128 832 Reginaldua
1142 746 1231 830 Boye
1251 755 1343 832 pater
1356 746 1455 810 Emme
1540 786 1541 833 ι

366 851 475 917 uxoris
488 852 512 916 J
513 850 625 917 ordeni
640 851 729 936 Boye
744 849 809 914 fuit
824 849 955 914 saisitus
968 849 1005 914 in
1019 849 1179 915 dominioo
1193 873 1254 915 suo
1267 859 1327 916 eto
1345 850 1385 915 de
1400 873 1457 914 una

367 955 475 1020 bouet.
501 963 586 1020 terre
610 963 645 1020 et
670 954 749 1020 dim.
771 961 833 1019 ete.
857 953 893 1018 in
919 953 1184 1039 Wymundeham
1204 955 1259 1020 die
1288 964 1356 1032 eta,
1381 954 1456 1020 unde
1540 950 1541 953 '

367 1059 530 1125 Henricus
551 1058 592 1124 de
614 1059 761 1124 Tibetolt
783 1065 877 1123 tenet
898 1066 1031 1122 tantum
1053 1065 1113 1124 ete.
1133 1066 1168 1124 et
1184 1059 1364 1124 Willelmus
1380 1060 1456 1145 Boye

366 1171 496 1226 tantum
512 1170 572 1227 ete
618 1159 662 1226 Et
678 1160 840 1225 Henrieua
856 1183 921 1225 non
936 1160 1040 1236 uenit,
1050 1168 1085 1225 et
1099 1159 1172 1226 ideo
1185 1171 1454 1228 resummoneatur.
1541 1216 1542 1249 ᾗ

367 1265 410 1330 Ει
425 1265 609 1330 Willelmus
623 1263 718 1329 uenit
732 1271 767 1329 et
782 1263 884 1328 nichil
899 1263 980 1327 dicit
994 1271 1055 1328 ete
1541 1256 1542 1269 ¹

430 1369 599 1433 Juratores
614 1365 729 1432 dieunt
744 1367 831 1453 quod
846 1365 1048 1453 Reginaldus
1061 1389 1127 1432 non
1141 1367 1225 1432 obiit
1235 1366 1363 1431 seisitus
1374 1376 1409 1430 ut
1420 1365 1455 1430 de

367 1470 467 1547 feodo,
482 1469 560 1556 quia
574 1468 747 1555 Wymarea
760 1479 868 1534 mater
881 1468 1027 1534 eiusdem
1042 1468 1217 1556 Reginaldi
1231 1470 1340 1535 tenuit
1351 1480 1455 1534 terram

366 1573 456 1637 illam
471 1572 506 1636 in
521 1571 640 1648 dotem,
656 1578 690 1635 et
705 1569 793 1636 idem
807 1568 1010 1657 Reginaldus
1025 1570 1089 1635 fuit
1106 1579 1214 1636 eustos
1231 1572 1345 1660 matria
1362 1594 1413 1636 sue
1425 1581 1457 1636 et

366 1697 440 1739 oum
464 1697 503 1739 ea
524 1674 559 1739 in
580 1682 667 1740 terra
689 1673 754 1751 illa,
770 1681 805 1738 et
824 1680 957 1738 tantum
980 1673 1107 1738 loeutus
1130 1673 1195 1738 fuit
1215 1697 1291 1738 eum
1310 1673 1457 1738 Willelmo

366 1777 465 1843 fratre
487 1800 545 1842 suo
566 1777 713 1864 predicto
734 1776 822 1863 quod
844 1776 1001 1843 oonoesait
1023 1776 1129 1842 eidem
1152 1777 1332 1865 Reginaldo
1352 1787 1457 1842 terram

366 1882 456 1946 illem
486 1888 559 1966 post
588 1881 755 1946 decessum
778 1879 893 1945 matris
918 1902 985 1959 sue,
1007 1889 1042 1946 et
1071 1881 1148 1946 inde
1177 1883 1265 1968 cepit
1287 1880 1457 1968 homagium

366 2008 471 2062 suum,
486 1993 521 2051 et
535 1985 621 2051 idem
638 1984 840 2072 Reginuldua
854 1984 937 2050 obiit
951 1993 1127 2072 antequam
1146 1995 1253 2051 mater
1271 2009 1330 2050 sua
1345 1994 1378 2050 et
1393 1984 1458 2049 ideo

367 2111 429 2154 non
440 2088 523 2154 obiit
531 2087 661 2154 saisitus
672 2095 709 2153 ιιι
718 2087 759 2152 de
768 2087 861 2153 feodo
872 2087 951 2174 quia
963 2087 1088 2153 nullam
1102 2087 1254 2154 saisinam
1265 2088 1341 2153 inde
1354 2087 1459 2152 habuit

239 2208 324 2260 [ssa]
367 2201 426 2259 etc.
448 2193 453 2279 Ι

235 2302 328 2367 1960.
431 2297 455 2361 J
457 2304 552 2361 urata
565 2295 659 2360 uenit
672 2294 881 2383 recognitum
893 2317 934 2360 ex
948 2317 1105 2360 consensu
1119 2295 1265 2381 parcium
1279 2295 1308 2360 si
1322 2295 1470 2360 Bosanns·

366 2401 407 2467 de
436 2401 607 2466 Finemere
638 2408 743 2465 mater
772 2399 949 2464 Petronille
979 2421 1043 2485 que
1071 2399 1136 2464 fuit
1165 2421 1247 2464 uxor
1280 2398 1408 2464 Roberti
1433 2398 1460 2462 le

366 2502 518 2591 Templer
540 2501 649 2568 tenuit
675 2523 775 2568 unam
798 2499 910 2567 hidam
933 2509 1019 2566 terre
1042 2523 1118 2567 eum
1142 2509 1223 2588 pert
1252 2501 1289 2567 in
1313 2500 1461 2589 Keyham,

366 2606 453 2673 unde
464 2608 535 2693 ipsa
543 2605 721 2672 Petronilla
732 2606 853 2671 elamat
862 2604 996 2670 terciam
1006 2613 1136 2691 partem
1146 2628 1260 2671 uersus
1271 2604 1460 2671 willelmum
1544 2667 1545 2680 ,

367 2710 397 2775 le
413 2711 583 2777 Faucuner
597 2718 636 2775 ut
656 2709 885 2775 racionabilem
903 2708 1087 2795 porcionem
1111 2731 1204 2775 suam
1223 2731 1287 2796 que
1307 2732 1376 2775 eam
1394 2731 1461 2773 oon-

367 2814 468 2902 tingit
483 2814 524 2879 de
538 2814 721 2879 hereditate
736 2836 800 2899 que
816 2814 880 2878 luit
893 2813 1040 2899 predicte
1054 2814 1207 2879 Rosanne
1227 2813 1340 2880 matris
1358 2836 1412 2880 sue
1429 2813 1461 2877 in

367 2918 468 2995 feodo,
483 2918 537 2983 uel
559 2926 598 2981 ιιι
618 2916 728 2982 dotem
751 2939 845 2983 suam
865 2940 905 2981 ex
927 2917 1012 2982 dono
1026 2916 1186 2982 Willelmi
1206 2917 1350 2983 Soonard
1369 2938 1461 3005 quon·

366 3021 442 3087 dam
458 3021 522 3085 uiri
536 3020 638 3107 ipsius
654 3020 805 3086 Rosanne
821 3028 880 3086 ete

431 3124 454 3189 J
456 3132 601 3189 oratores
615 3122 731 3189 dicunt
746 3124 834 3211 quod
852 3125 983 3211 quando
1003 3125 1188 3191 Willelmus
1208 3125 1296 3191 filius
1318 3125 1462 3193 Soonardi

368 3228 483 3294 debuit
512 3226 629 3295 ducem
658 3227 839 3314 predictam
868 3230 1053 3295 Rosannm
1081 3231 1118 3295 in
1150 3253 1294 3308 uxorem,
1321 3238 1463 3317 parentes

368 3334 470 3421 ipsius
500 3334 649 3399 Rosanne
679 3356 744 3397 non
775 3333 909 3398 fuerunt
938 3333 1047 3419 paeati
1074 3334 1139 3399 nisi
1167 3334 1255 3400 idem
1289 3334 1463 3401 Willelmm

368 3438 461 3503 deret
476 3438 582 3503 eidem
598 3438 749 3503 Rosanne
765 3436 807 3502 de
822 3445 911 3501 terra
923 3459 984 3502 sua
997 3459 1062 3523 que
1076 3436 1184 3503 eidem
1199 3438 1351 3503 Rosanne
1365 3446 1463 3524 poaeet

367 3562 533 3606 remanere
563 3548 598 3605 et
626 3539 801 3605 heredibus
830 3540 898 3605 suis
926 3540 961 3604 in
990 3548 1195 3626 perpetuum,
1218 3562 1256 3629 eo
1278 3541 1366 3628 quod
1384 3540 1463 3605 idem

368 3643 552 3709 Willelmus
573 3642 690 3708 habuit
712 3664 829 3728 pueros
851 3642 891 3708 de
915 3664 1013 3707 uxore
1035 3642 1126 3728 prius
1147 3643 1180 3709 ei
1200 3642 1403 3730 desponsata,
1421 3643 1465 3708 ita

368 3745 454 3831 quod
483 3745 555 3831 ipsa
583 3744 772 3830 priusquam
801 3744 997 3831 desponsata
1024 3752 1111 3809 esset
1146 3746 1270 3831 recepit
1304 3746 1465 3811 dimidiam

204 3870 326 3919 sot-quoa
367 3870 508 3915 maroam
524 3848 637 3913 eodem
652 3848 705 3914 die
720 3870 784 3934 quo
798 3848 994 3935 desponsata
1013 3849 1078 3914 fuit
1099 3870 1158 3935 pro
1177 3850 1297 3915 seisina
1315 3848 1463 3927 habenda

203 3918 347 3957 udatlnmu

203 3964 350 4050 ΨΜ
368 3962 402 4017 et
417 3951 490 4017 ideo
509 3951 701 4039 intelligunt
722 3951 809 4039 quod
828 3953 892 4017 fuit
914 3953 1026 4019 saisita
1047 3963 1087 4017 ut
1108 3953 1150 4018 de
1172 3954 1275 4033 feodo,
1288 3955 1368 4040 quia
1383 3953 1466 4019 dedit

203 4062 349 4152 fflgffisp
368 4056 400 4121 ei
413 4064 534 4121 terram
549 4055 639 4120 illam
660 4054 843 4121 habendam
863 4056 979 4122 sibiet
998 4056 1173 4122 heredibus
1193 4058 1262 4123 suis
1283 4058 1326 4123 de
1347 4082 1382 4124 se
1402 4080 1465 4144 pro

203 4148 354 4281 &33¹⁰
369 4157 577 4223 uenientibus
591 4158 779 4244 priusquam
797 4158 888 4223 illam
903 4159 1136 4245 desponsasset,
1150 4167 1185 4224 et
1199 4159 1290 4224 illam
1306 4159 1464 4225 dimidiam

203 4243 342 4337 „lhttlas
368 4283 508 4328 maroam
534 4260 657 4347 recepit
683 4260 814 4326 nomine
839 4260 966 4340 seisine,
989 4270 1024 4327 et
1047 4262 1121 4328 ideo
1142 4284 1208 4327 non
1230 4262 1295 4329 fuit
1321 4264 1387 4331 doa
1428 4263 1465 4327 Ει

547 4390 556 4423 1
573 4390 626 4440 For
637 4392 770 4441 dmiratione
779 4390 1044 4456 raaddespomatioae.
1078 4394 1127 4446 Sao
1136 4392 1181 4444 Bt.
1193 4394 1211 4444 t
1225 4394 1267 4445 29.
