3167 5075
417 436 568 499 aru-rsus,
590 436 654 485 nn.
680 422 772 496 1224,
795 435 859 487 aa
881 424 912 485 8.
1172 422 1214 488 53

125 631 176 672 sua
192 609 314 696 pmpria
332 610 569 676 consideratum
591 619 642 676 est
661 609 747 697 quod
766 607 881 675 assisa²
900 616 1068 675 remaneat
1082 616 1215 697 propter

125 712 209 777 finem
224 713 314 778 illum
329 722 364 779 et
379 713 452 779 ideo
466 714 619 802 procedat
633 716 740 781 assisa.

128 806 130 813 ’
178 814 338 882 Juratores
367 818 482 884 dicunt
510 817 597 905 quod
623 806 793 883 Falkesius
818 816 996 882 disseisiuit
1020 840 1097 882 eum
1127 816 1213 883 sicut

122 919 209 987 breue
232 922 311 987 dicit
334 930 370 988 et
395 931 469 1010 post
493 922 670 988 terminum
695 922 760 989 scil.
784 921 826 987 de
851 921 978 987 duabus
1002 945 1105 989 camo.
1127 930 1213 987 terre

121 1046 184 1089 cum
207 1034 284 1111 pert.
311 1025 411 1091 etde
432 1026 456 1111 j.
483 1024 675 1090 molendino.
721 1024 765 1089 Et
794 1023 868 1089 ideo
896 1024 1134 1090 consideratum
1162 1033 1213 1090 est

120 1128 196 1213 quod
217 1130 379 1195 Walterus
404 1129 609 1216 recuperauit
632 1128 784 1196 saisinam
810 1151 904 1194 suam
928 1137 963 1195 et
984 1128 1155 1195 Falkesius
1177 1129 1211 1194 in

119 1230 330 1299 misericordia

24 1338 86 1401 Ι013.
175 1338 333 1403 Robertus
367 1338 502 1404 Peuerel
535 1338 753 1405 summonitus
786 1338 852 1403 fuit
880 1338 923 1404 nd
951 1336 1211 1424 respondendum

119 1438 228 1507 Thome
243 1441 379 1507 Peuerel
394 1440 451 1528 qui
466 1449 517 1506 est
531 1440 616 1506 infra
629 1448 753 1507 etatem
768 1463 833 1527 quo
847 1448 992 1507 waranto
1006 1463 1041 1506 se
1062 1448 1156 1506 tenet
1174 1440 1211 1506 in

117 1542 232 1609 duabus
252 1546 335 1633 uirg.
358 1554 443 1611 terre
467 1568 542 1611 cum
566 1554 647 1632 pert.
671 1546 706 1611 in
730 1546 934 1612 Ardientona
958 1531 1045 1611 unde
1070 1546 1211 1611 Thomas

116 1646 239 1715 Peuerel
267 1658 365 1737 pater
390 1648 529 1736 predicti
556 1650 679 1715 'Ihome
708 1649 802 1715 ouius
831 1650 925 1717 heres
958 1650 1028 1738 ipse
1061 1658 1113 1717 est
1146 1651 1210 1717 fuit

115 1752 232 1819 saisitus
246 1754 299 1819 die
314 1776 380 1841 quo
394 1753 476 1819 obiit
490 1762 529 1819 ut
544 1753 664 1820 dicitur
678 1762 737 1821 etc
1252 1796 1257 1809 ·

172 1856 212 1922 Et
226 1857 389 1923 Robertus
404 1857 497 1923 uenit
512 1866 546 1922 et
563 1858 727 1945 cognoscit
747 1856 835 1945 quod
853 1858 993 1924 Thomas
1012 1858 1112 1923 frater
1131 1880 1210 1924 suus

114 1958 186 2024 obiit
206 1961 336 2026 seisitus
359 1960 400 2025 de
424 1969 511 2026 tenu
535 1961 600 2039 illa,
624 1970 675 2027 set
700 1961 830 2049 quando
855 1962 937 2027 obiit
959 1961 1100 2028 Thomas
1122 1962 1210 2028 filins

113 2082 183 2127 suus
195 2085 258 2127 non
272 2063 338 2129 fuit
353 2072 450 2128 natus
464 2084 524 2128 nec
544 2063 641 2128 sciuit
661 2064 778 2150 aliquis
798 2063 886 2151 quod
904 2072 1011 2129 mater
1034 2065 1104 2129 eius
1124 2073 1209 2129 esset

113 2185 261 2251 pregnans
275 2174 329 2232 set
343 2188 383 2231 ex
398 2189 463 2253 quo
477 2176 575 2232 natus
597 2175 647 2232 est
669 2167 753 2233 bene
775 2166 940 2255 cognoscit
960 2165 1047 2252 quod
1068 2165 1209 2232 Thomas

112 2278 157 2333 est
176 2270 259 2336 filius
281 2280 318 2336 et
340 2271 433 2336 heres
459 2270 582 2337 Thome
608 2271 660 2337 sui
688 2271 799 2336 fratris
827 2279 863 2335 et
892 2269 979 2357 quod
1007 2269 1077 2355 ipse
1106 2270 1208 2335 nichil

111 2372 220 2439 clamat
249 2375 284 2439 in
315 2383 403 2441 terra
431 2375 503 2440 illa'
537 2375 601 2441 nisi
639 2374 820 2441 custodiam
853 2396 912 2459 per
940 2374 1106 2459 Rogemm
1135 2373 1208 2439 Alis

110 2478 272 2564 capitalem
295 2478 465 2544 dominum
488 2478 573 2544 feodi
593 2478 650 2566 qui
672 2479 802 2566 quando
816 2479 957 2545 Thomas
970 2477 1054 2544 obiit
1067 2500 1106 2544 eo
1120 2478 1208 2565 quod

110 2583 209 2648 nullus
223 2585 287 2650 fuit
302 2585 398 2649 heres
412 2605 571 2670 apparens
585 2583 648 2648 nisi
667 2583 737 2670 ipse
753 2583 915 2649 Rohertus
929 2581 1072 2647 reddidit
1086 2591 1206 2649 terrum

109 2685 189 2752 illam
209 2689 317 2754 eidem
339 2687 482 2753 Roberto
504 2695 538 2752 et
560 2687 637 2753 inde
659 2688 746 2774 oepit
766 2687 954 2775 homagium
977 2709 1082 2765 suum,
1096 2696 1146 2752 set
1166 2711 1207 2753 ex

109 2813 166 2876 quo
178 2791 226 2858 ita
239 2801 291 2858 est
307 2791 409 2857 nichil
425 2791 544 2856 clamat
558 2791 622 2856 nisi
637 2791 826 2858 custodiam.

167 2895 208 2960 Et
232 2897 347 2984 Agnes
372 2903 478 2960 mater
505 2904 539 2962 et
565 2905 674 2962 eustos
700 2895 839 2982 predicti
865 2896 988 2961 Thome
1014 2895 1207 2982 dicitquod

108 2997 186 3064 idem
208 3000 373 3066 Robertus
396 3000 519 3065 nullam
545 3000 622 3066 inde
645 3001 826 3066 custodiam
852 3000 971 3067 habere
1001 3001 1100 3067 debet
1129 3001 1207 3088 quia

108 3101 184 3166 mem
200 3104 364 3170 Robertus
378 3103 456 3169 feeit
470 3125 504 3168 se
519 3103 671 3168 heredem
692 3113 727 3170 et
747 3105 825 3170 fecit
847 3104 1036 3191 homagium
1062 3105 1207 3190 predicto

108 3205 223 3294 Rogero
244 3217 280 3274 et
301 3217 452 3295 preterea
473 3215 560 3272 terra
580 3208 638 3272 illa
658 3209 786 3273 nullum
808 3208 907 3274 dehet
928 3209 1120 3274 forinsecum
1141 3231 1207 3273 ser·

108 3311 219 3377 uicium
238 3313 341 3378 immo
360 3312 501 3377 Thomas
520 3312 610 3376 illam
630 3313 740 3378 tenuit
760 3312 796 3378 in
810 3312 938 3399 socagio
951 3313 1016 3377 scil.
1032 3335 1092 3398 per
1105 3336 1134 3376 x.
1150 3312 1205 3377 sol.

108 3435 159 3497 pro
185 3417 273 3482 omni
302 3415 440 3482 seruicio
469 3423 503 3480 et
531 3415 605 3480 ideo
634 3416 704 3501 ipse
728 3417 854 3481 nullam
878 3414 1059 3480 aristodium
1085 3414 1205 3480 habere

108 3516 203 3596 debet,
218 3529 253 3586 et
276 3528 426 3607 preterea
445 3520 586 3584 Thomas
610 3542 675 3584 non
700 3519 808 3585 tenuit
830 3519 871 3584 de
893 3519 1021 3606 Rogero
1042 3519 1078 3583 in
1099 3518 1207 3604 capite

108 3631 152 3686 set
165 3623 203 3688 de
218 3625 240 3690 J
241 3625 370 3689 ohanne
385 3622 426 3688 de
442 3623 600 3688 Hoctona

166 3728 207 3794 Et
221 3729 300 3816 quia
311 3727 473 3794 Rohertus
485 3729 648 3816 cognoscit
662 3727 749 3814 quod
764 3727 843 3792 fecit
859 3726 1046 3814 homagium
1061 3726 1207 3813 predicto

109 3829 224 3917 Rogero
238 3845 273 3898 et
288 3831 377 3919 quod
391 3831 478 3898 idem
493 3832 633 3897 Thomas
647 3841 697 3898 est
713 3831 800 3896 filius
820 3831 944 3896 Thome
968 3831 1077 3896 fratris
1097 3832 1149 3896 sui
1171 3842 1206 3897 et

109 3935 185 4019 quod
198 3937 339 4002 Thomas
354 3936 437 4002 obiit
451 3936 581 4002 saisitus
596 3936 637 4002 de
652 3935 765 4001 mdem
788 3944 876 4001 terra
895 3935 1135 4000 consideratum
1155 3946 1207 4002 est

111 4039 186 4122 quod
207 4041 349 4106 Th0mas
373 4040 493 4105 habeat
513 4038 664 4105 seisinam
684 4061 785 4117 suam,
802 4048 836 4103 et
851 4037 879 4102 si
893 4039 1042 4124 capitalis
1057 4039 1207 4104 dominus

115 4281 119 4286 '
141 4273 148 4306 ¹
164 4275 259 4343 Supply
274 4293 332 4330 noa.
369 4277 425 4327 The
446 4277 521 4340 point
544 4291 627 4328 meme
710 4277 721 4309 ²
737 4277 850 4327 Observa
861 4276 916 4326 this
925 4275 1003 4338 ready
1014 4276 1162 4326 admission
1179 4279 1209 4328 ot

112 4341 136 4387 lo
146 4340 174 4392 be
181 4343 237 4392 that
249 4359 265 4394 a
275 4345 327 4394 fine
338 4343 421 4394 lavied
432 4343 466 4406 by
477 4359 493 4393 a
504 4342 628 4393 disscisor
678 4342 723 4392 the
739 4342 809 4406 right
825 4342 854 4391 ot
870 4343 916 4391 the
930 4342 1103 4405 posthumous
1114 4343 1206 4404 grand·

113 4403 627 4472 isnobartoanassiaebythcdisseisee.
679 4407 763 4466 child;
782 4409 822 4456 sor
837 4422 878 4456 see
893 4408 938 4456 Br.
956 4409 974 4456 f.
992 4408 1049 4465 268,
1066 4409 1115 4455 282
1131 4423 1162 4457 aa
1179 4411 1207 4458 to

113 4467 246 4524 Br.r.ser.
313 4503 318 4514 ·
679 4473 724 4523 the
735 4473 819 4536 rights
831 4473 860 4522 oi
869 4473 945 4522 uncle
957 4473 1008 4522 and
1020 4472 1134 4535 cephea.
