3167 5075
382 388 444 451 296
590 398 707 448 consu
729 398 827 460 nsum,
850 399 914 447 so.
938 384 1118 460 mss-lo
1140 400 1204 450 ss
1227 387 1277 449 24.

381 587 441 642 otc.
458 598 555 662 quam
571 584 691 641 terrem
705 575 729 640 J
730 573 874 639 ohannes
889 574 1031 661 Gsymer
1044 583 1145 653 tenet,
1159 577 1217 662 qui
1236 576 1330 641 uenit
1348 583 1381 641 et
1399 574 1462 640 dicit

380 677 467 766 quod
481 676 581 743 nichil
596 677 715 741 clamat
730 676 764 740 in
781 685 867 741 terra
881 677 938 742 illa
948 678 1010 741 nisi
1024 678 1067 743 ad
1081 678 1186 743 uitam
1199 702 1292 744 suam
1306 702 1366 765 per
1376 679 1461 765 legem

379 782 501 870 Anglie
519 780 597 867 quia
617 780 718 844 hebet
740 779 822 845 duas
843 780 927 845 filias
944 779 950 867 Ι
969 780 1011 846 dc
1032 781 1173 867 quadum
1193 805 1292 847 uxore
1313 804 1373 847 sue
1390 782 1462 846 cuius

379 886 543 952 heredites
557 893 644 950 terre
658 883 715 948 ills
729 884 792 949 fuit
807 891 843 948 et
857 906 920 971 que
934 894 1012 949 sunt
1026 886 1111 950 infra
1124 894 1248 951 etatem
1262 894 1302 951 ut
1316 886 1400 951 dicit
1427 884 1461 949 u

379 990 452 1056 ideo
466 989 587 1054 habeut
602 1010 656 1052 eus
671 986 731 1052 toli
745 986 800 1051 die
815 994 875 1053 eto

445 1095 488 1159 Et
512 1092 676 1157 Walterus
699 1090 792 1157 uenit
822 1099 857 1155 et
885 1090 966 1155 dicit
995 1091 1081 1178 quod
1110 1092 1244 1179 quidum
1274 1092 1407 1158 Michsel
1430 1090 1461 1155 de

379 1190 520 1265 Polsted'
542 1196 634 1261 dedit
658 1194 978 1281 predictameerram
1001 1196 1146 1282 predicto
1166 1198 1312 1263 Johanni
1333 1198 1461 1284 Dnguu

380 1302 554 1368 tenendam
569 1300 633 1385 ipsi
648 1306 682 1363 et
697 1298 871 1365 heredibus
886 1299 953 1363 suis
971 1299 1006 1362 in
1026 1299 1119 1365 feodo
1138 1309 1173 1365 et
1193 1301 1276 1366 obiit
1296 1300 1418 1366 seisitus
1434 1308 1463 1363 ut

378 1408 420 1473 de
435 1405 528 1471 leodo
543 1413 578 1470 et
592 1404 647 1470 ille
663 1412 713 1469 est
728 1402 939 1489 propinquior
952 1402 1045 1467 heres
1059 1403 1131 1489 ipsi,
1146 1412 1181 1469 et
1200 1404 1242 1470 de
1262 1404 1324 1469 hoc
1338 1403 1421 1490 pouit
1435 1424 1462 1465 se

378 1532 475 1596 super
489 1509 637 1575 iuratam.
682 1508 727 1573 Et
741 1508 900 1572 iuratores
912 1508 1062 1593 requisiti
1076 1508 1145 1573 sine
1159 1518 1362 1573 sacramento
1370 1508 1463 1573 dicum

377 1613 611 1701 quodquidam
626 1612 812 1677 Willelmus
830 1612 871 1676 de
893 1611 1130 1698 Wyndeshores
1144 1612 1238 1677 dedit
1252 1621 1372 1679 tenum
1390 1613 1462 1677 illm

378 1717 507 1783 cuidem
523 1715 686 1779 Willelmo
703 1715 834 1781 Shirlolr
848 1714 1022 1779 tenendum
1038 1713 1233 1779 hereditarie
1247 1738 1324 1780 cum
1344 1714 1462 1802 quodun

377 1822 500 1889 uillsno
525 1819 696 1885 Derewine
726 1818 784 1905 qui
813 1827 933 1884 terram
961 1819 1052 1884 illem
1082 1820 1191 1885 tenuit
1218 1819 1382 1886 reddendo
1402 1818 1462 1885 inde

378 1926 548 1993 annuatim
569 1923 635 2009 viij.
658 1924 714 1989 sol.
737 1930 772 1987 et
793 1923 838 2008 vj.
858 1922 940 2000 den,
962 1930 998 1989 et
1018 1922 1107 1988 idem
1128 1924 1315 1989 Willelmus
1336 1922 1463 1990 uendidit

379 2029 603 2096 terramillam
619 2025 773 2092 Michaeli
789 2025 830 2089 de
850 2024 983 2090 Polfeld’
998 2047 1074 2090 cum
1094 2026 1239 2114 predicto
1259 2028 1421 2115 Derewyn,
1436 2036 1463 2089 et

378 2132 465 2198 idem
480 2129 620 2196 Michsel
641 2128 732 2193 dedit
751 2128 841 2192 illam
862 2136 897 2192 et
916 2128 1073 2193 concessit
1094 2152 1169 2194 cum
1186 2129 1302 2195 eodem
1325 2131 1464 2214 Derewyu

378 2234 522 2322 predicto
531 2234 554 2299 J
555 2232 675 2298 ohsnni
684 2232 834 2318 Dngun
842 2231 1005 2297 auunculo
1012 2230 1151 2317 predicti
1160 2231 1299 2298 Walteri
1309 2233 1463 2299 tenendum

378 2340 490 2406 sibiet
510 2336 683 2402 heredibus
702 2336 777 2413 suis,
794 2344 830 2401 et
849 2344 977 2401 mortuo
995 2324 1142 2421 predicto
1163 2335 1314 2401 Johenne
1333 2337 1463 2422 Dngm

377 2444 472 2510 uenit
497 2443 585 2508 idem
611 2441 751 2507 Michael
777 2441 818 2507 de
843 2441 983 2507 Polsted’
1009 2449 1044 2506 et
1069 2440 1161 2506 dedit
1186 2449 1308 2507 terrem
1332 2440 1462 2507 illumin

378 2547 587 2636 marilegium
609 2569 684 2611 cum
706 2546 873 2612 Gunnilde
894 2545 964 2611 filis
984 2545 1124 2633 predicti
1152 2546 1318 2613 Derewini
1337 2546 1463 2633 predicto
1523 2628 1524 2633 ἵ

377 2652 523 2718 Johenni
551 2652 694 2738 Guymer
721 2673 780 2738 per
809 2658 932 2716 certem
961 2673 1055 2716 susm
1082 2660 1118 2717 et
1146 2651 1322 2718 tenendum
1347 2651 1416 2738 ips's
1434 2657 1462 2714 et
1523 2652 1524 2689 ;

378 2757 552 2824 heredibus
566 2756 717 2842 ipsorum,
733 2764 767 2821 et
782 2755 929 2841 predicta
943 2754 1111 2820 Gunnilde
1124 2765 1254 2821 mortua
1268 2764 1319 2822 est
1332 2765 1366 2821 et
1378 2755 1462 2820 hebet

378 2861 459 2927 duas
473 2861 556 2926 filias
567 2861 689 2926 scilicet
699 2860 723 2925 J
723 2859 867 2924 ulionem
876 2867 911 2923 et
923 2859 1140 2945 Margarelom
1148 2881 1287 2946 querum
1299 2862 1463 2947 Mergmets

379 2975 429 3032 est
443 2967 528 3032 infra
542 2974 673 3031 etatem.
718 2962 815 3028 Ideo¹
829 2971 995 3028 remaneat
1008 2963 1110 3028 assisa
1123 2985 1226 3050 usque
1240 2963 1284 3028 nd
1298 2971 1460 3041 etatemet
1522 3016 1523 3025 ,

377 3093 451 3135 cum
473 3070 515 3135 sd
537 3077 660 3134 etatem
682 3067 869 3154 peruenerit
889 3076 1170 3133 resummoueatur
1190 3067 1226 3132 in
1247 3068 1360 3133 eodem
1378 3076 1459 3132 statu

378 3175 422 3239 Et
447 3175 525 3261 quis
547 3173 712 3260 predictus
735 3173 765 3238 J.
789 3180 824 3236 et
846 3171 1014 3237 Gunnilds·
1033 3195 1115 3237 uxor
1135 3179 1241 3238 meter
1263 3171 1459 3258 predictemm

375 3279 507 3344 Julisne
544 3287 578 3342 et
608 3276 791 3364 Margarete
820 3277 869 3341 ita
896 3275 1009 3341 leofeti
1037 3277 1171 3342 fuerunt
1203 3299 1263 3364 per
1296 3276 1458 3363 predictum

376 3382 579 3460 Michaelem
599 3381 838 3447 consideratum
860 3381 1018 3467 estquod
1039 3381 1140 3468 Hugo
1162 3381 1203 3446 de
1225 3379 1364 3446 Polsted’
1383 3379 1458 3443 heres
1521 3422 1522 3437 ,

375 3487 511 3572 predicti
536 3486 704 3552 Michaelis
727 3493 973 3550 summoneatur
998 3485 1084 3572 quod
1109 3485 1153 3550 sit
1176 3485 1237 3550 teli
1265 3485 1320 3551 die
1345 3493 1399 3550 etc
1422 3477 1456 3544 sd

375 3591 649 3656 warentizsndum
664 3589 811 3676 predicto
825 3590 848 3655 J
849 3589 969 3655 ohenni
984 3590 1209 3655 terramillam
1224 3599 1286 3655 etc.

328 3747 336 3766 .
439 3694 601 3759 Robertus
615 3694 656 3760 de
672 3693 864 3760 Dudintone
876 3693 1094 3758 summonitus
1108 3693 1174 3758 fuit
1185 3693 1227 3758 sd
1242 3690 1454 3759 ostendendum

375 3821 439 3884 quo
453 3806 595 3863 werento
610 3807 702 3863 tenet
717 3799 757 3863 lx.
773 3820 863 3864 acras
877 3806 963 3864 terre
983 3820 1058 3862 cum
1079 3806 1160 3883 pert.
1176 3796 1211 3862 in
1225 3798 1367 3863 manerio
1379 3795 1454 3861 Dom

375 3903 475 3990 Regis
496 3903 537 3967 de
560 3903 732 3969 Sotisdone
753 3925 818 3990 que
840 3903 939 3969 debet
961 3925 1030 3970 esse
1051 3903 1088 3968 in
1107 3925 1206 3968 manu
1227 3925 1288 3968 sus
1310 3911 1454 3987 tamquam

375 4005 524 4072 eschaeta
539 4029 598 4072 sua
617 4006 658 4072 de
678 4006 773 4072 terris
795 4009 1058 4074 Normennorum
1079 4017 1114 4074 et
1135 4007 1286 4073 similiter
1306 4007 1348 4072 ad
1367 4013 1454 4070 osten·

374 4108 516 4174 dondum
533 4132 631 4196 quare
646 4111 827 4197 osportsuit
842 4111 1017 4198 quemdem
1031 4113 1151 4177 molem
1170 4112 1212 4178 de
1231 4110 1407 4178 molendino
1421 4104 1454 4168 de

375 4214 547 4281 Sotisdone
561 4214 682 4282 iniuste
698 4225 757 4282 cto.
1519 4284 1520 4289 ,

440 4319 483 4383 Et
494 4318 656 4385 Robertus
665 4321 758 4386 uenit
767 4329 802 4386 ot
813 4321 894 4387 dicit
905 4320 992 4408 quod
1002 4319 1102 4386 nichil
1114 4326 1208 4385 tenet
1218 4319 1259 4385 de
1269 4313 1456 4388 bamniaills
1519 4322 1520 4345 ¹

477 4451 486 4484 ¹
503 4451 615 4502 Because
627 4449 741 4502 Guuilde
752 4451 855 4502 mother
866 4449 895 4502 ol
905 4449 949 4501 tho
960 4449 1048 4500 iniunt
1058 4447 1202 4500 deforciant
1213 4447 1272 4500 died
1283 4447 1370 4500 seint
