3167 5075
294 422 426 469 srussr
448 422 520 469 irs
543 408 766 481 rssrssjan.
792 408 885 481 1221,
907 420 969 469 aa
995 410 1023 468 5.
1147 406 1208 473 431

117 592 333 679 Fuhelgdona¹
356 601 396 656 ut
417 592 527 657 dotem
554 614 646 656 suam
672 600 742 669 etc,
764 591 852 656 unde
882 591 1047 678 predictus
1076 591 1212 657 Josceus
1251 630 1253 637 ·

116 696 163 760 die
194 718 258 781 quo
292 718 364 759 eam
399 694 624 779 desponsauit¹
652 716 711 780 per
739 716 906 759 assensum
941 703 976 759 et
1007 694 1212 759 uoluntatem

117 798 241 864 Hernici
269 800 371 884 patris
400 798 459 873 sui,
485 799 534 862 ita
558 798 645 883 quod
672 821 744 863 eam
770 798 900 863 dotauit
926 798 967 863 de
994 798 1095 863 tercia
1119 806 1213 883 parte

117 904 210 987 tocius
230 911 317 967 terre
341 925 440 988 quam
463 902 552 966 idem
575 903 737 967 Henricus
760 911 839 967 tunc
862 904 980 980 tenuit,
1002 910 1037 967 et
1057 902 1097 967 de
1113 903 1214 967 tercia
1304 898 1308 905 ’

116 1016 199 1092 parte
218 1007 323 1071 tocius
346 1015 430 1071 terre
451 1029 515 1092 que
536 1007 567 1071 ei
581 1008 725 1072 accidere
739 1016 858 1094 posset,
873 1017 907 1072 et
922 1017 1009 1073 terra
1023 1008 1081 1072 illa
1095 1008 1213 1071 accidit

116 1112 212 1177 eidem
226 1113 252 1176 J
253 1134 352 1188 osceo,
363 1119 398 1175 et
412 1111 486 1175 ideo
497 1112 583 1196 petit
597 1112 674 1177 inde
689 1112 799 1177 dotem
815 1136 916 1190 suam,
928 1120 962 1178 et
976 1113 1053 1179 inde
1065 1112 1213 1199 producit
1253 1158 1256 1165 ,

116 1225 235 1281 sectam.
282 1216 325 1281 Et
345 1215 506 1279 Rariulfus
525 1216 619 1280 uenit
638 1225 673 1281 01
693 1217 774 1281 dicit
793 1218 881 1303 quod
901 1241 966 1283 non
986 1226 1079 1283 tenet
1093 1226 1213 1282 terram

114 1318 203 1395 illam,
217 1318 283 1382 nisi
305 1317 516 1383 medietatem
536 1318 638 1382 trium
657 1341 804 1383 acrarum
825 1328 909 1385 terre
932 1329 992 1386 etc.
1008 1330 1043 1385 et
1066 1328 1215 1407 preterea

114 1421 248 1486 uillanus
262 1429 313 1486 est
328 1429 362 1485 01
381 1420 417 1483 in
436 1420 613 1507 uillenagio
632 1428 733 1485 tenet.
778 1421 822 1486 Et
837 1423 909 1487 ideo
925 1424 995 1508 ipsa
1014 1424 1084 1488 sine
1104 1422 1158 1488 die
1180 1432 1215 1487 et

113 1524 273 1611 perquirat
287 1522 337 1589 se⁸
351 1524 379 1589 si
394 1524 535 1588 uoluerit
550 1545 663 1588 uersus
678 1523 846 1589 dominum
862 1548 958 1591 suum
974 1534 1034 1591 etc.

56 1628 84 1688 c.
170 1629 350 1694 ‘Henricus
372 1627 403 1691 le
425 1628 510 1713 Tyes
532 1634 566 1692 01
588 1626 729 1692 Isobella
747 1650 829 1692 uxor
848 1629 918 1693 cius
939 1652 998 1715 per
1019 1630 1124 1715 ipsam
1146 1629 1214 1695 Iso·
1301 1664 1314 1693 n

113 1733 225 1797 bellam
255 1740 455 1797 attornatam
480 1732 616 1796 Henrici
641 1732 832 1817 optulerunt
858 1756 892 1798 se
918 1733 999 1819 iiijc.
1024 1734 1077 1799 die
1102 1756 1214 1799 uersus

114 1836 279 1901 Warinum
311 1836 417 1901 filium
451 1836 603 1900 Nicholai
636 1836 679 1900 de
712 1836 832 1922 placito
867 1859 965 1923 quare
1000 1846 1130 1902 secutus
1164 1844 1215 1901 est

113 1940 263 2025 placitum
278 1940 315 2003 in
329 1939 419 2003 curia
432 1938 657 2002 cristianitatis
676 1936 717 2002 de
738 1938 864 2002 catallis
886 1961 949 2024 que
970 1961 1035 2004 non
1055 1947 1132 2003 sunt
1154 1948 1213 2003 etc.

114 2051 218 2107 contra
244 2051 304 2107 etc
350 2041 393 2105 Et
419 2040 573 2105 Warinus
594 2062 660 2104 non
681 2040 775 2103 uenit
798 2048 832 2104 et
853 2040 1053 2105 attachiatus
1071 2040 1136 2104 fuit
1157 2062 1216 2125 per

113 2147 205 2211 talem
221 2155 282 2211 etc.
328 2146 372 2210 Et
386 2145 460 2211 ideo
473 2151 615 2230 ponatur
628 2166 688 2229 per
698 2143 846 2209 meliores
861 2144 986 2230 plegios
998 2144 1084 2229 quod
1095 2142 1138 2208 sit
1154 2151 1213 2207 010

56 2250 80 2317 ’3.
171 2251 353 2316 ‘Henricus
372 2249 547 2314 Aurifaber
567 2248 689 2334 optulit
709 2270 744 2312 se
764 2256 880 2333 quarto
895 2247 948 2312 die
963 2270 1077 2313 uersus
1092 2248 1233 2335 Lucam*
1292 2280 1318 2308 sn

112 2354 139 2417 le
158 2354 306 2430 Blecche‚
321 2352 502 2417 Radulfum
521 2351 626 2415 filium
646 2349 816 2427 flamonia,
831 2350 1056 2436 Augustinum
1079 2350 1214 2413 Ruffum

110 2465 141 2521 01
165 2456 361 2521 Michaelem
385 2455 417 2519 le
442 2454 537 2518 Blom
562 2454 604 2517 de
626 2452 747 2538 placito
772 2452 859 2538 quod
883 2459 992 2516 essent
1014 2453 1215 2538 prosecuturi

110 2564 272 2649 appellum
288 2561 375 2648 quod
390 2561 536 2625 fecerunt
550 2581 664 2624 uersus
674 2558 782 2644 ipsum
797 2557 976 2623 Henricum
988 2559 1029 2622 de
1044 2558 1216 2622 falsonaria

110 2677 238 2733 monete
261 2669 354 2732 Dom.
382 2665 489 2752 Regis
534 2665 579 2727 Et
603 2663 666 2749 ipsi
688 2686 754 2728 non
776 2670 941 2728 uenerunt
966 2672 1027 2728 etc.
1073 2663 1117 2728 Et
1138 2657 1217 2748 quia

111 2772 272 2857 appellum
287 2770 430 2855 pertinet
443 2767 487 2832 ad
501 2769 593 2833 Dom
610 2767 744 2853 Regem,
759 2775 950 2852 preceptum
965 2775 1016 2832 est
1031 2767 1216 2832 uicecomiti

111 2876 194 2961 quod
209 2875 330 2939 habeat
344 2895 476 2958 corpora
490 2895 601 2937 eorum
616 2872 676 2937 tali
690 2872 743 2937 die
759 2880 819 2938 etc.
1216 2865 1218 2872 ’

56 2977 81 3038 4.
173 2977 335 3065 “Loquela
358 2976 446 3041 inter
475 2976 618 3041 Priorem
648 2975 689 3040 de
714 2975 961 3041 Cristechurche
990 2983 1165 3060 petentem·
1181 2984 1216 3040 01
1272 2994 1333 3036 noa

110 3084 293 3148 Johannem
317 3083 522 3147 Mautrauers
545 3089 713 3145 tenentem
739 3075 894 3144 deterre
919 3080 955 3143 in
980 3079 1214 3165 Prestespidele
1256 3060 1348 3100 summ

110 3198 275 3254 remaneat
304 3211 344 3252 eo
373 3186 459 3272 quod
494 3185 582 3248 idem
616 3183 784 3248 Johannes
819 3183 908 3248 obiit.
955 3183 999 3246 Et
1032 3182 1215 3246 Willelmus

110 3293 314 3358 lllautrauers
338 3290 490 3356 similiter
511 3287 643 3352 recessit
672 3287 741 3351 sine
768 3287 822 3352 die
846 3309 904 3372 pro
933 3294 1038 3350 morte
1070 3277 1214 3350 eiusdem

109 3397 268 3463 Johannis
290 3397 331 3462 de
356 3395 477 3481 placito
500 3392 587 3457 unde
611 3391 699 3456 idem
723 3391 889 3458 Johannes
915 3392 993 3456 fecit
1023 3414 1098 3456 eum
1127 3407 1218 3455 sum-'

109 3503 233 3567 moneri
247 3502 287 3567 de
302 3501 381 3565 salso
396 3498 518 3563 iudicio
532 3498 618 3561 facto
633 3497 669 3560 in
683 3497 850 3561 comitatu.

56 3607 76 3672 Γ.
174 3607 299 3670 ⁷Abbas
308 3605 349 3668 de
360 3600 553 3687 Nutelegha
562 3599 816 3684 optulicseiiijw.
830 3599 883 3663 die
895 3621 1008 3663 uersus
1020 3597 1213 3684 Magistrum
1268 3625 1332 3664 sora

111 3709 288 3795 Hospitalis
303 3709 336 3773 S.
352 3705 465 3771 Laeuii
479 3705 520 3768 de
535 3697 656 3789 placito
676 3703 763 3788 quod
778 3712 864 3767 essct
886 3702 1059 3767 auditurus
1080 3701 1214 3765 assisam
1260 3748 1264 3760 .
1349 3703 1352 3712 ’

109 3813 226 3877 ultime
247 3809 499 3900 presentacionis
524 3829 623 3894 quam
646 3807 821 3871 aramiauit
847 3829 960 3872 uersus
984 3829 1060 3870 eum
1083 3814 1117 3869 ct
1144 3805 1215 3869 Ha·

109 3940 238 3982 monem
263 3917 304 3982 de
332 3913 473 3982 Ohesel’⁸
492 3914 535 3977 de
550 3911 765 3976 aduocacione
788 3911 920 3976 ecclesie
943 3911 983 3974 de
1007 3909 1131 3976 Chesel'
1154 3919 1214 3975 etc.

111 4021 156 4085 Et
182 4021 338 4109 Magister
358 4041 424 4083 non
446 4017 549 4093 uenit,
569 4024 604 4080 et
625 4013 859 4080 summonicio⁰.
904 4015 926 4079 J
928 4014 1072 4079 udicium
1092 4035 1213 4078 resum-

111 4133 279 4188 moneatur
293 4121 381 4209 quod
395 4121 440 4185 sit
454 4119 515 4184 tali
529 4118 582 4183 die
598 4125 658 4183 etc

143 4249 155 4281 ¹
172 4250 328 4313 Fuprttotm',
342 4249 379 4307 B3
397 4249 560 4311 ruptorum,
573 4246 604 4295 A.
719 4245 731 4277 ⁸
745 4244 776 4293 A.
788 4259 823 4294 m.
839 4243 886 4304 1o;
903 4241 937 4291 B.
946 4257 982 4291 m.
994 4245 1018 4292 8.

144 4314 157 4345 ²
174 4315 268 4378 Supply
278 4331 334 4365 eam
344 4316 453 4373 dotauit,
466 4314 498 4371 A,
507 4313 539 4361 B.
719 4310 730 4343 ²
745 4310 775 4359 A
789 4325 826 4356 m.
839 4309 908 4366 17111
924 4309 955 4356 Β.
968 4323 1005 4357 m.
1017 4310 1056 4358 10.

144 4379 157 4409 ²
175 4379 239 4429 Here
248 4383 278 4432 B.
293 4385 377 4442 stopa.
719 4374 731 4406 ⁸
749 4373 918 4435 Chellesleplz',
931 4373 962 4421 Β.

144 4445 156 4475 ⁴
173 4446 303 4504 Amllh
320 4445 352 4494 B.
364 4447 437 4494 m.8.
719 4439 901 4501 ’Supplyeta
912 4439 942 4499 A,
957 4439 988 4487 B.

145 4509 157 4538 ³
174 4511 246 4560 A.m.
258 4513 304 4571 163
321 4511 353 4559 B.
364 4513 435 4560 m.9.
