3167 5075
530 409 595 459 an.
621 395 714 470 1221,
736 409 798 458 aa.
823 397 850 457 52
1180 394 1243 463 715

133 578 243 665 posuit
257 580 293 644 in
308 579 381 644 uisu
400 601 468 657 suc,
483 587 517 644 ct
535 578 620 666 petit
641 579 728 665 quod
747 579 778 644 ei
799 579 888 644 dicat
907 580 948 645 de
971 603 1035 666 quo
1056 589 1243 646 tenemento

132 683 202 770 ipse
217 683 366 770 queritur
380 691 439 748 etc.

199 787 243 851 Et
265 785 428 851 Henricus
448 785 528 850 dicit
548 785 635 872 quod
655 785 696 852 de
715 795 804 852 secta
821 796 906 852 terre
925 796 959 852 et
974 787 1143 854 hominum
1158 789 1243 854 eius-

130 888 207 954 dem
224 889 357 974 Milonis
372 890 413 954 de
429 888 592 976 Creytona
606 888 648 954 ad
662 889 886 956 molendinum
898 889 1043 956 eiusdem
1055 891 1191 956 chrici
1201 892 1243 956 de

132 992 336 1059 Orakemere.

199 1096 243 1162 Et
264 1095 336 1181 ipsa
358 1095 444 1182 petit
465 1094 622 1160 iudicium
646 1095 674 1159 si
695 1094 737 1161 dc
758 1096 819 1162 tali
844 1107 933 1162 secta
957 1097 1059 1183 possit
1077 1098 1242 1164 >mamiare

130 1197 265 1264 assisam
286 1220 370 1262 noue
389 1196 556 1262 disseisine
577 1206 615 1262 ut
635 1197 676 1262 de
692 1198 793 1262 libero
808 1207 1005 1264 tenemento.
1050 1200 1239 1268 Considera-

132 1309 206 1366 tum
229 1311 279 1366 est
301 1301 388 1387 quod
410 1323 475 1366 non
497 1310 548 1368 est
571 1301 709 1366 liberum
731 1309 964 1369 tenementum
1009 1303 1054 1368 Et
1076 1304 1150 1368 ideo
1171 1305 1241 1369 sine

130 1404 186 1470 die
201 1413 262 1471 etc.

82 1564 88 1577 .
194 1511 310 1576 Assius
330 1511 425 1576 uenit
444 1511 650 1597 recognitum
669 1518 781 1575 utrum
802 1510 879 1576 dim
892 1533 953 1576 aer.
968 1510 1054 1595 prati
1068 1533 1143 1575 cum
1158 1521 1238 1596 pert

128 1613 166 1678 in
190 1614 413 1679 Blumenhilla
435 1615 499 1680 fuit
519 1615 622 1679 libera
640 1615 816 1680 elemosina
834 1615 1001 1701 pertinens
1015 1615 1058 1680 ad
1072 1616 1241 1680 ecelesiam

128 1717 172 1783 de
188 1717 411 1783 Blumenhilla
424 1718 513 1784 unde
527 1718 710 1784 Herbertus
725 1718 766 1783 de
785 1718 1008 1783 Blumenhilla
1025 1726 1075 1783 est
1095 1735 1240 1804 persona,

127 1844 173 1886 an
203 1822 322 1886 laicum
351 1821 483 1886 feodum
512 1821 672 1887 Johannis
702 1821 744 1886 de
769 1821 948 1888 Brimtoua
991 1821 1058 1902 Qui
1083 1821 1177 1887 uenit
1205 1832 1241 1887 et

127 1924 263 1990 uocauit
288 1924 365 1989 inde
393 1925 435 1990 ad
461 1933 640 1990 warantum
670 1927 856 1992 Johannem
886 1926 1002 2013 Dagod
1031 1949 1090 2011 per
1117 1935 1240 1992 cartam

126 2051 232 2106 suam,
246 2051 345 2114 quam
359 2029 481 2113 profert
496 2036 566 2104 etc,
581 2037 616 2092 et
631 2051 694 2115 que
710 2036 853 2093 testatur
866 2038 927 2112 etc.

195 2132 241 2196 Et
266 2130 446 2196 Johannes¹
473 2153 605 2217 presens
627 2132 692 2196 luit
713 2141 748 2197 et
771 2133 935 2219 cognoscit
956 2143 1078 2198 cartam
1103 2142 1138 2198 et
1160 2133 1241 2200 dicit

126 2235 218 2322 quod
239 2234 308 2322 ipse
331 2257 389 2320 per
410 2244 533 2300 cartam
554 2235 645 2300 illam
668 2258 733 2300 nou
753 2237 852 2301 debet
873 2237 905 2301 ei
925 2237 1130 2303 warantizare
1150 2237 1240 2303 illam

127 2339 207 2404 dim
223 2361 284 2403 acr.
300 2338 394 2423 prati,
410 2339 488 2426 quia
501 2341 573 2425 ipsa
586 2363 651 2404 non
667 2348 718 2406 est
736 2341 903 2426 pertinens
922 2341 964 2406 ad
985 2349 1104 2406 terram
1119 2341 1160 2406 de
1176 2364 1242 2427 qua
1253 2366 1365 2406 uma

127 2451 221 2508 carta
242 2442 392 2528 loquitur.
438 2443 530 2508 Dicit
552 2443 654 2508 eciam
676 2444 763 2529 quod
785 2444 969 2510 Herbertus
991 2444 1155 2531 predictus
1176 2414 1401 2511 fuitidiffiiiffif*

127 2549 262 2614 saisitus
284 2550 325 2615 de
347 2549 404 2613 illa
426 2548 503 2614 dim.
521 2568 583 2613 acr.
604 2556 642 2613 ut
663 2548 704 2613 de
725 2549 797 2613 iure
818 2547 953 2614 ecclesie
972 2572 1030 2614 sue
1051 2550 1240 2637 priusquam
1252 2507 1398 2547 mmm

128 2654 202 2739 ipse
225 2653 360 2719 dederat
383 2652 489 2719 eidem
510 2653 533 2718 J
534 2652 655 2718 ohanni
676 2660 796 2718 terram
816 2653 906 2717 illam
926 2662 962 2718 et
975 2653 1045 2739 ipso
1060 2653 1173 2719 eodem
1186 2654 1241 2719 die

127 2766 164 2821 et
188 2764 357 2841 postca,et
377 2754 564 2841 peripsum
584 2754 785 2819 Herbertum
808 2754 924 2820 habuit
946 2754 1031 2842 ipse⁹
1052 2756 1142 2821 illam
1164 2756 1240 2822 dim.

126 2882 191 2925 acr.
207 2859 294 2944 prati
312 2882 370 2945 per
390 2859 564 2945 quamdam
585 2859 686 2923 filiam
707 2858 852 2924 eiusdem
874 2859 1030 2924 Herberti
1051 2884 1150 2946 quam
1172 2861 1241 2948 ipsc

126 2961 226 3027 duxit
251 2962 286 3025 in
312 2984 455 3039 uxorem,
480 2984 543 3047 que
570 2984 645 3025 cum
671 2970 800 3027 mortua
828 2971 914 3027 esset
942 2963 1030 3027 idem
1060 2964 1242 3029 Herbertus

127 3064 238 3129 uoluit
253 3086 441 3150 recuperare
456 3064 497 3128 ad
513 3064 603 3128 illam
621 3062 697 3129 dim.
713 3087 774 3129 aer.
790 3072 825 3129 et
844 3088 910 3129 non
931 3066 1049 3151 potuit,
1066 3067 1153 3131 unde
1172 3067 1242 3153 ipse

126 3169 304 3235 aramiauit
319 3169 450 3233 assisam
467 3168 573 3247 istam,
589 3176 623 3233 ct
638 3168 725 3254 quod
739 3168 788 3232 ita
807 3168 852 3233 sit
873 3177 907 3233 et
927 3191 992 3233 non
1012 3170 1178 3255 pertinens
1200 3170 1242 3235 ad

127 3284 251 3340 terram
268 3273 308 3337 de
325 3295 391 3360 qua
405 3280 495 3338 carta
509 3271 662 3358 loquitur,
676 3272 770 3358 ponit
786 3280 847 3338 etc.

197 3378 241 3443 Et
255 3378 279 3442 J
280 3378 423 3442 ohannes
437 3376 518 3441 dicit
533 3374 619 3463 quod
634 3376 703 3462 ipse
718 3376 846 3440 nullum
860 3375 1057 3462 ingressum'
1072 3378 1108 3442 in
1122 3386 1241 3443 tenum

124 3484 220 3549 illam
235 3505 295 3569 per
308 3481 417 3567 ipsum
432 3481 641 3559 Herbertum,
657 3480 713 3545 sed
728 3501 787 3566 per
802 3480 909 3566 ipsum
925 3481 948 3546 J
948 3480 1119 3548 ohannem.

124 3640 126 3643 .
194 3586 366 3651 Juratores
395 3584 509 3648 dicunt
539 3582 626 3670 quod
655 3583 713 3647 illa
740 3582 818 3648 dim.
847 3606 908 3648 acr.
938 3584 1025 3669 prati
1054 3595 1105 3650 est
1141 3586 1243 3652 libera

122 3687 305 3755 elemosina
318 3686 463 3772 predicte
478 3684 610 3750 ecclesie
632 3692 666 3749 et
687 3707 754 3749 non
775 3684 894 3749 laicum
916 3686 1050 3750 feodum
1072 3687 1242 3766 Johannis,

123 3814 190 3858 nec
205 3790 308 3855 eciam
324 3789 492 3875 pertinens
507 3789 548 3853 ad
564 3797 683 3854 terram
699 3789 740 3853 de
756 3812 821 3875 qua
831 3789 979 3875 predicta
989 3800 1078 3856 carta
1089 3793 1241 3879 loquitur.

124 3896 175 3961 Et
189 3894 263 3959 ideo
278 3891 516 3958 consideratum
533 3891 683 3977 estquod
703 3890 870 3976 predictus
891 3892 1074 3958 Herbertus
1092 3917 1241 3981 recuper-

122 4000 201 4065 auit
229 3998 382 4063 saisinam
412 4018 504 4061 suam
535 4005 573 4061 ut
602 3996 643 4061 de
668 3996 739 4061 iure
765 3996 898 4061 ecclesie
925 4018 991 4075 sue,
1017 4006 1052 4062 et
1077 3999 1241 4084 predictus

122 4104 149 4169 J
151 4102 298 4168 ohannes
313 4100 347 4164 in
363 4099 581 4165 misericordia
595 4108 655 4165 etc.

25 4224 76 4285 81,
195 4206 314 4273 Emma
339 4228 402 4291 que
429 4204 493 4269 fuit
522 4227 603 4269 uxor
631 4204 763 4271 Ricardi
792 4205 853 4271 filii
883 4206 986 4294 Steyn
1017 4208 1103 4293 petit
1129 4231 1242 4275 uersus

261 4360 270 4393 ¹
288 4358 392 4422 Dagod;
410 4358 534 4421 probably
545 4358 640 4422 Bagod.
810 4359 820 4392 ⁸
838 4359 937 4423 supply
949 4360 1031 4409 lutet.

262 4425 272 4456 ²
289 4424 359 4475 John
371 4425 399 4475 ol
408 4424 540 4474 Brimtou.
