3167 5075
348 388 413 453 402
650 396 802 460 ιιιιιιιιι,
824 394 888 446 sn.
913 381 1007 456 1220,
1028 394 1092 445 ιιι.
1117 383 1145 444 4.

348 575 430 640 tales
455 580 514 639 etc
536 572 694 659 reliquam
715 578 850 657 partem.
899 568 965 650 Qui
986 591 1098 635 omnes
1119 570 1259 635 ueniunt
1281 578 1317 635 et
1340 579 1449 637 uocant

347 678 423 744 inde
453 678 495 743 ad
523 684 703 743 warantum
732 674 916 762 predictum
938 674 1114 760 Hugonem
1137 674 1179 739 de
1202 676 1378 753 Merstons,
1399 676 1450 761 qui

346 802 478 868 presens
492 787 542 845 est
561 787 596 844 et
615 778 662 843 eis
681 778 879 854 warentizat,
893 790 927 840 et
947 776 1027 841 dicit
1047 777 1133 863 qnod
1152 778 1261 843 dictus
1281 780 1448 845 (laufridus
1529 778 1530 823 3

346 882 410 947 fuit
425 882 524 947 frater
536 903 615 947 suus
628 878 874 967 primogenitus,
887 886 937 945 set
952 880 1034 946 bene
1049 880 1195 946 defendit
1210 882 1298 968 quod
1312 904 1377 947 non
1391 883 1446 947 fuit

345 986 422 1051 inde
443 986 573 1051 seisitus
594 984 647 1049 die
669 1005 733 1069 quo
758 991 831 1060 ete,
853 981 930 1068 quia
954 981 1041 1047 idem
1069 982 1245 1048 (lanfridus
1270 984 1353 1049 obiit
1376 994 1446 1049 ante

346 1099 473 1178 patrem
502 1114 598 1156 suum
635 1089 825 1166 Robertum,
854 1087 903 1152 ita
938 1086 1025 1173 quod
1062 1087 1224 1153 Robertus
1261 1089 1343 1154 obiit
1378 1089 1447 1155 inde

346 1190 476 1256 saisitus
489 1197 563 1277 post
578 1197 715 1254 mortem
731 1186 880 1253 Gaufridi
895 1186 955 1251 filii
969 1186 1029 1264 sui,
1044 1194 1078 1251 et
1093 1187 1163 1273 ipse
1183 1188 1269 1253 siout
1288 1190 1447 1275 proximus
1530 1236 1531 1275 ι

346 1293 439 1359 heres
453 1293 554 1380 patris
568 1292 620 1358 sui
633 1290 771 1356 intrauit
786 1290 821 1354 in
835 1289 1051 1355 hereditatem
1069 1290 1187 1357 suam¹.

411 1398 456 1462 Et
470 1397 620 1463 Susanna
633 1394 713 1459 dicit
728 1392 815 1479 quod
829 1394 930 1480 Hugo
944 1392 1065 1459 iniuste
1081 1393 1162 1458 dicit
1176 1393 1264 1479 quod
1279 1393 1447 1459 (laufridus

346 1508 440 1587 pater
453 1522 531 1565 suus
544 1521 609 1563 non
624 1497 706 1563 obiit
720 1496 850 1563 seisitus
864 1495 905 1561 de
921 1503 1008 1562 terra
1025 1497 1084 1563 illa
1103 1497 1181 1584 quia
1199 1498 1329 1583 quando
1348 1507 1448 1563 mater

346 1604 448 1691 ipsius
477 1604 624 1669 Susanna
654 1601 769 1667 debuit
798 1601 943 1667 maritari
971 1602 1035 1688 ipsi
1061 1602 1226 1683 Gaufrido,
1249 1603 1341 1669 uenit
1365 1603 1446 1668 idem

346 1705 509 1771 Robertus
524 1711 558 1769 et
577 1702 701 1769 dimisit
721 1725 755 1768 se
775 1704 817 1768 de
837 1711 909 1770 tota
927 1704 1073 1791 predicta
1092 1714 1180 1771 terra
1198 1715 1234 1773 et
1254 1707 1342 1772 illam
1359 1706 1446 1773 dedit

346 1808 452 1875 eidem
469 1807 624 1874 Gaufrido
644 1815 684 1873 ut
704 1807 771 1873 filio
791 1815 851 1873 ete.
868 1831 927 1895 per
945 1818 1068 1875 cartam
1088 1832 1181 1876 suam
1202 1834 1267 1898 que
1287 1811 1345 1875 hoc
1363 1810 1446 1875 idern

346 1917 495 1988 tesmtur,
509 1910 559 1975 ita
571 1908 658 1996 quod
672 1908 760 1974 idem
780 1910 942 1977 Robertus
961 1934 1127 1998 nunquam
1143 1922 1258 2000 postea
1273 1914 1445 2002 ingressum

346 2014 463 2080 habuit
486 2014 521 2079 in
544 2023 663 2080 terram
687 2014 777 2079 illam
801 2014 929 2081 nisiex
951 2016 1061 2103 gracia
1088 2024 1123 2083 ct
1152 2018 1323 2083 uoluntate
1350 2019 1446 2105 ipsius

347 2118 503 2197 Gsufridi,
520 2126 555 2183 et
574 2116 650 2183 inde
670 2119 763 2204 ponit
782 2142 817 2185 se
838 2140 935 2205 super
953 2120 1094 2197 emisam,
1114 2129 1149 2185 et
1168 2121 1229 2185 hoc
1249 2122 1331 2187 bene
1350 2132 1447 2208 patet,

346 2218 424 2304 quia
445 2226 551 2283 mater
570 2239 630 2283 sua
651 2216 751 2282 habet
773 2217 850 2282 inde
872 2217 981 2283 dotem
1004 2240 1105 2285 suam.
1149 2218 1194 2283 Et
1213 2218 1287 2284 ideo
1302 2220 1448 2307 procedat
1532 2226 1533 2231 ’

346 2344 453 2387 asnaa

215 2441 310 2506 1463,
411 2425 584 2511 'Magister
597 2425 777 2491 Nicholaus
791 2424 916 2511 Coqus⁸
927 2434 962 2491 et
973 2426 1080 2491 Alicia
1091 2448 1171 2493 uxor
1182 2426 1253 2493 eius
1264 2428 1448 2514 optulerunt

229 2542 293 2584 ΕΜ-
346 2553 381 2597 se
405 2530 484 2619 iiijw.
503 2532 556 2598 die
579 2553 693 2596 uersus
713 2530 899 2597 Godardnm
919 2530 1193 2600 Penitencierium
1214 2541 1249 2598 et
1269 2532 1449 2599 Johanuem

347 2635 530 2700 Romanum
545 2636 712 2701 canonicos
727 2636 863 2702 Eboraci
878 2637 918 2701 de
933 2637 1053 2722 placito
1073 2659 1171 2723 quare
1192 2637 1256 2723 ipsi
1275 2645 1449 2703 tenuerunt
1533 2695 1534 2698 ,

346 2737 503 2824 placitum
539 2739 574 2802 in
611 2739 700 2804 curia
732 2737 957 2804 cristianitatis
985 2739 1071 2804 inter
1100 2763 1154 2804 eos
1183 2747 1218 2804 et
1249 2741 1382 2806 Eleusin
1407 2741 1452 2806 de

347 2840 540 2905 Derlintona
553 2840 594 2905 de
610 2840 690 2905 laico
707 2840 800 2905 feodo
820 2863 931 2906 eorum
951 2841 986 2907 in
1006 2841 1200 2908 Derlintona
1220 2851 1256 2906 et
1275 2843 1347 2908 aliis
1365 2843 1455 2908 uillis

348 2953 408 3010 etc.
462 2946 505 3009 Et
529 2944 593 3030 ipsi
618 2967 683 3009 non
707 2954 871 3011 uenerunt
895 2954 930 3011 et
959 2946 1138 3012 uicecomes
1166 2947 1338 3012 mandauit
1366 2947 1456 3034 quod

348 3047 456 3114 clerici
483 3054 561 3112 sunt
589 3055 624 3112 et
652 3070 718 3111 non
747 3048 869 3113 habent
899 3048 1018 3113 laicum
1043 3047 1172 3114 feodum
1196 3071 1257 3115 nec
1281 3051 1456 3116 uoluerunt

347 3152 471 3239 plegios
498 3151 653 3217 inuenire.
712 3151 757 3215 Et
786 3151 859 3216 ideo
888 3150 1061 3217 mandetur
1089 3151 1339 3239 Amhiepiscopo
1366 3153 1458 3238 quod

347 3253 521 3341 distringat
544 3275 598 3319 eos
620 3252 707 3339 quod
728 3252 863 3318 ueniant
887 3253 946 3318 tali
969 3253 1022 3318 die
1047 3261 1105 3318 etc
1131 3261 1166 3318 et
1189 3266 1373 3342 preceptum
1396 3267 1458 3320 est

346 3356 529 3423 uicecomiti
544 3356 630 3442 quod
644 3355 763 3420 habeat
777 3355 819 3420 ad
833 3356 1015 3442 predictum
1030 3356 1206 3422 terminum
1223 3381 1338 3444 corpus
1349 3357 1458 3444 ipsius

348 3461 448 3527 Elene
477 3468 539 3525 etc.
586 3460 630 3524 Et
659 3458 825 3524 sciendum
855 3458 941 3545 quod
968 3460 1070 3526 breue
1098 3459 1255 3548 originale
1284 3485 1346 3527 non
1369 3461 1462 3528 facit

346 3564 546 3629 mencionem
560 3562 601 3628 de
617 3562 688 3648 ipsa
702 3562 811 3626 Elena

217 3683 308 3747 1464,
411 3667 573 3753 ‘Bogems
584 3665 689 3730 Cocus
703 3673 737 3729 et
748 3666 771 3731 J
772 3663 883 3730 uliana
897 3687 977 3730 uxor
991 3665 1062 3731 eius
1076 3666 1249 3734 attachiati
1265 3669 1393 3733 filerunt
1412 3669 1462 3734 ad

212 3784 307 3834 whom
347 3795 417 3839 esse
439 3795 546 3838 coram
568 3770 754 3836 iusticiariis
775 3769 817 3834 ad
841 3769 1099 3855 respondendum
1123 3771 1251 3858 Rogero
1276 3771 1375 3837 Fabro
1412 3771 1462 3836 de

347 3878 465 3963 placito
491 3897 590 3962 quare
615 3874 679 3960 ipsi
701 3883 814 3940 contra
835 3873 1088 3962 prohibicionem
1109 3875 1203 3941 Dom
1227 3876 1322 3964 Regis
1340 3879 1465 3941 secuti

346 3983 479 4047 suerum
493 3980 649 4066 placitum
669 3979 704 4043 in
724 3979 813 4044 ouria
832 3978 1054 4044 cristianitatis
1074 4001 1187 4070 uersus
1209 4003 1284 4046 eum
1303 3979 1338 4044 de
1360 3979 1466 4044 laico

347 4085 438 4151 feodo
459 4085 561 4171 ipsius
581 4084 709 4172 Rogeri,
733 4084 817 4149 unde
839 4083 926 4150 idem
948 4085 1095 4172 Rogatus
1116 4085 1263 4171 queritur
1282 4081 1365 4170 quod
1397 4107 1469 4170 per

378 4289 517 4340 ¹0bssrre
538 4289 593 4340 this
614 4289 742 4341 caerlion
758 4290 788 4341 ol
801 4288 871 4354 right
953 4288 1058 4340 ’hm
1071 4288 1119 4348 26;
1136 4289 1266 4341 B.m.ro.

345 4353 437 4420 bytho
446 4369 561 4418 younger
571 4355 871 4419 sonogainsthlsnieos
953 4353 1152 4414 ⁸GoouahB.

345 4419 471 4484 daughter
482 4421 510 4470 ot
520 4420 640 4472 thecldcr
651 4435 708 4472 son.
954 4419 964 4452 ⁴
980 4420 1011 4469 Δ.
1022 4434 1057 4472 ιιι
1072 4421 1119 4480 26ς
1136 4419 1168 4470 Β.
1180 4435 1214 4470 m.
1226 4419 1263 4470 16.
