3167 5075
511 425 574 474 nn.
600 409 692 484 1227,
714 425 777 473 nu.
804 411 852 474 12.
1170 409 1232 477 675

133 599 173 663 Et
201 597 273 663 ideo
303 597 541 664 consideratum
567 607 618 663 est
642 597 727 684 quod
751 606 839 662 terra
864 597 1012 683 capiatur
1040 597 1074 661 in
1098 618 1232 662 manum

132 701 218 766 Dom
249 701 358 788 Regis,
388 710 422 766 et
454 701 517 786 ipsi
552 709 820 765 summoueantur
854 699 941 785 quod
975 701 1042 766 sint
1076 701 1163 786 apud
1199 699 1231 764 S.

132 803 336 868 Edmundum
352 803 411 868 tali
426 803 479 868 die
495 803 537 868 ad
552 803 751 868 audiendum
767 802 925 868 iudicium
940 825 1036 867 suum
1051 812 1110 867 etc.

75 949 97 968 ..
190 905 317 988 ¹Assisa
342 907 436 971 uenit
462 905 669 990 recognitum
692 905 719 970 si
746 903 886 969 Thomas
917 913 950 968 et
980 905 1146 970 Johannes
1171 905 1230 970 filii

130 1010 266 1096 Seywini
305 1010 345 1075 de
386 1011 615 1075 Hintelesham
652 1017 687 1075 et
725 1009 909 1074 Willelmus
949 1009 1037 1074 filius
1073 1010 1231 1074 Willcimi

129 1115 280 1202 Testepin
295 1123 329 1180 et
346 1115 428 1180 tales
448 1115 521 1180 etc.²
541 1113 662 1178 iniuste
682 1121 740 1178 etc.
766 1113 1013 1178 disseisiuemnt
1034 1113 1230 1178 Nicholaum

127 1218 224 1284 filium
242 1219 386 1304 Seywini
401 1217 442 1282 dc
457 1218 559 1282 libero
580 1225 770 1281 tenemento
785 1239 844 1281 suo
859 1217 894 1281 in
910 1217 1138 1281 Hintelesham
1155 1225 1230 1302 post

126 1321 205 1404 em}
1280 1327 1357 1377 [usn]

185 1425 246 1490 'Et
275 1425 442 1490 Johannes
464 1425 559 1491 uenit
580 1433 615 1489 et
637 1423 801 1489 Robcrtus
824 1422 897 1490 etc'
940 1425 984 1489 Et
1006 1424 1172 1489 Johanncs
1194 1433 1228 1488 ct
1241 1441 1387 1528 {pp-pm&

125 1529 284 1595 Robertus
314 1530 452 1594 ueniunt
478 1539 511 1594 et
535 1529 619 1594 bene
644 1528 827 1593 concedunt
849 1529 991 1606 assisam,
1016 1529 1094 1614 quia
1115 1529 1228 1593 dicunt
1241 1536 1368 1621 wlff

124 1632 205 1718 quod
229 1632 409 1697 Nicholaus
434 1653 602 1718 nunquam
625 1630 741 1695 habuit
771 1631 817 1695 ibi
840 1631 979 1696 liberum
1003 1640 1226 1697 tenementum
1241 1634 1366 1715 mm·

123 1734 195 1820 quia
210 1734 353 1799 uillanus
368 1741 418 1799 est
439 1743 473 1799 et
492 1755 620 1820 semper
639 1733 710 1798 fuit.
758 1733 824 1799 Sed
844 1742 930 1799 term
954 1735 1011 1799 illa
1029 1735 1130 1800 libere
1150 1737 1227 1802 data
1240 1722 1378 1817 edifitiid‘

1240 1815 1390 1855 namnam

122 1838 181 1903 fuit
196 1839 227 1904 ci
242 1863 316 1903 cum
334 1862 432 1905 uxone
448 1861 516 1916 sua,
530 1838 604 1903 ideo
619 1837 771 1924 procedat
786 1838 893 1903 assisa
1240 1863 1384 1948 pffiipu

180 1941 351 2007 «iuratores
360 1941 474 2007 dicunt
486 1941 572 2026 quod
587 1941 735 2006 Sewinus
746 1950 841 2026 pater
855 1942 878 2007 J
878 1941 1014 2007 ohannis
1026 1951 1060 2006 ct
1075 1943 1227 2008 Nicholai
1240 1957 1306 1996 beret

120 2043 197 2110 obiit
211 2046 357 2110 uillanus
372 2055 406 2110 et
421 2067 549 2131 semper
561 2053 633 2110 tota
649 2045 721 2110 uita
735 2068 795 2110 sua
809 2047 918 2110 tenuit
938 2055 1057 2111 ternam
1078 2047 1169 2111 illam
1190 2047 1226 2111 in

120 2149 302 2236 uillenagio,
334 2159 368 2215 et
405 2157 479 2236 post
511 2157 649 2214 mortem
681 2150 802 2215 Sewini
838 2173 919 2215 uxor
947 2150 1018 2215 eius
1048 2150 1225 2216 secundum

120 2251 385 2316 consuetudinem
410 2251 546 2316 manerii
566 2251 683 2316 habuit
706 2260 810 2317 totam
831 2262 950 2317 terram
970 2252 1069 2328 illam,
1085 2261 1119 2317 et
1140 2253 1226 2338 quod

119 2356 300 2421 manerium
316 2355 379 2420 fuit
394 2354 435 2420 de
451 2355 611 2420 dominico
629 2355 722 2420 Dom.
745 2357 853 2442 Regis,
875 2365 910 2421 et
929 2355 1127 2421 consuetudo
1150 2356 1226 2420 talis

120 2457 204 2537 suit³,
219 2468 255 2523 ct
271 2480 383 2523 omnes
402 2458 463 2523 filii
484 2459 535 2524 sui
553 2459 687 2524 fuerunt
704 2481 779 2524 cum
802 2483 841 2524 ea
862 2459 947 2524 sicut
968 2459 1146 2525 seruientes
1166 2459 1224 2524 sui.

119 2562 234 2628 Postea
264 2564 358 2628 uenit
387 2564 572 2629 Willelmus
601 2564 757 2650 Testepin
784 2573 819 2629 et
843 2564 970 2628 locutus
995 2564 1060 2629 fuit
1081 2565 1129 2629 ita
1150 2586 1225 2628 cum

118 2668 250 2753 capitali
274 2667 404 2732 domino
428 2668 515 2753 quod
541 2668 697 2733 concessit
722 2668 753 2733 ei
779 2668 994 2755 uillenagium
1019 2667 1102 2732 illud
1125 2668 1226 2733 libere

117 2772 303 2849 tenendum,
320 2780 353 2835 et
369 2771 456 2837 idem
477 2771 660 2835 Willelmus
679 2771 771 2836 dedit
793 2771 940 2857 predicto
959 2770 1104 2836 Johanni
1123 2772 1224 2836 filiam

117 2896 206 2940 suam
222 2876 258 2941 in
274 2898 417 2952 uxorem,
431 2883 466 2939 et
480 2883 587 2940 mater
600 2875 760 2939 Johannis
775 2875 901 2940 dimisit
915 2898 950 2940 se
965 2876 1007 2940 de
1022 2885 1109 2940 terra
1120 2876 1176 2940 illa
1190 2884 1225 2940 et

116 2980 223 3063 posuit
238 2980 347 3067 ipsum
363 2980 386 3045 J
387 2981 549 3045 ohannem
569 2980 604 3044 in
624 2980 785 3058 seisinam,
802 2980 888 3046 unde
903 2981 987 3045 bene
1002 2981 1116 3046 dicunt
1138 2981 1224 3066 quod

117 3082 147 3146 N
150 3083 296 3149 icholaus
310 3106 479 3169 nunquam
493 3083 612 3148 habuit
622 3084 782 3163 seisinam,
795 3093 829 3148 et
843 3084 916 3148 ideo
931 3084 1044 3149 dicunt
1059 3084 1145 3169 quod
1159 3106 1224 3147 non
1237 3123 1327 3163 ΝΜ,
1363 3171 1369 3181 Ι

204 3190 211 3203 .
270 3189 304 3203 ..
438 3190 445 3202 .
526 3188 533 3203 ·
611 3188 618 3202 ·
673 3188 680 3202 ·
762 3188 769 3202 ·
1235 3170 1381 3209 matamoro·

117 3196 165 3252 est
179 3188 372 3267 dissolutus,
387 3199 421 3253 et
436 3189 509 3253 ideo
524 3212 558 3253 m
574 3189 792 3253 m1sencord1a
806 3210 864 3275 pro
879 3187 958 3252 falso
973 3189 1117 3253 clamore.
1235 3222 1371 3303 ppffiom

33 3300 79 3365 os.
177 3290 309 3357 ‘Assisa
334 3292 428 3357 uenit
456 3292 663 3378 recognitum
685 3292 713 3355 si
741 3292 909 3356 Johannes
938 3290 1024 3354 filius
1050 3290 1223 3354 Porteman
1235 3314 1334 3396 »Ἢ
1356 3358 1378 3397 u

116 3396 214 3462 frater
229 3396 382 3462 Edwaidi
397 3396 462 3461 fuit
481 3396 611 3461 scisitus
631 3396 666 3459 in
687 3394 847 3460 dominico
868 3416 927 3458 suo
946 3403 984 3458 ut
1004 3393 1045 3458 de
1068 3393 1161 3459 feodo
1182 3393 1223 3457 de
1235 3368 1372 3489 ἕξις-ὲ

115 3500 167 3586 xij.
183 3524 246 3565 aer.
263 3510 348 3565 terre
364 3522 438 3564 cum
453 3508 533 3585 pert
555 3499 590 3564 in
611 3499 822 3585 Buggeslawe
838 3498 890 3562 dic
906 3506 974 3575 etc,
990 3520 1087 3583 quam
1104 3506 1223 3562 terram
1236 3498 1387 3592 {fflffif

115 3606 279 3671 Jordanus
305 3604 492 3671 Gorndebof
510 3612 609 3669 tenet.
654 3603 720 3684 Qui
742 3602 836 3667 uenit
858 3611 892 3667 et
913 3601 994 3666 dicit
1015 3602 1101 3688 quod
1123 3601 1223 3665 nichil
1236 3593 1386 3681 flfflffifi‘

115 3709 234 3775 clamat
250 3709 285 3773 in
300 3716 387 3773 terra
402 3708 458 3772 illa
472 3708 536 3773 nisi
556 3708 735 3772 custodiam
757 3730 795 3771 eo
815 3707 901 3794 quod
921 3706 944 3771 J
945 3706 1088 3770 ohannes
1107 3705 1223 3770 habuit
1235 3685 1387 3771 &tw

1236 3780 1316 3826 pomuit
1326 3780 1386 3817 soluo

116 3833 218 3878 unum
244 3812 349 3877 filium
380 3812 582 3876 Willelmum
612 3812 752 3888 nomine,
781 3812 839 3898 qui
875 3812 1098 3875 transfretauit
1134 3810 1221 3897 xviij.
1235 3827 1386 3912 :11⁸0pr

115 3916 208 3981 annis
223 3916 396 3981 transactis
412 3924 446 3980 et
461 3938 627 4001 nunquam
640 3923 754 4001 postea
767 3916 873 3983 rediit.
912 3916 956 3981 Et
967 3917 1049 3982 bene
1060 3916 1222 4003 cognoscit
1235 3882 1384 4014 ffffffim

147 4122 204 4175 ¹A.
218 4137 256 4173 m.
271 4123 310 4171 14.
694 4120 753 4171 that
780 4119 826 4171 the
847 4120 939 4171 widow
960 4119 1055 4171 should
1084 4120 1150 4171 have
1177 4120 1222 4171 the

148 4186 159 4219 ¹
176 4187 232 4236 Ten
239 4186 399 4238 dafomiauta
405 4186 540 4251 including
547 4185 644 4236 Robert
695 4185 778 4237 whole
789 4186 819 4236 of
828 4186 875 4235 her
884 4186 1030 4237 husband‘s
1041 4186 1112 4236 land.

117 4250 241 4311 deliine,
253 4252 285 4302 A.
729 4252 740 4284 ⁶
757 4252 787 4301 Δ.
799 4267 835 4303 m.
850 4252 880 4300 14
890 4251 915 4301 d.

149 4316 189 4350 1-1
206 4317 266 4368 0m,
280 4318 310 4367 Δ,
730 4316 741 4350 ⁷
758 4317 793 4368 So
810 4317 854 4368 Br.
873 4316 892 4365 f.
910 4319 957 4369 mv
969 4318 994 4368 b.
1031 4316 1097 4367 This
1112 4318 1136 4367 is
1152 4316 1221 4367 Fies.

150 4380 161 4413 ⁴
178 4382 227 4432 See
238 4382 328 4443 above,
343 4382 408 4433 Cass
420 4384 492 4434 1837.
699 4384 906 4433 Mordauacamr
925 4385 966 4433 55.

150 4446 162 4479 ⁶
177 4448 203 4497 It
217 4462 274 4497 was
284 4448 329 4499 the
339 4452 441 4500 custom
452 4448 481 4498 ot
496 4447 541 4498 tho
557 4461 650 4498 maner

1027 4534 1134 4595 Ass—2
