3167 5075
303 406 419 457 consu
441 408 538 468 urar,
560 406 624 457 an.
649 391 809 471 1237-8,
832 408 894 458 ao.
918 396 966 457 22.
1123 388 1189 459 245

155 580 195 644 Et
209 568 371 645 Henricus
390 577 483 644 uenit
502 588 537 645 st
557 577 703 644 defendit
722 579 792 644 uim
812 588 847 644 et
865 578 1018 644 iniuriam
1038 586 1098 645 etc
1143 579 1187 644 Et

97 681 223 769 predicti
238 682 386 747 homines
400 683 540 748 ueniunt
554 692 589 749 et
602 682 717 749 dicunt
731 682 818 769 quod
832 682 925 748 liberi
939 692 1016 748 sunt
1032 691 1091 748 etc.
1114 772 1117 775 ἡ

153 786 266 851 Postea
291 786 384 851 uenit
409 785 581 872 inquisioio
606 807 669 873 que
693 786 768 851 talis
792 786 952 872 estquod
976 785 1123 878 homines
1146 782 1187 850 (16

96 888 166 954 uilla
178 889 217 954 de
232 889 432 977 Sheperigge
448 888 570 954 debent
590 898 701 955 tenere
721 890 902 975 quamlibet
921 888 1082 976 uirgatam
1100 897 1187 954 terre

95 991 124 1054 in
137 990 277 1077 predicta
291 991 373 1055 uilla
386 1013 445 1077 per
458 992 500 1056 xl.
515 990 587 1056 dan.
603 998 638 1055 et
652 990 775 1057 debent
789 1013 847 1077 pro
862 1012 958 1077 porco
971 998 1190 1077 super-ennato

95 1093 161 1161 dare
179 1095 203 1181 j.
227 1093 301 1160 den.
324 1095 367 1159 ad
388 1094 586 1182 padnagium
605 1096 611 1180 1
631 1103 665 1159 61
688 1116 745 1180 pro
768 1116 864 1180 porco
887 1117 951 1159 non
973 1104 1189 1181 superannato

96 1221 186 1263 unum
210 1198 351 1264 obolum
397 1197 441 1262 Et
463 1197 584 1263 debent
606 1195 781 1282 coriagium
804 1218 844 1262 ex
870 1195 981 1263 debito
1003 1206 1038 1264 et
1061 1220 1126 1262 non
1148 1219 1188 1262 ex

94 1303 188 1389 gracia
201 1324 305 1389 usque
320 1303 363 1367 ad
374 1300 740 1387 Obappamanelordiam
755 1300 856 1366 semel
870 1300 905 1365 in
919 1323 1004 1366 anno
1019 1309 1055 1366 61
1068 1310 1189 1366 sectam
1314 1344 1315 1347 =

94 1428 285 1471 communem
323 1404 444 1471 debent
480 1405 523 1469 ad
559 1404 714 1492 Fulrigge
747 1413 787 1471 61
822 1405 865 1472 6(1
901 1405 1040 1483 Pleiboc,
1077 1413 1112 1470 et
1147 1404 1190 1471 ad

95 1510 294 1599 Sheperugge
309 1510 352 1577 ad
366 1510 474 1575 uisum
490 1509 592 1575 franci
606 1510 707 1596 plegii
722 1517 757 1575 61
771 1531 874 1597 usque
893 1508 936 1575 ad
950 1510 1189 1576 Ambrebiriam

93 1634 143 1697 pro
165 1614 406 1679 afforciamcnto
431 1613 526 1678 curie.
582 1612 626 1679 Et
651 1612 680 1677 si
704 1612 823 1699 aliquis
846 1613 929 1678 latro
951 1621 1066 1699 eaptus
1090 1613 1190 1679 fuerit

93 1715 169 1801 apud
194 1717 408 1804 Sheperugge
432 1716 550 1783 adduci
573 1715 673 1782 debet
698 1717 785 1802 apud
812 1716 1053 1783 Ambrebiriam
1082 1726 1117 1783 et
1141 1716 1190 1783 ibi

94 1817 236 1883 iudicium
251 1818 422 1885 sustinere.
468 1819 513 1884 Et
528 1817 615 1905 quod
629 1819 762 1884 fuerunt
778 1819 898 1884 talliati
913 1827 1025 1885 contra
1038 1820 1190 1885 uolunta·

94 1930 151 1983 tem
172 1942 284 1986 eorum
307 1928 454 2006 tempore
477 1921 520 1987 H.
543 1920 644 2008 Regis
669 1920 725 1986 aui
751 1922 845 1986 Dom.
868 1922 976 2009 Regis,
999 1920 1130 1987 Ricardi
1154 1931 1189 1987 61

93 2022 121 2089 J.
141 2024 244 2112 Regis,
267 2033 304 2090 et
329 2024 416 2110 quod
438 2047 503 2089 non
527 2033 664 2111 possunt
686 2025 770 2090 filias
792 2048 868 2091 suas
890 2026 1042 2091 maritare
1067 2027 1188 2113 absque

94 2130 243 2194 mercheto
258 2137 296 2194 et
311 2129 439 2215 pullum
454 2130 633 2195 masculum
649 2136 684 2195 61
703 2129 822 2195 bouem
842 2153 939 2196 suum
957 2130 1098 2196 uendere
1118 2131 1188 2197 sine

93 2231 219 2311 licencia
240 2241 278 2297 61
301 2232 391 2319 quod
415 2230 567 2298 dominus
592 2241 701 2319 potest
725 2234 831 2299 facere
853 2234 1054 2321 prepositum
1076 2257 1188 2321 quem-

93 2356 217 2421 cumque
232 2334 380 2400 uoluerit
393 2342 435 2399 et·
442 2357 602 2412 amouere,
617 2343 653 2401 et
672 2336 870 2423 quicumque
890 2337 989 2402 firerit
1006 2337 1188 2424 prepositus

93 2439 145 2503 erit
172 2441 304 2527 quietus
335 2440 376 2505 de
405 2440 535 2505 redditu
566 2462 624 2505 suo
653 2439 732 2505 dum
761 2440 861 2505 fuerit
896 2441 1085 2527 prepositus.
1144 2442 1189 2507 Et

93 2543 228 2612 similiter
240 2546 304 2610 fiat
318 2543 360 2609 da
376 2543 580 2610 wodewardo.
633 2543 757 2609 Dicunt
771 2544 875 2610 eciam
890 2545 975 2631 quod
990 2553 1077 2610 terra
1091 2569 1189 2631 quam

93 2649 203 2716 Abnus
218 2649 377 2716 Bedellus
390 2648 501 2715 tenuit
515 2648 661 2714 defendit
676 2671 710 2713 se
721 2670 780 2734 per
793 2647 1003 2714 bedellariam
1018 2648 1060 2714 ad
1075 2651 1191 2716 uolun-

94 2763 182 2820 tatem
197 2755 333 2821 domini
378 2755 423 2820 Et
436 2753 576 2841 quilibet
590 2761 710 2818 terram
725 2761 841 2818 tenens
855 2775 929 2817 cum
947 2753 1085 2818 moritur
1098 2754 1191 2820 dabit

94 2859 196 2924 nebus
209 2858 364 2924 auerium
379 2857 495 2922 domus
510 2879 568 2922 sue
583 2856 625 2922 ad
644 2856 817 2922 herietum.
860 2856 905 2921 Et
925 2856 1000 2922 ideo
1021 2857 1062 2922 (16
1082 2866 1190 2922 661616

94 2960 199 3026 faciam
218 2961 386 3048 predictas
405 2958 655 3025 consuetudines
675 2967 710 3024 61
729 2959 801 3045 ipse
819 2959 998 3025 uioecomes
1017 2961 1192 3049 distringat

94 3083 139 3126 eos
150 3064 189 3129 ad
203 3065 265 3129 boc
281 3064 311 3129 si
328 3084 410 3149 opus
424 3062 531 3140 fuerit,
547 3069 582 3127 et
596 3061 659 3148 ipsi
673 3062 708 3126 in
723 3062 942 3126 misericordia
956 3070 1016 3129 etc.

54 3215 64 3228 ..
148 3167 398 3233 bartholomeus
413 3167 536 3232 Peccbe
551 3166 768 3231 summonitus
788 3166 852 3232 fuit
870 3166 912 3231 ad
931 3166 1190 3253 respondendum
1270 3191 1317 3221 οπο·

95 3268 214 3356 Hugoni
243 3271 287 3336 de
320 3269 457 3334 Marinio
481 3268 522 3334 (16
547 3269 668 3356 placito
694 3269 781 3355 quod
806 3268 922 3335 reddat
951 3269 983 3335 ei
1011 3271 1190 3336 custodiam

95 3373 179 3440 tercie
197 3375 301 3462 partis
322 3373 409 3439 leodi
424 3374 522 3440 unius
536 3372 652 3438 militis
666 3395 740 3438 cum
755 3383 837 3459 pert.
853 3373 888 3438 in
908 3374 1113 3438 Inssendona
1127 3397 1191 3460 quo

94 3477 220 3544 adeum
246 3478 396 3566 pertinet
424 3500 462 3544 eo
488 3478 574 3564 quod
600 3477 765 3544 Walterus
794 3477 835 3543 (16
865 3478 1033 3564 Mucegros
1062 3477 1195 3543 feodum

95 3577 163 3647 illud
183 3582 224 3648 de
247 3605 287 3648 eo
311 3581 423 3647 tenuit
448 3603 507 3668 per
531 3579 705 3646 seruicium
732 3581 873 3645 militare
897 3589 937 3645 ut
962 3579 1042 3644 dicit
1065 3588 1135 3659 etc,
1157 3591 1193 3647 et

96 3683 168 3749 uude
188 3685 270 3751 dicit
294 3684 383 3772 quod
404 3707 463 3771 per
485 3683 709 3750 detencionem
733 3705 832 3770 quam
855 3682 955 3748 habet
980 3683 1021 3748 de
1046 3685 1193 3750 custodia

94 3786 141 3852 illu
160 3789 412 3877 dampnificatus
433 3797 484 3854 est
505 3788 548 3854 ad
569 3787 751 3854 ualenciam
773 3811 826 3854 xx.
845 3809 1034 3864 marcarum,
1049 3795 1083 3851 et
1105 3786 1192 3854 unde

95 3889 163 3957 dicit
190 3893 277 3981 quod
308 3892 458 3958 custodia
486 3891 543 3957 illa
571 3891 614 3958 ad
642 3891 751 3977 ipsum
773 3891 918 3978 pertinet
944 3889 1021 3976 quia
1046 3889 1126 3954 Milo
1151 3889 1192 3956 dc

96 3995 249 4085 llusegros
275 3996 372 4064 cuius
399 3996 492 4062 heres
518 4005 569 4061 est
594 3995 678 4060 infra
704 4003 827 4060 etatem
853 3994 962 4058 tenuit
984 3993 1025 4058 de
1048 3993 1193 4079 predicto

97 4101 226 4170 ll'altero
248 4115 284 4171 et
309 4104 475 4169 Waltcrus
497 4101 539 4168 de
560 4103 654 4167 Dom
675 4102 766 4187 Rege
789 4107 850 4166 etc.
894 4099 938 4164 Et
960 4098 1106 4184 quesitus
1127 4121 1193 4185 qua

96 4207 209 4273 racione
228 4208 319 4294 petit
338 4205 520 4272 custodiam
539 4204 630 4268 illam
651 4201 839 4288 dicitquod
861 4208 1088 4265 tenementum
1109 4200 1192 4265 illud

97 4318 139 4373 est
152 4311 316 4400 soeagium
333 4309 421 4398 quod
435 4307 577 4374 reddidit
591 4306 667 4373 inde
683 4308 775 4371 Dom.
792 4304 877 4392 Regi
891 4305 932 4371 xl.
948 4304 1020 4370 sol.l

370 4437 385 4470 ²
397 4437 474 4488 Some
484 4434 645 4499 misoopying
656 4448 715 4498 may
727 4433 758 4484 bs
769 4431 910 4496 suspected.
