3167 5075
354 342 419 405 366
660 356 811 415 ramur,
835 342 1105 416 r.n.,1220,n.a.
1129 342 1158 415 t.

353 523 595 601 monasterium,
620 523 670 587 ita
692 522 779 609 quod
807 522 1003 589 Comitatus·
1016 522 1110 587 uenit
1139 544 1245 587 coram
1275 521 1433 587 iusticiariia

351 626 424 705 illis,
439 635 478 691 ut
492 626 556 713 ipsi
570 626 787 705 recordantur,
802 634 837 691 et
854 625 1013 691 recordati
1033 626 1167 691 fuerunt
1186 626 1271 712 quod
1294 626 1433 711 predictus

237 740 295 790 [nn]
351 731 519 797 Jobannea
542 730 641 817 peciit
665 730 700 794 in
724 729 884 794 comitatu
903 727 910 817 Ι
927 751 1041 794 nemus
1061 728 1244 815 predictum
1258 730 1433 795 Willelmum

352 836 470 901 catalla
498 833 540 900 ad
569 834 750 899 ualentiam
780 834 1042 919 tenuataque
1068 832 1099 897 ei
1124 833 1263 899 abstulit
1287 844 1434 921 postquam
1526 877 1527 881 ,

352 947 487 1004 uenerat
501 936 544 1003 ad
558 937 656 1003 fidem
671 936 765 1002 Dom.
780 936 882 1023 Regia
896 936 932 1000 in
948 936 1091 1000 manerio
1106 956 1164 1001 suo
1178 936 1220 1001 de
1236 937 1366 1001 Eiotona
1378 946 1432 1011 eto,
1526 984 1527 987 ,

352 1052 387 1107 et
415 1042 492 1106 indo
520 1041 670 1128 producit
698 1048 822 1105 sectam
852 1048 921 1117 ete,
946 1048 981 1104 et
1008 1039 1193 1105 Willelmua
1220 1040 1311 1105 uenit
1334 1052 1366 1106 et
1385 1063 1435 1105 non

352 1146 499 1211 defendit
528 1144 713 1231 captionem
747 1144 937 1209 catellorum
966 1152 1112 1230 tempore
1141 1144 1230 1231 pacis
1258 1144 1341 1211 sicut
1365 1145 1434 1210 iden
1526 1190 1527 1193 κ

352 1247 512 1314 iohannis
534 1248 566 1312 ei
587 1247 793 1332 imposuerat,
814 1247 901 1311 unde
924 1248 1001 1333 quia
1022 1270 1087 1312 non
1109 1248 1256 1315 defendit
1277 1250 1436 1337 cuprionem
1526 1266 1527 1269 ’

352 1362 412 1418 eta
435 1352 653 1418 considerauit
678 1352 853 1416 comitatus
879 1350 965 1437 quod
990 1350 1077 1417 idem
1104 1352 1288 1419 Willelmus
1311 1352 1437 1419 redderet

352 1454 459 1521 eidem
473 1455 497 1521 J
497 1454 617 1519 ohanni
631 1461 762 1518 tantum
777 1461 839 1518 eto.

418 1559 542 1626 Audito
557 1582 634 1626 uero
654 1559 714 1624 boe
732 1558 863 1625 recordo
883 1558 976 1623 uenit
991 1558 1185 1638 Willelmua,
1199 1569 1234 1626 et
1248 1561 1331 1626 dixit
1351 1582 1436 1625 corun

352 1663 538 1728 iusticiariis
561 1670 600 1727 ut
623 1661 832 1726 recordantur
857 1662 943 1748 quod
968 1661 1003 1727 in
1026 1670 1119 1748 parte
1144 1663 1303 1729 reeordnti
1326 1664 1437 1730 fuerunt

351 1768 435 1833 bene
459 1775 494 1832 et
519 1767 555 1831 in
577 1774 670 1853 parte
694 1788 818 1852 parum,
842 1764 920 1851 quia
944 1764 985 1829 de
1008 1766 1069 1831 hoo
1090 1766 1177 1853 quod
1199 1767 1349 1833 dixerunt
1368 1765 1437 1853 quod

351 1872 375 1938 J
375 1872 519 1937 ohannes
532 1869 632 1957 peciit
647 1870 706 1934 tali
720 1870 816 1935 modo
829 1868 976 1954 predicta
989 1870 1107 1935 catalla
1120 1893 1233 1935 uersus
1247 1894 1331 1945 eum,
1343 1870 1438 1935 dieunt

351 1975 444 2051 bene,
467 1972 508 2037 de
531 1973 591 2037 hoe
612 1980 724 2037 autem
747 1971 833 2058 quod
854 1971 1012 2036 recordati
1036 1972 1169 2037 fuerunt
1195 1973 1281 2059 quod
1303 1973 1369 2060 ipae
1387 1994 1437 2037 non

352 2077 498 2143 defendit
519 2076 705 2163 capcionem
727 2076 818 2141 illam
840 2082 985 2161 tempore
1007 2076 1103 2161 pacis,
1124 2076 1247 2162 ipsum¹
1270 2078 1381 2143 falsum
1399 2098 1438 2140 re·
1526 2124 1527 2129 η

352 2182 484 2248 cordum
505 2180 638 2258 faciunt,
660 2180 738 2266 quia
759 2179 828 2266 ipse
850 2180 972 2266 precise
994 2179 1141 2245 defendit
1163 2182 1345 2267 captionem
1365 2181 1438 2246 illam
1526 2197 1527 2201 ’

353 2296 497 2373 tempore
520 2285 608 2373 pacis
629 2292 741 2350 contra
762 2304 838 2349 eum
861 2291 896 2348 et
917 2292 1030 2349 contra
1050 2293 1172 2351 sectam
1194 2308 1296 2363 suam,
1319 2296 1352 2352 et
1371 2285 1439 2351 dixit
1526 2330 1527 2333 ,

353 2391 439 2479 quod
453 2390 482 2456 si
496 2390 575 2476 quid
589 2388 665 2455 inde
680 2388 803 2453 factum
823 2387 896 2465 fuit,
910 2388 971 2453 hoo
991 2387 1054 2452 fuit
1076 2396 1221 2474 tempore
1244 2412 1356 2476 guerre
1375 2388 1438 2453 dum

353 2495 440 2561 idem
462 2494 629 2560 Johannea
650 2493 715 2558 fuit
740 2492 892 2558 inimicus
917 2491 1011 2558 Dom.
1036 2492 1144 2580 Regia,
1170 2502 1205 2560 et
1230 2516 1328 2581 super
1350 2494 1440 2560 defen·

354 2601 477 2666 aionem
511 2600 601 2665 illam
636 2596 848 2685 probabiliter
876 2597 996 2661 foetam
1026 2597 1242 2663 considerauit
1274 2599 1441 2666 Comitatus
1526 2647 1527 2650 η

354 2704 441 2791 quod
469 2705 564 2791 plene
597 2701 747 2768 redderet
776 2701 808 2766 ei
837 2701 984 2766 denarios
1013 2701 1092 2778 illos,
1122 2710 1158 2767 et
1186 2703 1273 2788 quod
1302 2705 1364 2769 tale
1390 2701 1441 2767 fuit

354 2809 521 2885 recordum
544 2816 579 2874 et
604 2806 691 2895 quod
714 2806 755 2871 de
778 2805 909 2870 recordo
934 2804 990 2870 illo
1016 2805 1138 2870 factum
1162 2806 1227 2872 fuit
1251 2808 1283 2873 ei
1304 2807 1441 2873 iudicium
1515 2812 1521 2827 “

354 2912 546 2999 predictum,
567 2911 644 2976 inde
670 2909 824 2997 produxit
845 2918 976 2988 sectam,
997 2910 1121 2976 scilieet
1144 2911 1332 2977 audientem
1353 2921 1384 2977 et
1402 2911 1441 2974 in·

355 3015 559 3102 telligentem
592 3013 651 3099 qui
682 3012 803 3099 optulit
834 3020 896 3077 eto.
919 3020 954 3077 et
980 3012 1065 3077 dixit
1093 3012 1179 3098 quod
1208 3035 1268 3100 per
1294 3013 1442 3080 raoordum

354 3117 436 3183 illud
462 3125 496 3182 et
519 3139 578 3203 per
602 3116 719 3180 falsum
745 3114 904 3181 iudicium
929 3115 1144 3180 deterioratua
1167 3116 1231 3181 fuit
1257 3125 1293 3182 et
1317 3117 1442 3204 dapnnm

226 3284 233 3299 ,
355 3221 472 3287 habuit
486 3219 528 3286 ad
542 3219 722 3286 ualenoiam
737 3241 767 3283 x.
783 3241 877 3284 mare.
894 3227 953 3284 eta
1515 3278 1519 3287 ,

421 3325 465 3389 Et
491 3321 675 3390 Comitatus
700 3321 892 3408 dicitquod
918 3323 984 3387 tale
1010 3323 1075 3388 fuit
1097 3324 1266 3390 reeordum
1291 3325 1372 3392 sieut
1392 3321 1443 3410 ipsi

354 3428 444 3514 prius
457 3425 616 3491 recordati
635 3431 713 3490 aunt
732 3432 767 3489 et
786 3446 851 3488 non
867 3424 957 3488 aliud
971 3433 1005 3490 et
1020 3425 1080 3489 hoc
1095 3426 1236 3491 offerunt
1250 3427 1443 3494 disraeionare

354 3553 412 3616 per
440 3551 554 3616 eorpus
588 3526 756 3592 euiuadnm
791 3527 886 3591 liberi
915 3527 1055 3592 hominis
1084 3528 1124 3593 de
1160 3528 1275 3595 eodem
1304 3530 1442 3596 eomitatu

355 3632 505 3720 Hugonis
528 3631 634 3708 Piou¹‚
660 3631 718 3718 qui
740 3631 801 3696 hoo
827 3631 948 3718 optulit
971 3631 1105 3717 probare
1135 3653 1194 3718 per
1222 3656 1336 3721 eorpus
1362 3655 1444 3698 auum

354 3735 438 3800 sieut
452 3733 508 3799 ille
523 3734 580 3821 qui
595 3732 745 3800 interfuit
759 3742 820 3799 etc.

419 3838 465 3902 Et
488 3837 672 3902 Willelmua
694 3836 779 3902 dixit
804 3836 891 3924 quod
917 3838 984 3902 tale
1010 3838 1075 3904 fuit
1095 3840 1263 3906 reeordum
1286 3839 1444 3925 sicutipse

353 3942 438 4006 dixit
460 3949 495 4006 et
516 3942 577 4006 hoc
598 3940 719 4027 optulit
740 3940 952 4006 disraeionare
973 3963 1032 4028 per
1051 3964 1165 4029 eorpus
1185 3943 1352 4010 cuiusdam
1366 3939 1445 4008 liberi

354 4044 494 4110 hominia
519 4044 571 4109 aui
597 4045 765 4131 Stephani,
792 4045 849 4132 qui
874 4045 935 4110 hoo
959 4046 1095 4132 probare
1117 4047 1240 4132 optulit
1264 4069 1322 4134 per
1345 4067 1445 4132 eorpus

354 4171 451 4219 suum
470 4148 555 4214 sicut
576 4150 632 4215 illa
653 4158 724 4226 ete,
738 4151 792 4216 uel
812 4150 985 4217 defendere
1007 4151 1094 4238 quod
1115 4152 1181 4216 tale
1203 4175 1269 4218 non
1290 4153 1353 4218 fuit
1373 4151 1446 4217 sieut

355 4252 539 4320 Comitatus
553 4253 738 4317 recordatur
752 4261 850 4339 prout
863 4253 953 4319 curia
966 4255 1191 4352 oonsideraret,
1230 4257 1273 4322 Et
1284 4257 1319 4322 in
1329 4265 1445 4322 tantum

363 4386 368 4396 “
478 4377 482 4382 ’
598 4381 812 4446 ¹Corr.ipat‚b.
1057 4385 1213 4445 ’Prion,A.
