3167 5075
329 382 447 437 consu
467 383 569 447 cnon,
591 384 654 434 nn.
681 369 840 447 1237-8‚
861 386 923 435 nn
948 372 997 435 22
1150 372 1212 436 231

127 550 269 619 Willelmi
281 552 344 619 filii
359 552 490 619 Redulfi
508 553 549 619 de
568 554 747 620 Teinlsnde
767 554 804 620 in
822 554 980 621 comitatu
1000 554 1064 634 illo,
1079 563 1114 621 et
1128 555 1216 623 unde

125 654 181 719 firit
199 654 326 721 seisitus
348 664 389 721 ut
409 657 451 721 de
473 657 565 723 feodo
584 656 638 721 die
657 679 722 743 quo
741 656 831 734 obiit,
850 656 856 743 Ι
876 665 912 722 et
927 665 1117 745 preceptum
1131 666 1216 725 esset
1265 670 1344 722 [ml

125 758 242 823 bolliuis
256 761 452 825 uenerabilis
467 762 568 847 putris
584 761 635 826 E.¹
651 762 895 828 Cantuariensis
914 762 1156 849 Archiepiscopi
1176 786 1216 829 ex

125 868 207 944 parte
220 861 312 927 Dom
325 862 425 949 Regis
436 863 522 949 quod
533 864 655 929 eisdem
665 863 689 928 J
690 864 810 929 ohenni
821 872 856 929 et
867 863 1028 929 Beutricie
1039 864 1216 950 plenariam

124 964 262 1030 seisinem
286 965 364 1031 inde
384 967 534 1045 fecerent,
554 968 642 1033 idem
661 967 775 1033 balliui
795 976 985 1054 preceptum
1004 968 1097 1034 Dom.
1116 968 1216 1055 Regis

124 1065 244 1133 minime
259 1076 338 1132 sunt
353 1069 488 1135 executi.
534 1070 578 1134 Et
592 1071 670 1157 quin
683 1070 853 1135 iusticien'i
867 1072 961 1137 Dom
977 1071 1076 1158 Regis
1093 1070 1153 1137 hoc
1166 1072 1216 1137 ita

123 1192 183 1235 csse
209 1172 419 1237 recordentur
447 1184 638 1261 preceptum
667 1174 731 1240 fuit
765 1174 949 1240 uiceeomiti
977 1175 1063 1262 quod
1092 1175 1214 1240 eisdem

122 1272 252 1339 Joheuni
274 1286 311 1339 et
332 1276 493 1341 Beatricie
515 1277 556 1342 de
578 1286 650 1343 tote
670 1278 817 1364 predicte
836 1286 924 1343 term
944 1293 1019 1343 cum
1040 1286 1121 1363 pert.
1143 1277 1214 1343 siue

122 1376 264 1445 dilacione
288 1380 467 1465 plenariam
487 1381 637 1446 seisinam
657 1382 728 1447 fieri
748 1382 867 1447 fuceret
886 1390 922 1447 et
941 1382 969 1446 si
988 1382 1070 1446 forte
1089 1382 1214 1468 aliquos

122 1480 244 1547 balliuos
272 1482 377 1568 ipsius
406 1484 647 1571 Archiepiscopi
675 1486 863 1551 resistentes
890 1485 1054 1551 inueniret
1083 1492 1214 1571 propter

121 1584 210 1669 ipsius
233 1587 479 1675 Archiepisoopi
502 1588 687 1655 libertatem
710 1612 775 1655 non
798 1590 966 1655 omitteret
988 1587 1068 1675 quin
1090 1588 1212 1655 eisdem

120 1688 250 1757 Johnnni
264 1699 302 1757 et
317 1692 475 1759 Beatricie
491 1693 610 1759 faceret
625 1692 715 1759 saluo
729 1693 800 1759 iure
815 1692 989 1759 cuiuslibet
1003 1700 1064 1761 etc

119 2034 304 2105 PLAOITA
325 2038 418 2120 Qun
441 2040 778 2121 SEQUEBANTUR
798 2040 906 2108 DOM
921 2040 1078 2107 REGEM
1097 2038 1212 2105 ΗΕΝ-

195 2142 346 2209 RICUM
393 2142 557 2210 FILIUM
606 2144 742 2211 REGIS
791 2145 1029 2212 JOHANNIS
1078 2144 1211 2211 ANNO

196 2246 340 2313 REGNI
370 2246 448 2313 SUI
477 2246 697 2314 VIOESIMO
728 2248 967 2316 SECUNDO!

52 2493 88 2557 19.
174 2482 302 2552 'Abbes
317 2484 357 2551 de
378 2484 610 2551 Osuluestona‘
630 2486 847 2552 summonitus
867 2486 932 2552 fuit
953 2486 995 2553 ed
1016 2486 1210 2574 responden-

119 2582 186 2650 dum
199 2586 295 2653 Dom.
311 2587 396 2674 Regi
415 2609 513 2674 quare
533 2588 736 2674 presentsuit
757 2588 909 2654 clericum
929 2590 971 2655 ad
989 2590 1155 2656 ecclesiam
1170 2589 1210 2656 de

118 2689 302 2756 Medburnia
316 2714 379 2779 que
395 2701 444 2756 est
456 2692 495 2757 de
507 2691 720 2758 eduocscione
736 2694 829 2761 Dom.
841 2695 941 2782 Regis
951 2695 986 2760 in
997 2695 1211 2782 preiudioiurn

118 2791 207 2878 ipsius
221 2796 316 2862 Dorn
333 2796 432 2883 Regis
447 2805 506 2861 etc

174 2901 215 2964 Et
228 2903 344 2966 Abbss
358 2901 452 2966 uenit
467 2911 500 2967 et
516 2901 596 2967 dicit
611 2902 698 2988 quod
713 2911 858 2990 tempore
873 2904 916 2968 H.
932 2903 1032 2991 Regis
1046 2904 1101 2970 aui
1116 2904 1210 2969 Dom.

119 2999 206 3090 Regis
228 3005 323 3071 uenit
345 3005 432 3070 idem
455 3007 525 3071 Rex
549 3007 710 3073 Henricus
730 3007 771 3072 ed
792 3007 925 3072 domum
939 3007 980 3072 de
996 3008 1212 3073 Osuluestona

119 3114 148 3168 et
159 3107 202 3170 ibi
216 3109 327 3196 sepius
347 3109 530 3196 hospitatus
552 3111 616 3175 fuit
636 3119 670 3176 et
691 3111 798 3176 uoluit
819 3112 952 3176 domum
974 3112 1064 3176 illam
1085 3134 1210 3197 promo·

120 3232 192 3290 uere,
206 3223 240 3280 et
255 3214 347 3280 dedit
363 3213 484 3279 eisdem
500 3213 660 3279 canonicis
678 3214 844 3279 ecclesiam
865 3214 906 3279 de
926 3213 1119 3278 Medburnia
1138 3221 1211 3299 post

119 3325 242 3382 mortem
265 3318 435 3384 cuiusdam
458 3318 581 3381 Thome
604 3317 720 3382 Griffin
743 3318 800 3403 qui
821 3327 901 3382 tunc
922 3317 985 3382 fuit
1005 3339 1141 3403 persona
1154 3341 1212 3404 per

118 3429 227 3484 certem
253 3444 347 3485 suam
375 3443 473 3506 quam
498 3421 621 3507 profert
645 3429 765 3507 etque
790 3429 931 3486 testetur
953 3420 1039 3507 quod
1062 3421 1153 3485 dedit
1177 3429 1212 3487 et

119 3531 196 3588 certa
218 3548 278 3591 sue
299 3525 505 3591 confirmauit
527 3524 587 3589 deo
610 3533 644 3590 et
667 3525 699 3590 S.
721 3523 852 3589 Andree
874 3525 915 3590 de
939 3525 1154 3590 Osuluestone
1177 3533 1212 3589 et

119 3629 265 3694 canonicis
289 3630 411 3696 ibidem
437 3631 498 3696 deo
520 3631 738 3695 seruientibus
764 3630 930 3696 ecclesiam
955 3630 995 3694 de
1018 3630 1212 3696 Medburnia

119 3741 343 3813 postmortem
370 3735 493 3798 Thome
520 3735 643 3812 Griffin‚
670 3735 851 3800 habendam
878 3743 912 3800 et
937 3734 1111 3800 tenendam
1136 3757 1211 3798 cum

119 3835 255 3902 omnibus
271 3838 479 3924 pertinenciis
500 3839 567 3903 suis
586 3839 621 3903 in
642 3839 776 3903 liberem
799 3849 833 3903 et
853 3848 1043 3924 perpetuam
1067 3837 1211 3904 elemosi-

120 3956 192 4004 nam
236 3941 361 4006 Profert
377 3941 479 4008 eciam
494 3951 616 4007 certem
631 3942 731 4029 Regis
746 3943 877 4007 Ricardi
892 3967 955 4029 que
971 3952 1111 4009 testatur
1125 3944 1212 4031 quod

120 4044 275 4110 coufirmat
296 4047 357 4111 deo
377 4054 412 4111 et
432 4046 564 4112 ecclesie
581 4048 612 4113 S.
628 4046 758 4112 Andree
773 4047 815 4112 de
837 4047 1054 4112 Osuluestone
1067 4056 1102 4113 et
1116 4071 1210 4114 cono·

148 4219 155 4249 ¹
172 4221 244 4272 Seint
255 4223 385 4273 Edmund.
685 4223 794 4287 stroyed

148 4283 220 4334 ²For
240 4287 284 4337 the
306 4293 372 4337 term
396 4288 545 4339 A=Corem
567 4290 635 4350 Rege
717 4289 821 4338 ³A.m.
834 4292 858 4338 3.

121 4345 172 4398 Roll
180 4351 225 4401 No.
234 4353 275 4401 45.
303 4353 406 4404 Severtss
417 4355 580 4404 membraneis
592 4369 635 4404 cro
717 4358 728 4387 ⁴
744 4355 853 4418 Oueton.
864 4355 998 4407 Leicestcr.
1034 4356 1145 4406 Monest.
1158 4357 1208 4406 vol.

121 4413 225 4478 missing,
239 4419 290 4467 und
304 4418 392 4469 others
403 4433 447 4469 erc
460 4419 582 4482 portiully
593 4419 633 4470 de·
685 4420 709 4481 6,
723 4435 748 4483 p.
761 4421 817 4471 422.
