3167 5075
382 309 444 372 532
606 322 840 384 srenissimo,
863 323 927 374 nn.
954 311 1048 385 1225,
1069 325 1131 373 nro
1156 313 1272 376 9-10.

381 515 479 580 quom
501 493 565 558 luit
586 492 622 557 in
643 492 762 558 seisino
782 493 824 558 de
846 493 904 558 illo
925 492 1147 571 oduococione,
1162 517 1222 560 nec
1237 495 1327 560 Prior
1340 503 1385 560 est
1402 495 1459 560 inde

380 596 529 684 persono¹
544 596 580 662 in
594 597 722 677 seisino,
738 605 773 662 et
788 597 861 662 ideo
882 620 946 662 non
966 598 1065 662 debet
1088 597 1204 664 Comes
1226 599 1391 686 expectari,
1403 601 1462 685 quio

381 702 451 787 ipse
467 702 573 767 Adam
588 709 638 766 est
653 701 729 766 inde
744 701 883 777 scisitus
900 711 934 766 et
949 701 989 766 de
1004 701 1123 766 seisino
1137 725 1197 767 suo
1211 704 1298 788 petit
1312 704 1434 768 assisam

448 806 492 870 Et
515 804 592 892 quio
613 804 704 869 Prior
726 805 890 891 cognoscit
905 804 992 891 quod
1008 806 1143 870 Mobilio
1156 829 1223 870 non
1245 807 1309 871 fuit
1324 807 1356 871 in
1370 807 1462 870 seisino

384 910 425 975 de
447 910 505 975 illo
527 909 740 976 oduococione
762 918 797 974 et
819 910 939 974 clamat
961 909 1207 975 oduococionem
1233 933 1272 975 ex
1295 910 1374 974 dono
1392 919 1461 974 onlo-

380 1038 541 1082 cesoorum
557 1015 695 1082 Comitis
708 1016 871 1080 Worenne
892 1022 926 1078 et
946 1014 1112 1099 predictus
1131 1015 1239 1080 Adom
1259 1015 1337 1080 tulit
1357 1015 1461 1079 osison

381 1129 451 1184 tam
465 1141 563 1205 super
579 1119 741 1185 Comitem
756 1141 855 1204 quom
870 1141 967 1204 super
982 1117 1134 1194 Priorem,
1149 1127 1184 1182 ct
1205 1118 1321 1184 Comes
1342 1118 1387 1182 bis
1405 1117 1462 1180 lecit

381 1222 544 1301 defoltom,
559 1232 593 1288 et
608 1232 756 1308 pretereo
770 1222 858 1287 idem
874 1221 980 1286 Adam
996 1221 1077 1287 dicit
1099 1222 1185 1308 qnod
1208 1231 1386 1288 antecessor
1403 1245 1464 1286 suus

379 1328 583 1414 presentouit
606 1328 782 1414 Hugonem
797 1327 853 1412 qui
869 1326 985 1391 ultimo
1000 1326 1083 1391 obiit
1096 1348 1240 1412 persono,
1254 1326 1464 1392 consideratum

380 1441 431 1496 est
446 1431 531 1517 quod
546 1430 647 1494 ossiso
660 1428 821 1515 procedat.

444 1535 469 1600 J
469 1543 613 1599 urotores
628 1533 742 1598 dicunt
757 1533 844 1619 quod
859 1533 1044 1598 Willelmus
1059 1533 1145 1599 filius
1160 1534 1295 1599 Ronene
1310 1543 1468 1600 antecessor

379 1640 517 1728 predicti
533 1640 605 1705 Ade
620 1640 823 1725 presentouit
838 1641 1014 1726 Hugonem
1029 1641 1070 1706 de
1086 1640 1279 1706 Hethfeldio
1297 1642 1355 1728 qui
1372 1641 1468 1706 ullino

379 1754 439 1811 etc.
485 1745 528 1809 Et
550 1745 670 1830 quesiti
693 1744 852 1830 quomodo
876 1746 983 1810 Adam
1009 1746 1053 1810 sit
1079 1746 1172 1810 heros
1197 1746 1301 1832 ipsius
1323 1744 1467 1819 Willelni

378 1849 493 1914 dicunt
519 1848 605 1936 quod
630 1849 816 1914 Willelmus
840 1849 956 1914 habuit
979 1873 1078 1914 unam
1101 1850 1201 1914 filiam
1226 1850 1392 1916 Mobiliom
1412 1873 1467 1936 pro

381 1952 513 2028 dictam,
527 1961 562 2016 et
577 1952 713 2017 Mobilis
727 1952 844 2017 hobuit
860 1975 958 2018 unam
973 1953 1075 2018 filiam
1097 1953 1279 2018 Dionisiom
1302 1955 1431 2032 nomine,
1442 1968 1469 2017 et

378 2054 528 2120 Dionisio
549 2054 613 2118 fuit
636 2063 742 2119 motor
764 2054 845 2132 Ado,
867 2055 954 2120 unde
977 2055 1092 2120 dicunt
1114 2055 1201 2142 quod
1222 2057 1404 2122 Willelmus
1419 2057 1470 2120 luit

379 2176 463 2217 ouus
484 2152 631 2217 Dionisie
653 2152 767 2216 motris
783 2152 865 2229 Ado,
880 2160 914 2217 et
936 2153 1121 2218 Willelmus
1143 2153 1235 2219 dedit
1258 2155 1468 2219 terramillam

377 2258 413 2323 in
427 2257 637 2344 moritogium
647 2279 723 2322 cum
737 2255 808 2343 ipso
823 2256 958 2321 Mobilis
974 2257 1080 2322 Odoni
1101 2257 1170 2322 uiro
1191 2279 1259 2332 suo,
1274 2267 1309 2323 et
1330 2259 1391 2344 ipsi
1410 2257 1468 2322 Odo

377 2369 412 2426 et
427 2361 563 2426 Mobilis
576 2360 713 2425 condem
728 2369 848 2425 terram
863 2360 1023 2424 dederunt
1038 2360 1073 2424 in
1088 2360 1298 2448 maritagium
1321 2383 1392 2425 cum
1411 2360 1468 2445 ipso

379 2465 528 2546 Dionisio
540 2465 683 2531 Henrico
697 2465 738 2529 de
754 2465 851 2529 Nouo
866 2465 1017 2530 Mercoto.
1050 2465 1093 2529 Et
1108 2464 1222 2530 dicunt
1245 2465 1333 2553 quod
1354 2465 1468 2530 Mobilis

377 2592 437 2656 per
464 2570 598 2657 longum
627 2577 758 2655 tempus
786 2569 941 2634 moritoto
970 2569 1033 2634 fuit
1062 2578 1139 2635 onte
1169 2580 1309 2635 mortem
1334 2567 1467 2635 Willelmi

377 2673 523 2760 predicti,
539 2681 573 2738 et
588 2672 752 2738 Henricus
766 2681 801 2738 et
816 2672 964 2738 Dionisio
978 2675 1110 2739 fuerunt
1130 2675 1165 2739 in
1182 2675 1302 2739 seisino
1317 2674 1356 2739 dc
1370 2673 1465 2737 eodem

378 2787 466 2842 terro
479 2800 555 2842 cum
570 2785 650 2863 pert.
663 2777 746 2842 bene
761 2799 820 2862 per
834 2800 885 2842 xx.
900 2799 1002 2843 annos
1016 2778 1051 2843 in
1065 2778 1137 2843 uito
1152 2778 1276 2844 Odonis
1295 2787 1330 2845 et
1344 2777 1466 2844 Mobile.

377 2882 422 2945 Et
444 2881 518 2946 ideo
540 2881 778 2946 consideratum
802 2881 958 2967 estquod
976 2882 1083 2947 Adom
1105 2883 1314 2969 recuperauit
1335 2883 1465 2947 seisinom

376 3008 469 3051 suom
491 2985 532 3051 de
554 2985 767 3050 oduococione
789 2985 854 3062 illo,
870 2993 904 3050 et
926 2985 1016 3051 Prior
1035 2997 1070 3051 et
1091 2986 1207 3053 Comes
1220 2987 1256 3051 in
1269 2984 1467 3052 misericordis

376 3090 451 3155 etc.¹

441 3196 580 3261 'Eodem
595 3194 696 3260 ossiso
709 3194 803 3260 uenit
821 3194 1027 3281 recognituro
1049 3194 1122 3281 quis
1142 3194 1323 3261 oduocotns
1343 3204 1469 3279 ternpore

302 3315 318 3345 ¹·
376 3300 464 3386 pacis
481 3298 685 3385 presentouit
707 3305 766 3362 etc
789 3296 831 3362 od
854 3296 1022 3362 ecclesiom
1043 3297 1084 3363 de
1107 3298 1283 3362 Herthulle
1304 3320 1365 3383 que
1385 3309 1468 3359 uorat

376 3414 436 3470 etc.
447 3404 539 3469 cuius
549 3402 797 3469 oduococionem
809 3401 897 3466 idem
909 3400 1031 3467 Adom⁴
1043 3402 1162 3467 clomot
1173 3424 1288 3466 uersus
1299 3400 1469 3466 Hubertnn

375 3510 416 3574 de
427 3508 750 3596 Burgo‚Willelmum
756 3506 1084 3572 ComitemWorenne
1094 3500 1470 3591 etprodictnmPriorom⁴.

376 3614 553 3680 EtOomes
565 3635 631 3678 non
646 3612 741 3676 uenit
756 3619 790 3675 et
805 3610 868 3675 fuit
883 3610 1136 3675 resummonltus
1150 3617 1211 3675 etc.
1227 3618 1262 3674 et
1281 3608 1352 3674 ideo
1372 3626 1470 3671 uersus

375 3740 452 3782 enm
467 3716 615 3802 capietur
629 3714 729 3779 assiso
743 3736 802 3799 per
815 3712 981 3779 defoltom.

443 3820 488 3885 Et
509 3818 601 3883 Prior
617 3817 716 3882 ncnit
738 3824 772 3881 et
795 3816 874 3881 dicit
896 3815 982 3903 quod
1004 3816 1105 3881 ossiso
1124 3839 1189 3881 non
1204 3816 1303 3881 debet
1316 3814 1387 3879 indo
1401 3810 1469 3881 fied,

375 3925 453 4010 quia
475 3922 563 3988 Elios
585 3921 625 3986 de
648 3921 831 3987 Boeseuillo
851 3921 908 4009 qui
928 3921 1046 3985 ultimo
1062 3922 1265 4006 presentouit
1279 3920 1421 3985 clericum
1433 3914 1468 3978 od

374 4028 511 4093 condem
526 4026 693 4092 ecclesiam
709 4035 783 4112 post
796 4026 1075 4112 prosentooionem
1092 4026 1181 4090 illom
1196 4025 1287 4090 dedit
1300 4022 1403 4089 domui
1416 4040 1466 4083 sue

370 4254 374 4260 .
409 4216 419 4247 ¹
437 4218 495 4265 0m.
503 4230 620 4279 pmcne,
632 4214 664 4273 A,
675 4214 705 4264 B.
989 4212 1046 4263 ³A.
1058 4226 1094 4261 m.
1106 4210 1177 4271 25d;
1195 4211 1224 4260 C.
1236 4226 1270 4261 m.
1285 4212 1321 4260 11.

407 4282 419 4313 ²
435 4281 558 4338 Brocton,
570 4280 588 4329 l.
606 4280 638 4328 54
649 4279 673 4337 b,
685 4278 749 4329 cites
765 4278 820 4327 this
836 4293 902 4339 cose,
988 4278 998 4310 ⁴
1016 4276 1063 4327 See
1075 4278 1127 4327 lost
1138 4292 1204 4327 cose.

376 4345 428 4398 ond
440 4346 457 4397 l.
470 4345 518 4393 246
526 4346 550 4402 b.
563 4343 691 4394 discusses
702 4344 723 4393 it
735 4348 763 4393 ot
774 4344 872 4405 length.
