3167 5075
276 382 411 432 nrum
432 382 505 431 sun
527 383 666 442 suarm,
686 382 751 433 nn.
776 370 870 446 1221,
891 383 954 433 nn
978 372 1007 433 5.
1130 372 1195 436 433

102 568 250 625 uenerunt
270 560 433 625 Robcrtus
452 559 540 625 filius
558 559 691 625 Ricardi
710 568 746 625 et
765 560 848 626 tales
862 569 921 627 etc
938 561 996 647 iiij
1012 560 1133 627 milites
1153 561 1197 627 de'

103 665 246 729 comitatu
257 687 332 729 cum
344 665 484 742 recordo,
492 673 527 729 et
538 664 747 729 recordantur
757 666 844 751 quod
855 666 1021 751 predictus
1029 666 1198 731 Walterus

103 769 231 833 ostendit
252 768 384 833 halliuis
405 768 525 833 Prioris
551 768 591 833 de
617 768 754 833 Bomine
780 768 869 852 quod
895 776 1049 855 stagnum
1077 769 1194 834 fuitei
1239 820 1243 829 .
1275 776 1278 781 ’
1324 772 1331 779 “

102 872 251 937 adiretum
270 880 306 937 et
328 872 430 959 peciit
449 871 625 937 cerchiam¹
641 880 676 937 et
691 872 809 937 habuit
823 873 858 937 in
873 872 977 959 burgo
991 873 1032 937 de
1048 872 1194 948 Bomine',
1265 884 1267 887 '

102 986 132 1040 et
151 975 250 1061 primo
272 975 536 1042 cerchiaucrunt²
555 999 667 1041 omnes
687 976 799 1041 domos
819 977 891 1042 Ade
907 978 1029 1043 Blundi
1044 985 1079 1042 et
1093 976 1195 1043 nichil

103 1080 292 1147 inuenerunt
338 1082 457 1147 Postea
488 1081 623 1145 inerunt
658 1080 700 1147 ad
734 1081 910 1167 quamdam
948 1082 1045 1147 aliam
1075 1089 1194 1147 terram

103 1184 234 1250 ciusdem
257 1183 331 1250 Ade
354 1184 390 1248 in
413 1184 527 1249 eadem
547 1183 636 1261 uilla,
651 1192 686 1249 et
705 1184 906 1250 inuenerunt
920 1184 955 1250 in
970 1186 1110 1272 quodam
1124 1194 1195 1250 orto

101 1290 155 1354 sub
174 1289 314 1354 oleribus
334 1288 376 1353 de
398 1311 484 1353 nouo
505 1288 664 1374 plantatis
684 1288 720 1352 iu
740 1296 828 1353 terra
849 1288 992 1354 ducenta
1014 1297 1048 1354 et
1067 1296 1194 1375 septem

101 1414 193 1476 parua
216 1393 337 1457 hustra
358 1392 400 1456 de
423 1401 548 1477 stagno,
570 1400 605 1457 et
631 1392 715 1456 dixit
737 1391 904 1457 Walterus
930 1392 1017 1479 quod
1042 1400 1196 1479 stagnum

102 1494 175 1559 illud
195 1518 291 1560 suum
313 1494 378 1560 fuit
401 1503 437 1560 et
461 1494 585 1559 domini
607 1495 659 1559 sui
680 1495 840 1560 Willelmi
866 1495 908 1560 de
934 1494 1137 1575 Orewebar’⁸,
1161 1505 1196 1561 et
1239 1498 1259 1553 .'
1326 1496 1330 1505 ’

101 1598 167 1663 inde
188 1598 368 1684 appellauit
389 1598 573 1684 predictum
595 1598 714 1675 Adam,
729 1598 815 1684 quod
837 1598 907 1683 ipse
928 1599 993 1663 fuit
1013 1598 1090 1664 inde
1113 1600 1197 1663 latro

101 1704 146 1767 uel
166 1704 324 1769 latronem
345 1702 512 1768 nominare
534 1704 642 1781 sciuit,
664 1712 699 1768 et
720 1704 782 1767 hoc
807 1712 941 1789 paratus
967 1703 1032 1767 fuit
1061 1704 1195 1789 probare

100 1828 202 1871 uersus
216 1829 293 1872 eum
307 1829 367 1893 per
380 1828 495 1892 corpus
508 1829 605 1871 suum
620 1806 705 1871 sicut
720 1806 776 1870 ille
791 1807 850 1891 qui
864 1806 950 1871 uidit
965 1806 1072 1893 ipsum
1088 1808 1196 1871 Adam

100 1918 311 1994 asportantem
333 1918 487 1994 stagnum
507 1908 600 1985 illud,
615 1916 650 1973 et
670 1908 756 1973 uidit
775 1909 859 1974 illud
877 1909 1012 1975 fundere
1033 1918 1067 1975 et
1088 1910 1197 1974 fodere

100 2012 154 2076 sub
171 2020 259 2078 terra
280 2012 316 2076 in
337 2010 484 2097 predicto
505 2020 585 2089 orto,
603 2018 637 2075 et
659 2010 781 2096 optulit
803 2033 838 2076 se
860 2034 979 2098 ponere
1001 2011 1078 2077 inde
1101 2034 1198 2098 super

99 2115 263 2182 uisnetum.

154 2222 214 2286 ⁴Et
233 2220 342 2286 Adam
361 2221 456 2286 uenit
476 2228 512 2286 et
531 2220 679 2286 defendit
695 2220 847 2285 feloniam
863 2228 921 2286 etc
939 2229 973 2286 et
988 2220 1074 2308 petit
1089 2218 1197 2285 uisum

98 2323 277 2413 destagno,
299 2333 335 2390 et
356 2326 482 2403 habuit,
505 2333 540 2390 et
564 2324 780 2390 deaduooauit
811 2334 965 2411 stagnum
987 2323 1073 2411 quod
1098 2324 1133 2388 in
1159 2346 1198 2388 eo

98 2450 155 2491 non
182 2429 301 2495 habuit
330 2438 457 2515 partem
487 2451 547 2494 nec
575 2438 680 2495 artem
710 2436 745 2493 et
769 2429 853 2495 hene
876 2428 1023 2494 defendit
1049 2436 1109 2494 etc.
1154 2428 1198 2493 Et

98 2533 237 2616 quesitus
255 2534 285 2600 si
304 2534 408 2600 uellet
426 2556 546 2620 ponere
566 2557 601 2600 se
615 2556 713 2621 super
726 2534 903 2614 uisuetum
917 2533 1002 2600 dixit
1017 2532 1103 2620 quod
1125 2556 1196 2598 non.

98 2636 136 2701 Et
159 2639 239 2724 quia
261 2638 352 2704 idem
373 2637 556 2703 Walterus⁸
579 2638 686 2703 noluit
711 2661 745 2702 se
771 2659 890 2723 ponere
913 2660 1010 2724 super
1032 2638 1198 2703 uisnetum

98 2763 185 2807 suum
205 2751 242 2808 et
260 2741 361 2808 alius·
373 2743 503 2808 locutus
525 2742 589 2806 fuit
608 2742 651 2808 de
669 2742 744 2807 uisu
763 2750 799 2806 ct
818 2741 945 2820 auditu,
960 2742 1200 2808 consideratum

97 2849 176 2935 quod
204 2849 354 2913 duellum
383 2855 469 2913 esset
498 2847 585 2912 inter
613 2869 676 2924 eos,
705 2856 741 2911 et
769 2847 830 2912 tali
860 2847 955 2914 modo
984 2847 1108 2912 factum
1137 2847 1203 2912 fuit

97 2953 259 3018 reoordum
273 2959 309 3017 et
323 2950 470 3016 duellum
484 2949 678 3016 undiatum⁷.

156 3055 200 3120 Et
214 3053 294 3141 quia
307 3062 504 3140 cognoscunt
519 3052 606 3140 quod
619 3053 726 3120 Adam
741 3075 807 3117 non
822 3053 886 3117 fuit
900 3053 1056 3120 inuentus
1071 3053 1201 3119 seisitus

97 3158 134 3222 de
147 3162 266 3246 stagno
274 3157 377 3222 immo
390 3157 472 3223 illud
483 3157 708 3236 deaduocauit,
720 3167 754 3223 et
768 3166 922 3244 stagnum
937 3159 993 3224 alii
1007 3159 1112 3224 simile
1128 3159 1201 3235 est⁸,

97 3271 127 3326 ct
141 3270 292 3348 preterea
305 3260 387 3325 dicit
400 3260 488 3346 quod
502 3260 589 3325 uidit
604 3284 681 3326 eum
696 3261 874 3326 fodientem
889 3269 1042 3349 stagnum
1057 3262 1091 3326 in
1108 3268 1201 3336 terra,

97 3373 127 3428 et
139 3365 254 3430 dicunt
269 3363 357 3450 quod
371 3363 616 3430 cerchiauerant
630 3365 741 3429 domos
761 3387 802 3428 ex
823 3387 887 3450 quo
904 3364 1003 3430 sciuit
1018 3363 1104 3451 quod
1119 3363 1203 3428 illud

96 3469 155 3532 fuit
167 3470 203 3534 in
218 3466 332 3544 terra⁹,
346 3467 586 3533 consideratum
601 3475 651 3533 est
666 3467 754 3554 quod
767 3467 915 3533 duellum
936 3490 1002 3532 non
1017 3469 1101 3534 iacet
1116 3469 1203 3533 inter

97 3593 146 3636 eos
159 3583 194 3638 ct
205 3572 295 3660 quod
305 3571 509 3637 deuadictur.
543 3572 587 3636 Et
597 3573 772 3637 comitatus
783 3572 819 3636 in
830 3572 1048 3638 misericordie
1055 3595 1112 3658 pro
1123 3574 1204 3638 falso

97 3676 221 3757 indicio,
230 3685 267 3742 et
281 3677 449 3741 Walterus
461 3675 614 3740 similiter
624 3675 659 3739 in
670 3675 889 3742 misericordia
899 3697 956 3760 pro
968 3675 1047 3740 falso
1057 3676 1203 3754 clamore,

128 3887 197 3938 ¹sie
212 3887 245 3948 Δ,
264 3886 296 3936 Β.
329 3886 372 3936 Ηο
390 3885 487 3949 prayed
503 3901 520 3936 a
536 3885 626 3936 search
680 3909 683 3912 ·
710 3885 844 3936 ‘Walter

100 3951 147 4001 sud
161 3951 330 4015 accordingly
340 3967 357 4002 a
374 3951 466 4001 semoh
481 3965 536 4001 was
551 3951 628 4001 made
709 3951 722 3985 7
737 3951 808 4000 Here
818 3951 992 4014 thecounty's
1002 3951 1089 4000 record
1100 3951 1171 4001 ends.

99 4017 262 4068 inthetown
274 4016 435 4069 ofBodmin.
711 4015 796 4066 ⁸0ne
807 4016 878 4078 piaco
889 4018 916 4065 ol
927 4017 966 4065 tin
978 4015 1001 4065 is
1012 4017 1064 4066 like
1075 4017 1193 4066 another.

129 4083 198 4132 ’flio
208 4083 242 4141 A.
253 4081 286 4131 B.
710 4081 1205 4132 ⁰We1terassertsthatnesawsdam

129 4147 212 4197 ³'l'ho
233 4161 313 4197 name
334 4161 418 4196 seems
439 4150 469 4197 to
488 4147 520 4198 be
548 4149 627 4196 Ureu·
679 4145 790 4222 burying
807 4145 853 4196 the
869 4146 1131 4222 tiniuthegsrdem
1148 4147 1207 4208 why

100 4213 317 4326 uyfipfflffl
339 4277 369 4326 ol
388 4275 434 4326 the
455 4280 552 4340 oounty
568 4291 628 4327 con·
679 4210 1207 4327 ffledlihhhffihbhdrishligiidfflhhh

102 4341 192 4458 tirpugs.
210 4407 276 4469 &B
389 4409 445 4457 Ma
681 4341 860 4392 contrudioted
871 4339 982 4393 himself.

175 4423 199 4457 rc
284 4422 374 4467 ;oorr.
446 4425 478 4457 m.

184 4525 219 4573 H.
244 4525 294 4576 111.
1081 4511 1121 4568 28
