3167 5075
249 484 250 489 ,
285 440 402 489 consu
426 441 523 502 rnen,
546 442 610 491 ιι).
636 429 795 504 1234-5,
816 442 879 493 ιιι
904 429 1039 493 18-19.
1155 429 1215 492 131

130 607 172 671 ita
183 608 260 693 quod
274 609 371 675 blada
385 632 444 675 sua
458 620 623 697 asportata
637 619 770 690 suntet
784 610 870 696 petit
884 610 1041 675 iudicium
1057 609 1085 675 si
1099 608 1217 675 debeat

129 710 290 779 disseisitus
304 715 504 801 respondere.

185 817 224 881 Et
237 818 313 903 quia
325 842 421 884 nemo
435 810 615 885 disseisitus
630 818 671 884 de
686 819 797 905 aliqua
810 827 897 885 terra
910 818 1103 905 respondere
1118 818 1217 883 debet
1256 887 1262 899 ,

128 926 286 1006 antequam
323 922 473 987 seisinam
511 944 603 987 suam
641 923 770 1002 habeat,
807 945 993 989 concessum
1037 930 1087 987 cst
1130 922 1217 1010 quod

128 1021 290 1088 Gilibertus
318 1024 439 1089 habeat
468 1024 620 1089 seisinam
650 1047 749 1091 suam
810 1024 1020 1111 ²Preceptum
1051 1032 1101 1090 est
1130 1025 1216 1090 uice-

126 1128 244 1194 oomiti¹.
303 1129 348 1193 Et
380 1129 558 1195 uicecomes
588 1129 685 1195 faciet
719 1129 877 1215 reportari
913 1137 949 1194 et
983 1128 1075 1193 reddi
1110 1127 1216 1193 eidem

127 1230 270 1297 odberto
292 1233 319 1297 si
342 1232 421 1318 quid
442 1233 541 1298 fuerit
563 1232 639 1298 inde
661 1241 873 1319 asportatum.
918 1232 1010 1297 Idem
1031 1231 1100 1297 dies
1120 1231 1217 1297 datus

129 1342 172 1399 est
185 1336 213 1400 ei
226 1345 284 1401 etc.
300 1344 340 1402 ut
354 1358 452 1423 supra
466 1336 538 1402 etc.¹
556 1336 561 1421 Ι

37 1434 91 1497 lll.
181 1436 282 1504 ³Prior
301 1440 333 1505 S.
350 1439 530 1505 Swithuni⁴
550 1448 609 1514 etc.
631 1448 666 1505 et
687 1440 785 1505 infra⁶
807 1439 997 1505 summoniti
1020 1440 1153 1505 fuerunt
1174 1439 1216 1505 ad

124 1544 368 1629 respondendum
406 1546 499 1611 Dom.
537 1546 622 1632 Regi
658 1569 757 1632 quare
802 1547 996 1611 leuauerunt
1036 1547 1141 1610 furcas
1181 1554 1215 1610 et

123 1648 282 1732 quemdam
319 1649 483 1715 hominem
521 1660 686 1716 mortuum
723 1649 962 1736 suspenderunt
989 1649 1024 1713 in
1060 1648 1216 1714 warrenia

123 1750 204 1817 Dom.
220 1754 319 1841 Regis
334 1753 374 1819 de
390 1755 558 1820 Ouertona
576 1755 634 1820 ubi
654 1755 742 1820 furcc
757 1754 847 1841 prius
870 1776 934 1818 non
954 1754 1087 1819 fuerunt
1107 1754 1215 1819 leuate

121 1862 222 1920 contra
242 1856 410 1922 libertates
432 1858 524 1923 Dom.
548 1858 648 1945 Regis
670 1858 816 1923 eiusdem
838 1857 1006 1924 warennie.
1060 1858 1103 1922 Et
1125 1858 1216 1923 Prior

120 1958 192 2023 dicit
205 1961 276 2027 etc.⁶
320 1961 371 2026 De
387 1962 485 2027 furcis
499 1963 618 2027 leuatis
633 1962 714 2027 dicit
729 1961 815 2048 quod
829 1961 902 2027 illas
917 1962 1017 2025 habet
1032 1962 1166 2039 leuatus,
1180 1969 1216 2026 et

120 2062 294 2130 libertatem
310 2066 410 2131 habet
426 2066 566 2131 habendi
581 2068 685 2132 furcas
706 2066 783 2153 quia
803 2066 903 2131 habet
922 2066 1170 2153 infangenethef
1180 2074 1215 2131 et

120 2168 362 2254 utfangenethef
387 2191 444 2255 per
473 2178 578 2235 cartas
607 2178 846 2235 antecessorum
884 2169 978 2235 Dom.
1014 2169 1114 2256 Regis
1150 2170 1215 2235 scil.

118 2271 268 2338 lobannis
284 2274 386 2391 Regis
404 2274 506 2359 patris
522 2274 615 2340 Dom.
631 2274 731 2363 Regis
745 2297 844 2361 quam
859 2276 981 2361 profert
996 2297 1058 2360 quc
1074 2282 1216 2339 testatur

118 2374 182 2441 etc'
226 2377 269 2443 Et
300 2378 379 2464 quia
407 2379 594 2444 conuictum
624 2389 674 2445 est
704 2402 762 2467 per
787 2389 892 2445 cartae
917 2388 977 2444 etc
1004 2380 1090 2465 quod
1115 2379 1216 2444 habet

116 2478 358 2568 infangenethef
373 2489 460 2547 ett
422 2504 444 2548 ιι
446 2483 615 2571 ttfangene
601 2485 678 2564 thef,
693 2484 931 2551 consideratum
951 2483 1108 2571 estquod
1128 2484 1214 2550 iuste

118 2583 216 2650 leuato
232 2594 311 2651 sunt
327 2595 361 2650 et
376 2587 450 2651 ideo
464 2597 654 2654 remaneant
669 2598 727 2655 etc.

176 2688 224 2753 De
239 2690 371 2755 homine
387 2713 541 2776 suspenso
552 2692 633 2757 dicit
645 2692 730 2779 quod
741 2692 874 2779 quidam
887 2693 969 2757 latro
979 2716 1037 2779 qur
1027 2692 1215 2780 utlagatus

117 2791 173 2856 fuit
194 2801 232 2858 ut
253 2795 376 2859 dicitur
397 2795 480 2859 solet
505 2795 605 2861 furari
628 2797 740 2862 aueria
763 2806 798 2861 et
820 2797 938 2863 ducere
962 2819 1002 2862 ea
1026 2798 1061 2861 in
1083 2797 1215 2863 boscum

117 2895 208 2980 ipsius
244 2899 365 2964 Prioris
401 2899 435 2964 in
466 2899 638 2986 quemdam
669 2901 774 2964 locum
805 2908 965 2965 secretum
995 2909 1029 2965 et
1058 2900 1105 2964 ibi
1134 2901 1216 2965 solet

117 3003 261 3068 escoriare
276 3004 379 3069 boues
393 3013 427 3068 et
442 3027 556 3069 uaccas
571 3014 605 3068 et
620 3027 693 3070 cum
709 3004 809 3068 semel
829 3005 1029 3090 interceptus
1049 3005 1163 3069 fuerit⁰
1181 3013 1215 3070 et

117 3103 327 3172 circumdatus
346 3107 499 3194 gentibus
520 3108 588 3194 ipse
609 3109 691 3173 latro
713 3109 847 3174 cultello
867 3131 925 3174 suo
944 3132 979 3174 se
994 3109 1165 3187 interfecit,
1180 3118 1215 3174 et

117 3211 235 3292 quando
253 3212 304 3277 ita
324 3233 358 3276 se
380 3211 488 3298 ipsum
509 3212 725 3291 interfecerat,
740 3221 775 3278 et
797 3213 875 3300 quia
895 3214 1020 3279 dictum
1042 3214 1107 3278 fuit
1128 3213 1214 3299 quod

118 3311 275 3400 utlagatus
298 3323 350 3380 est
369 3323 532 3379 uenerunt
552 3315 689 3400 predicti
709 3316 856 3382 homines
875 3325 910 3380 et
924 3325 1095 3403 postquam
1111 3316 1216 3381 ιιὶειιεο

118 3437 168 3498 per
188 3429 407 3484 coronatorem
433 3420 628 3485 leuauerunt
649 3419 787 3506 predicti
811 3420 957 3485 homines
982 3420 1022 3485 de
1049 3421 1216 3485 Ouertona

118 3517 212 3586 furcas
233 3531 267 3588 et
293 3523 389 3587 illum
414 3523 661 3608 suspenderunt,
684 3531 735 3588 set
761 3523 852 3588 Prior
876 3523 956 3589 dicit
981 3523 1067 3610 quod
1092 3524 1214 3588 factum

117 3622 190 3688 illud
203 3648 268 3690 non
281 3625 430 3691 aduocat.

176 3728 217 3794 Et
238 3730 319 3816 quia
340 3730 504 3816 predictus
527 3731 609 3796 latro
631 3753 696 3796 non
718 3730 782 3795 fuit
803 3730 972 3796 conuictus
993 3730 1034 3795 ad
1057 3731 1214 3796 latronem

117 3852 170 3896 nec
190 3835 368 3922 utlagatus,
382 3833 619 3899 consideratum
638 3842 691 3898 est
711 3833 797 3919 quod
817 3833 937 3898 iniuste
958 3854 1132 3918 suspensus
1152 3833 1215 3896 fuit

117 3945 147 4001 et
166 3937 235 4006 ideo
257 3940 394 4006 libertas
415 3939 563 4027 capiatur
584 3938 619 4004 in
639 3961 771 4004 manum
793 3939 886 4004 Dom.
903 3938 1003 4025 Regis
1022 3947 1057 4002 et
1074 3937 1165 4002 Prior
1178 3937 1214 4002 in

146 4099 180 4132 Η
197 4102 423 4154 interlinedind.
688 4097 964 4163 olkeepingunlawed
978 4097 1049 4161 dom,
1074 4097 1105 4146 A.

145 4165 155 4197 ¹
170 4167 338 4220 Michaelmos
349 4169 421 4220 three
431 4169 523 4220 wecks
719 4166 730 4200 ⁷
746 4167 788 4215 Διι
805 4179 908 4229 express
922 4168 999 4228 grant
1014 4163 1043 4214 of
1057 4161 1159 4225 innng-
1160 4159 1214 4212 and

145 4231 245 4283 1Δ..ιιι
259 4235 300 4284 13.
330 4233 637 4285 Morrowofflxaltation
688 4231 914 4294 outfangtlrielwd

120 4293 498 4415 ‘ultll'ltlltlf‘lmh
720 4295 962 4425 illitrfllltml
979 4355 1213 4422 „temptem

146 4425 157 4458 ⁵
171 4429 254 4480 About
265 4433 363 4494 twenty
374 4430 534 4489 defendente,
547 4431 577 4479 Δ.
689 4427 734 4478 the
745 4432 809 4479 text

146 4491 340 4547 ‘Hehasfirot
356 4499 384 4546 to
401 4495 638 4556 onsweraoharge

1043 4592 1128 4657 9-—2
