3167 5075
373 402 436 469 360
678 403 831 476 rarum,
852 414 916 465 an.
942 401 1035 477 1220,
1057 416 1120 465 aa
1144 404 1171 466 4.

373 611 477 666 suum,
492 596 543 654 set
557 586 585 653 si
599 587 723 674 aliquid
743 588 866 652 factum
887 587 987 653 luerit
1007 588 1043 652 in
1065 588 1154 654 curia
1175 588 1231 654 illa
1252 590 1340 675 quod
1362 590 1452 656 debat

373 699 414 765 de
428 698 499 764 iure
515 697 687 775 emendari,
703 699 798 763 Dom.
814 697 885 763 Rex
900 697 954 763 uel
974 698 1044 763 eius
1063 697 1232 763 iusticiarii
1253 700 1335 765 illud
1357 702 1454 766 delent

374 803 545 869 emendare
567 802 603 867 iu
626 800 716 867 curia
738 824 806 867 sua
850 800 941 866 Dicit
968 801 1070 866 eciam
1095 801 1182 885 quod
1206 802 1293 867 idem
1317 803 1453 869 Robertus

373 906 453 971 tulit
467 915 539 971 octo
553 905 667 971 breuia
680 905 721 971 de
735 913 824 970 recto
839 904 873 969 iu
890 905 980 969 curia
994 906 1086 969 Dom.
1103 905 1228 991 Regine
1243 906 1284 971 de
1299 906 1340 973 in
1351 930 1452 972 mesua-

373 1012 436 1098 giis
450 1012 485 1076 in
500 1011 750 1077 Berchamstede
765 1019 801 1076 et
816 1010 863 1076 ibi
878 1010 964 1076 lacta
983 1010 1047 1075 luit
1068 1012 1279 1076 summouicio
1300 1012 1451 1077 secundun

374 1116 479 1201 legem
489 1124 573 1180 terre
586 1122 620 1179 et
631 1114 757 1179 essouia
767 1114 860 1178 lacta
893 1113 1011 1177 Postea
1024 1134 1102 1177 uero
1113 1112 1239 1179 desiout
1250 1114 1452 1200 optuleruntci

373 1220 424 1284 ius
441 1220 544 1285 facere
564 1219 599 1284 in
619 1219 709 1284 curia
724 1217 790 1297 illa„
810 1217 897 1282 idem
916 1216 1079 1283 Robertus
1099 1217 1223 1303 spreuit
1245 1218 1365 1283 curiam
1386 1218 1451 1282 illan

374 1332 408 1388 et
423 1324 487 1389 iuit
506 1324 548 1388 ad
568 1323 759 1388 comitatum
781 1329 815 1387 et
835 1321 920 1386 dixit
942 1320 1125 1386 uioecomiti
1149 1321 1235 1408 quod
1258 1322 1348 1388 curia
1370 1322 1419 1387 illa
1431 1321 1453 1385 ei

264 1463 266 1466 ·
373 1428 525 1494 deficeret
551 1427 593 1492 de
614 1428 685 1493 iure
707 1426 862 1503 faciendo,
885 1434 919 1492 et
942 1426 1047 1491 uoluit
1068 1427 1202 1512 probare
1229 1427 1388 1503 defaltum
1407 1448 1453 1511 quo

373 1531 494 1609 auditu,
509 1531 597 1598 idem
611 1530 867 1596 constabularius
882 1529 972 1593 misit
983 1529 1025 1594 ad
1036 1529 1227 1595 comitatum
1240 1538 1275 1595 et
1285 1530 1454 1595 monstrauit

374 1635 557 1700 uicecomiti
579 1633 666 1721 quod
687 1633 845 1719 placitum
866 1632 948 1697 illud
967 1655 1033 1697 non
1048 1634 1156 1719 potuit
1170 1656 1230 1699 nec
1245 1634 1358 1699 debuit
1370 1632 1454 1698 teneri

373 1738 408 1802 in
424 1737 581 1803 comitatu
596 1758 634 1800 eo
649 1735 735 1821 quod
750 1733 884 1799 libertas
903 1734 944 1799 de
964 1734 1214 1800 Berchamstede
1236 1736 1312 1801 talis
1331 1735 1391 1801 fuit
1409 1746 1454 1798 eta

374 1850 408 1905 et
423 1864 461 1907 eo
476 1840 562 1929 quod
576 1840 666 1905 curia
679 1838 758 1904 non¹
774 1839 927 1904 deficeret
942 1838 973 1902 ei
993 1838 1034 1903 de
1056 1838 1136 1916 iure,
1151 1839 1200 1905 ita
1221 1839 1308 1925 quod
1329 1840 1367 1905 ad
1388 1838 1453 1925 peti-

373 1944 497 2009 cionem
521 1944 623 2030 ipsius
645 1941 875 2007 constabularii
896 1940 986 2005 misit
1007 1941 1186 2006 uiceoomes
1204 1941 1261 2029 iiij.
1278 1941 1393 2006 milites
1408 1950 1453 2005 etc

373 2049 462 2135 apud
476 2048 726 2114 Berchamstede
744 2055 783 2111 ut
803 2046 953 2111 uiderent
973 2046 1059 2132 quod
1081 2046 1168 2112 idem
1190 2046 1330 2112 Roberto
1350 2056 1454 2111 rectum

374 2153 525 2225 facerent,
552 2151 675 2216 scilicet
702 2150 784 2215 tales
811 2158 879 2224 eta,
906 2148 963 2234 qui
988 2158 1150 2214 uenerunt
1178 2149 1213 2214 iu
1242 2150 1331 2216 cuna
1355 2150 1408 2213 illa
1429 2158 1456 2211 et

374 2278 480 2320 coram
495 2256 542 2320 eis
561 2254 660 2319 rediit
680 2254 843 2319 Robertus
865 2261 900 2318 et
921 2252 1035 2317 audita
1056 2254 1120 2319 fuit
1142 2253 1269 2339 loquela
1291 2276 1348 2319 sua
1367 2274 1455 2318 coram

374 2359 429 2435 eis,
444 2358 492 2422 ita
511 2356 597 2444 quod
620 2366 770 2421 tenentes
791 2356 961 2442 pecierunt
983 2356 1092 2420 uisum
1109 2356 1150 2421 de
1166 2358 1338 2443 mesuagio,
1352 2364 1456 2441 etpost

374 2461 481 2525 uisum
514 2460 657 2548 petitum
683 2459 815 2524 recessit
845 2458 965 2525 iterum
994 2458 1156 2524 Rabertus
1181 2459 1222 2523 de
1248 2460 1336 2524 curia
1357 2459 1409 2524 illa
1428 2467 1455 2520 et

374 2565 494 2630 iterum
516 2565 579 2630 iuit
601 2564 643 2631 ad
665 2563 866 2641 comitatum,
881 2571 916 2628 et
935 2563 1039 2629 nescit
1059 2563 1138 2650 quid
1155 2563 1203 2628 ibi
1218 2565 1339 2629 factum
1351 2571 1404 2640 est,
1415 2568 1455 2624 set

374 2669 457 2736 bene
473 2669 619 2734 defendit
633 2668 719 2754 quod
733 2667 881 2754 predicta
895 2668 985 2732 curia
999 2669 1093 2734 Dom.
1111 2669 1237 2755 Regina
1252 2689 1417 2755 numquam
1430 2665 1454 2727 ci

374 2772 492 2837 defecit
518 2772 559 2837 de
584 2773 664 2850 iure,
688 2781 722 2836 et
747 2771 824 2836 inde
849 2771 942 2858 ponit
968 2793 1002 2836 se
1028 2793 1126 2856 super
1150 2771 1311 2857 predictos
1339 2779 1456 2858 quatuor

374 2878 494 2942 milites
509 2899 615 2942 coram
630 2877 748 2963 quibus
763 2877 876 2941 audita
891 2876 954 2941 fuit
969 2875 1104 2961 loquela

439 2982 484 3045 Et
499 2981 661 3046 Robertus
675 2980 755 3045 dicit
770 2980 856 3067 quod
871 2980 951 3044 tulit
965 2980 1079 3046 breuia
1093 3002 1152 3045 sua
1168 2980 1204 3045 in
1224 2981 1365 3067 predicta
1382 2975 1456 3043 curia

374 3086 414 3149 de
430 3085 680 3149 Berchamstede
695 3094 730 3149 et
744 3085 831 3149 facta
846 3084 909 3148 luit
924 3084 1135 3150 summonitio
1149 3084 1190 3150 de
1205 3085 1389 3151 aduersariis
1400 3081 1456 3147 suis

373 3188 522 3274 ita'quod
541 3186 785 3253 essouiaueruut
807 3211 841 3253 se
861 3211 974 3254 uersus
997 3211 1073 3254 eum
1096 3197 1156 3255 etc.
1200 3190 1254 3254 Ad
1276 3191 1360 3255 diem
1378 3187 1455 3252 illum

373 3294 420 3358 eis
441 3294 556 3358 datum
577 3315 636 3379 per
656 3293 867 3359 essoniatores
888 3317 963 3359 suos
985 3302 1147 3359 uenerunt
1168 3295 1344 3360 aduersarii
1364 3290 1406 3358 sui
1426 3297 1455 3351 et

373 3397 563 3483 optulerunt
582 3419 617 3461 se
637 3406 672 3461 et
691 3397 761 3483 ipse
782 3397 883 3483 peciit
899 3397 1085 3462 warentiam
1109 3398 1226 3463 essenii
1247 3399 1307 3475 sui,
1322 3407 1354 3462 et
1372 3395 1455 3478 Hugo

373 3500 413 3565 de
429 3499 592 3564 Bathonia
611 3499 745 3564 clericus
764 3521 896 3586 presens
916 3501 979 3564 fuit
1000 3507 1034 3564 et
1055 3499 1221 3586 respondit
1244 3500 1329 3586 quod
1349 3495 1453 3562 nullam

372 3603 515 3666 facerent
529 3602 725 3667 warentiam.
762 3603 881 3667 Postea
894 3625 971 3667 uero
987 3602 1121 3668 tradidit
1136 3602 1182 3668 eis
1196 3625 1300 3667 unum
1315 3603 1353 3668 de
1367 3595 1458 3664 breui·

372 3707 434 3772 bus
459 3707 525 3772 suis
548 3707 590 3772 ad
614 3707 797 3794 legendum,
822 3729 886 3792 quo
912 3707 1061 3792 perlecto,
1088 3707 1263 3771 uoluerunt
1288 3706 1319 3771 ei
1342 3701 1456 3770 reddere

372 3810 471 3875 breue
486 3810 568 3874 illud
583 3811 683 3875 immo
697 3810 779 3875 illud
794 3811 1008 3889 retinuerunt,
1018 3819 1052 3874 et
1063 3810 1136 3875 ideo
1151 3809 1215 3874 iuit
1229 3809 1271 3874 ad
1286 3809 1456 3874 comitatum

372 3923 407 3977 et
416 3914 463 3978 ibi
474 3914 625 4000 probauit
639 3914 793 3979 defaltam
805 3923 841 3979 et
851 3937 909 4001 per
919 3914 1075 3980 iudicium
1090 3914 1265 3979 comitatus
1279 3936 1334 4001 pro
1343 3910 1455 3976 defectu

373 4040 484 4083 eorum
505 4019 710 4105 recuperauit
731 4019 800 4105 ipse
823 4019 972 4084 saisinam
995 4041 1096 4098 suam,
1111 4027 1145 4084 et
1165 4018 1226 4084 hac
1245 4017 1364 4083 racione
1381 4009 1456 4098 petit

374 4120 524 4186 seisinam
539 4143 640 4187 suam.

440 4223 484 4288 Et
506 4222 584 4310 quia
603 4223 773 4290 iusticiarii
795 4224 910 4290 incerti
930 4233 1008 4290 sunt
1026 4225 1107 4311 quid
1125 4233 1236 4290 actum
1252 4223 1312 4288 fuit
1325 4221 1355 4286 in
1367 4213 1456 4282 comi·

375 4338 456 4406 tatu,
482 4328 719 4394 consideratum
744 4338 794 4394 est
821 4329 907 4416 quod
933 4329 1111 4394 uicecomes
1136 4328 1292 4394 recordari
1316 4322 1401 4391 faciat
1423 4317 1456 4382 in

739 4456 747 4488 ¹
765 4456 835 4506 Both
846 4457 868 4505 A
879 4455 931 4506 aud
942 4455 964 4505 B
975 4456 1109 4507 omitnorr.
