3167 5075
362 374 424 436 266
578 388 696 436 consu
718 388 817 449 naon,
840 386 905 436 nu.
930 374 1087 447 1238-9,
1108 388 1172 436 aa
1196 376 1246 438 23.

360 554 547 641 homagium
572 577 667 619 suum
692 563 751 620 etc.
777 564 812 621 et
835 556 912 621 inde
937 555 1030 642 ponit
1058 578 1093 620 se
1122 578 1220 642 super
1247 556 1392 641 patriam
1419 557 1461 620 uel

360 658 508 724 iuratam
554 660 597 724 Et
619 660 786 725 Johannes
807 661 955 726 defendit
976 660 1064 746 quod
1084 682 1253 746 nunquam
1267 660 1461 746 mesnagium

360 764 442 830 illud
457 764 488 829 ei
502 765 594 829 dedit
610 774 643 829 et
658 765 735 830 inde
748 766 842 851 ponit
857 788 891 829 se
905 787 1004 851 super
1016 763 1165 829 iuratam

425 869 593 933 duratores
623 868 736 933 dicunt
767 871 853 955 quod
882 892 996 934 reuera
1031 870 1196 955 predictus
1232 870 1403 936 Johannas
1435 869 1463 932 iu

361 992 481 1057 magna
509 970 708 1035 constitutus
730 971 922 1037 infirmitate
943 971 1036 1037 dedit
1058 973 1263 1058 mesuagium
1288 973 1371 1037 illud
1398 996 1460 1059 pre·

359 1075 446 1139 dicto
462 1074 624 1139 Willelmo
647 1085 682 1140 et
704 1075 892 1163 homagium
914 1098 1011 1140 suum
1033 1075 1120 1161 cepit
1141 1098 1201 1162 per
1221 1074 1267 1140 sic
1288 1076 1375 1162 quod
1398 1099 1462 1162 prc-

358 1177 466 1243 dictus
480 1178 665 1244 Willelmus
679 1178 844 1245 inueniret
858 1179 1023 1244 hominem
1036 1202 1095 1265 pro
1108 1202 1149 1243 eo
1168 1202 1270 1265 usque
1292 1180 1327 1245 in
1348 1189 1462 1245 terram

359 1289 504 1345 sanctam
533 1289 567 1345 et
597 1282 683 1367 quod
712 1284 805 1347 daret
834 1282 866 1346 ei
893 1306 945 1347 xx.
975 1304 1105 1347 mareas
1151 1282 1196 1346 Et
1223 1282 1351 1368 quando
1379 1283 1463 1348 idem

359 1386 543 1450 Willclmus
554 1385 640 1449 uidit
655 1386 741 1471 quod
756 1386 858 1451 traxit
871 1386 914 1451 ad
930 1386 1223 1451 conualesoenciam
1237 1386 1361 1452 amouit
1372 1386 1463 1451 illurn

359 1490 400 1554 de
415 1490 470 1553 illo
485 1489 552 1553 loco
567 1511 670 1574 usque
685 1490 726 1554 ad
741 1490 843 1554 alium
858 1491 964 1554 locum
984 1490 1020 1555 in
1041 1498 1162 1554 terram
1183 1512 1276 1554 suam
1297 1490 1463 1575 propriam,

360 1604 393 1659 et
416 1595 545 1681 quando
567 1594 635 1679 ipse
651 1594 819 1659 conualuit
841 1594 935 1681 plene
950 1615 1099 1659 reuersus
1113 1601 1164 1657 est
1180 1594 1215 1657 in
1236 1603 1352 1658 terram
1374 1616 1462 1658 suam
1536 1601 1537 1668 j

359 1698 481 1763 scilicet
495 1698 698 1785 mesuagium
713 1699 795 1763 illud
811 1708 845 1763 et
859 1699 907 1764 ibi
920 1721 954 1764 se
970 1698 1108 1763 retinuit
1118 1721 1177 1783 per
1191 1698 1323 1785 longum
1339 1708 1463 1785 tempus

360 1803 461 1867 donec
476 1803 641 1889 predictus
655 1803 840 1867 Willelmus
854 1802 962 1887 ipsum
976 1801 1053 1867 inde
1073 1801 1175 1866 eiecit.
1221 1802 1344 1867 Dicunt
1365 1803 1462 1868 eciam

359 1908 444 1993 quod
460 1908 543 1972 bene
559 1907 696 1972 credunt
710 1916 744 1971 et
759 1906 951 1994 intelligunt
965 1905 1051 1991 quod
1066 1905 1115 1970 ita
1133 1906 1287 1971 conuenit
1307 1905 1395 1971 inter
1416 1929 1464 1971 eos

359 2012 446 2098 quod
460 2012 489 2077 si
503 2012 667 2098 predictus
681 2014 704 2077 J
705 2013 847 2077 ohannes
862 2010 1099 2076 conualesceret
1117 2009 1252 2075 haberet
1266 2011 1462 2097 mesuagium

359 2117 441 2182 illud
456 2117 491 2181 in
505 2138 592 2201 pace,
608 2116 658 2180 sin
673 2126 785 2181 autem
801 2116 887 2202 quod
900 2115 1037 2180 donacio
1051 2114 1110 2179 illa
1123 2116 1257 2181 ualeret.
1291 2116 1335 2179 Et
1349 2116 1463 2201 quesiti

359 2221 388 2287 si
416 2220 581 2306 predictus
610 2219 795 2285 Willelmus
824 2219 948 2305 aliquid
977 2219 1008 2284 ei
1036 2219 1136 2285 soluit
1164 2219 1205 2283 de
1235 2220 1388 2304 predictis
1416 2243 1463 2285 xa
1537 2239 1538 2312 ξ

360 2325 484 2403 marcia,
499 2324 614 2389 dicunt
629 2324 716 2409 quod
725 2346 797 2388 non.
828 2323 1069 2403 Quesitieciam
1078 2323 1208 2409 qualem
1218 2323 1369 2389 saisinam
1381 2324 1462 2389 idem
1537 2401 1538 2404 Ἴ

360 2429 543 2494 Willelmus
558 2428 634 2492 inde
649 2428 773 2505 habuit,
788 2428 903 2492 dicunt
917 2427 1004 2514 quod
1018 2428 1143 2492 nullam
1157 2427 1221 2493 nisi
1240 2430 1328 2514 quod
1347 2430 1462 2495 donum

360 2534 391 2600 ei
415 2534 536 2599 factum
561 2533 625 2598 fuit
649 2543 684 2598 et
709 2532 898 2618 homagium
921 2555 1020 2598 suum
1042 2532 1132 2618 cepit
1155 2532 1226 2597 sine
1254 2534 1380 2600 seisina
1422 2535 1461 2598 Bt

360 2639 433 2704 ideo
454 2637 692 2703 consideratum
715 2649 765 2701 est
787 2636 873 2722 quod
894 2637 1060 2722 prodictus
1081 2637 1249 2702 «Iohannes
1266 2639 1463 2725 recuperauit

360 2743 511 2809 seminam
526 2765 618 2808 suam
634 2750 668 2807 et
684 2741 867 2805 Willelmus
880 2741 916 2804 in
930 2740 1154 2806 misericordia

426 2848 537 2912 Assisa
565 2847 658 2911 uenit
687 2844 893 2932 recognitum
921 2844 949 2909 si
981 2844 1144 2909 Martinus
1177 2845 1266 2910 filins
1295 2845 1463 2913 Willelmi'

360 2952 480 3017 iniuste
495 2959 530 3016 et
550 2951 619 3015 sine
640 2949 759 3014 iudicio
780 2949 957 3014 disseisiuit
977 2948 1173 3013 Nicholaum
1194 2948 1302 3014 filium
1322 2949 1463 3036 Hugonis
1538 2966 1539 3001 ἐ

359 3055 400 3120 de
431 3055 531 3119 libero
560 3061 748 3120 tenemento
778 3075 837 3116 suc
865 3051 900 3116 in
929 3050 1084 3116 Rndham
1111 3060 1186 3137 post
1218 3062 1290 3129 etc,
1321 3063 1356 3118 et
1382 3052 1462 3118 unde

359 3159 506 3246 queritur
528 3167 587 3224 etc.
611 3158 698 3245 quod
720 3157 783 3222 fuit
805 3156 840 3220 in
862 3155 981 3219 seisina
1002 3155 1043 3220 de
1064 3155 1149 3242 iiijss.
1172 3156 1255 3222 acris
1277 3167 1361 3222 terre
1382 3166 1460 3244 post-
1538 3154 1539 3157 ’

360 3286 457 3350 quam
473 3271 566 3348 pater
580 3285 658 3326 suus
673 3260 835 3347 profectus
850 3257 914 3323 fuit
930 3258 965 3322 in
976 3266 1096 3323 terram
1107 3268 1253 3325 sanctam
1265 3283 1324 3347 per
1333 3268 1462 3347 quatuor

360 3390 461 3431 annos
480 3365 582 3430 donec
601 3365 688 3429 idem
712 3363 873 3427 Martinus
895 3363 1008 3428 audito
1029 3386 1158 3428 rumore
1180 3363 1222 3428 de
1243 3375 1348 3430 morte
1368 3362 1461 3450 patris

359 3471 410 3535 sui
425 3470 532 3554 ipsum
548 3468 623 3533 inde
638 3466 817 3532 disseisiuit
831 3474 890 3531 cta

425 3573 469 3635 Et
506 3570 667 3634 Martinus
703 3592 768 3633 non
805 3569 899 3634 uenit
930 3577 965 3633 et
994 3569 1068 3634 ideo
1095 3571 1250 3655 procedat
1279 3571 1384 3636 iurata
1407 3591 1461 3655 per

360 3677 521 3743 defaltam.
569 3675 611 3738 Et
626 3673 750 3738 dictum
766 3673 918 3759 estquod
932 3696 997 3738 non
1011 3675 1076 3738 fuit
1090 3675 1301 3752 attachiatus,
1316 3675 1390 3760 quia
1400 3695 1460 3738 non

360 3782 423 3845 fuit
438 3781 601 3855 inuentus,
620 3775 625 3863 Ι
646 3785 680 3842 et
695 3785 852 3841 testatum
868 3786 919 3842 est
934 3779 1021 3864 quod
1036 3777 1135 3842 habet
1155 3778 1319 3863 quoddam
1333 3800 1459 3866 paruum

360 3883 497 3946 liberum
512 3889 738 3945 tenementum
753 3878 840 3964 quod
854 3887 987 3965 captum
1002 3888 1052 3945 est
1066 3879 1102 3943 in
1116 3900 1250 3945 manum
1266 3881 1357 3946 Dom
1369 3879 1460 3966 Regis

362 3997 422 4051 etc.

426 4089 594 4153 Juratores
623 4088 737 4152 dicunt
766 4086 853 4172 quod
883 4085 1015 4172 quidem
1041 4086 1188 4152 Walmar
1212 4093 1323 4154 tenuit
1350 4097 1460 4153 tanam

360 4193 450 4257 illam
477 4201 511 4257 et
537 4191 652 4256 habuit
678 4191 759 4256 duos
782 4191 873 4267 filios,
896 4189 1028 4266 scilicet,
1051 4191 1216 4276 quendam
1239 4193 1407 4280 Hugonern
1426 4200 1460 4252 ct

361 4297 522 4384 quendam
545 4295 723 4360 Martinam
746 4303 945 4381 poematum,
964 4303 999 4360 ct
1021 4295 1122 4382 Hugo
1143 4304 1218 4382 post
1240 4307 1374 4362 mortem
1394 4315 1458 4381 prc-

491 4425 499 4456 ¹
518 4425 617 4474 Gallow
629 4424 764 4483 Hundred,
777 4423 893 4475 Norsolk.
1050 4424 1061 4455 ²
1078 4423 1151 4474 Gerr.
1166 4427 1288 4477 Walmari
1301 4429 1340 4491 (ἲ).
