3167 5075
366 401 430 465 258
584 414 701 463 consu
724 413 823 475 neon,
845 411 910 463 an.
934 366 1093 475 1238-9',
1114 411 1176 462 sn
1200 398 1250 462 23.

366 588 528 675 quoddam
557 589 598 653 de
628 596 817 653 tenemento
846 587 923 652 fecit
959 594 1011 651 set
1046 586 1171 650 nullam
1207 585 1363 651 seisinam
1400 584 1472 649 inde
1546 589 1547 658 l

366 694 490 771 habuit,
506 702 540 758 et
554 694 630 759 inde
646 701 772 779 ponunt
787 714 822 757 se
836 714 935 777 super
948 691 1098 755 iuratam.

429 798 598 863 Jumtores
612 796 726 861 dicunt
741 796 828 882 quod
842 794 972 880 quando
987 794 1059 879 ipsa
1074 794 1193 859 mulier
1206 818 1339 859 reuersa
1358 793 1424 859 fuit
1441 802 1471 857 et

364 900 569 987 recuperauit
583 901 692 987 ipsum
708 900 891 965 Gallridum
906 899 941 964 in
960 900 1068 963 uirum
1088 900 1181 963 uenit
1201 898 1289 964 idem
1310 897 1474 963 Galhidus

365 1016 399 1071 et
427 1005 519 1073 dedit
549 1005 656 1069 eidem
685 1004 830 1069 Johanni
859 1003 925 1089 viij.
956 1025 1046 1068 acras
1075 1013 1110 1067 et
1147 1002 1337 1089 homagium
1373 1002 1470 1065 trium

364 1110 533 1177 hominum
556 1118 590 1174 et
613 1107 774 1195 quendam
798 1131 937 1194 paruum
958 1108 1134 1172 boscellum
1155 1130 1215 1193 per
1235 1116 1359 1172 cartam
1380 1128 1471 1170 suam

365 1222 399 1279 et
420 1213 506 1299 cepit
525 1212 601 1278 inde
623 1212 811 1298 homagium
835 1234 941 1289 suum,
964 1219 1015 1275 set
1038 1210 1125 1275 idem
1151 1210 1188 1276 G.
1214 1211 1292 1275 fecit
1315 1210 1471 1275 seminare
1546 1207 1547 1252 3

363 1318 461 1383 blada
480 1326 514 1382 et
534 1325 658 1382 metere
678 1340 718 1381 ea
738 1324 772 1380 et
792 1316 913 1380 cariore
934 1316 1012 1381 fecit
1032 1316 1075 1381 ad
1096 1316 1228 1381 domum
1243 1317 1359 1382 matris
1372 1316 1474 1402 ipsius

363 1420 523 1487 Johannis
552 1428 587 1484 et
615 1418 766 1484 uendidit
796 1417 954 1483 chamier²
984 1426 1019 1483 et
1049 1419 1182 1484 boscum
1211 1428 1247 1485 et
1284 1420 1361 1485 fecit
1398 1419 1471 1483 inde
1546 1471 1547 1478 ,

364 1523 533 1589 comodum
554 1547 659 1601 suum,
679 1523 728 1588 ite
750 1523 837 1609 quod
857 1523 927 1609 ipse
946 1523 1115 1589 Johannes
1135 1524 1237 1589 nichil
1257 1524 1334 1589 inde
1349 1524 1472 1597 hahuit,

364 1635 414 1692 set
429 1627 543 1693 dicunt
558 1626 645 1714 quod
659 1627 747 1692 idem
762 1627 785 1692 J
786 1627 930 1692 ohannes
944 1627 1068 1712 recepit
1082 1626 1248 1693 redditum
1263 1628 1305 1693 de
1320 1628 1471 1714 predictis

364 1731 560 1797 tenentibus.
607 1731 652 1795 Et
671 1731 744 1795 ideo
765 1731 1003 1797 consideratum
1028 1741 1078 1796 est
1102 1733 1190 1817 quod
1213 1733 1284 1818 ipse
1307 1732 1472 1799 Johannes

363 1836 569 1920 recuperauit
593 1835 745 1900 seisinam
769 1858 862 1900 suam
886 1834 927 1901 de
948 1836 1104 1921 predictis
1123 1837 1315 1901 tenentibus
1334 1844 1472 1911 tanturn,

365 1948 399 2004 et
421 1941 568 2026 Rogerus
590 1948 624 2004 et
644 1939 829 2005 Willelmus
843 1939 879 2003 in
893 1938 1113 2005 misericordia
1129 1940 1178 2025 [et
1193 1940 1295 2005 nichil
1309 1941 1420 2027 capiat
1432 1940 1471 2005 de
1546 2021 1547 2026 ἵ

364 2050 553 2107 tenemento
567 2042 608 2106 de
624 2065 687 2128 quo
702 2042 827 2106 nullam
842 2041 958 2107 habuit
973 2042 1161 2127 seisinem.¹]

430 2146 542 2211 Assisa
563 2146 656 2211 uenit
678 2145 884 2232 recognitum
903 2145 933 2209 si
955 2144 1137 2210 Gilihertns
1158 2146 1200 2211 de
1222 2146 1278 2211 Ho
1300 2155 1336 2212 et
1364 2147 1471 2232 plures

365 2249 422 2314 alii
437 2249 682 2315 disseisiuerunt
698 2249 864 2313 Simonem
878 2247 919 2314 de
932 2249 1108 2315 Kirewclla
1117 2248 1159 2315 de
1171 2250 1273 2314 libem
1285 2258 1472 2314 tenemento

366 2375 424 2417 suo
453 2352 488 2417 in
518 2351 640 2417 Holesl’
669 2360 743 2437 post
772 2351 911 2437 primam
940 2354 1182 2418 coronacionem
1215 2361 1288 2430 etc,
1317 2362 1351 2418 et
1386 2353 1471 2418 unde

366 2456 513 2543 queritur
528 2456 613 2543 quod
627 2454 874 2519 disseisiuerunt
888 2454 930 2519 de
944 2456 998 2543 xij.
1014 2457 1097 2521 acris
1114 2465 1206 2521 terre.

431 2561 475 2624 Et
510 2551 619 2624 nullus
648 2559 741 2624 uenit
770 2567 880 2644 preter
907 2561 1131 2626 Alexandrum
1160 2570 1220 2626 etc
1252 2571 1288 2627 et
1317 2562 1471 2628 Ricardns
1545 2614 1546 2619 1

366 2665 480 2730 Gamcl
501 2664 700 2730 attachiatus
719 2664 782 2728 fuit
803 2686 861 2748 per
881 2665 1058 2752 Hugonem
1078 2665 1120 2730 dc
1138 2667 1279 2753 Borlega
1292 2680 1328 2732 et
1342 2667 1398 2731 alii
1411 2677 1472 2731 etc.
1545 2704 1546 2723 r

365 2775 399 2832 et
413 2766 488 2831 ideo
502 2789 613 2831 omnes
627 2766 663 2830 in
680 2765 905 2832 misericordia

430 2870 474 2935 Et
493 2869 678 2936 Alexander
697 2870 777 2934 dicit
797 2871 885 2956 quod
904 2872 1004 2936 assisa
1023 2894 1089 2936 non
1103 2873 1203 2939 debet
1218 2875 1297 2940 inde
1311 2875 1381 2940 lieri
1395 2876 1473 2962 quia

364 2984 451 3038 terra
464 2974 521 3039 illa
535 2984 584 3038 est
600 2973 814 3059 uillcnagium
829 2974 968 3040 Comitis
983 2976 1102 3062 Rogeri
1118 2977 1224 3064 Bigod
1238 2987 1299 3044 etc.

429 3078 453 3145 J
453 3087 597 3143 oratores
611 3077 726 3143 dicunt
740 3078 827 3163 quod
841 3079 1007 3165 predictus
1024 3081 1137 3146 Simon
1153 3080 1237 3146 liber
1250 3092 1304 3148 est
1318 3092 1352 3147 et
1371 3083 1469 3147 libere

365 3192 457 3249 tenet
472 3183 512 3248 de
528 3183 656 3248 Gemite
671 3183 798 3268 Rogero
813 3205 872 3268 per
886 3192 1009 3248 cartam
1023 3192 1265 3250 antecessorum
1286 3209 1413 3250 suorum
1434 3195 1470 3250 et

365 3311 478 3354 reuera
499 3287 637 3374 predicti
657 3286 842 3352 Alexander
862 3296 896 3352 et
916 3288 973 3352 alii
995 3288 1285 3374 implacitauerunt
1306 3291 1409 3376 ipsum
1433 3290 1468 3353 in

364 3393 454 3458 curie
474 3391 612 3458 Comitis
632 3389 752 3476 Rogeri
775 3399 810 3455 et
833 3390 903 3476 ipse
931 3392 1030 3457 breue
1055 3393 1243 3478 prostrauit,
1268 3401 1304 3458 et
1326 3392 1387 3479 ipsi
1408 3393 1469 3456 im·
1544 3414 1545 3421 ¹

364 3504 577 3583 petranerunt
597 3494 687 3560 aliud
707 3495 807 3559 breue
831 3503 866 3558 et
890 3494 1066 3560 noluerunt
1090 3495 1243 3582 prosequi
1265 3495 1467 3582 postmodum

364 3601 462 3667 breue
491 3600 574 3665 illud
599 3607 649 3664 set
675 3621 709 3662 se
736 3607 952 3676 retraxerunt,
978 3607 1012 3664 et
1038 3600 1088 3664 ita
1112 3600 1214 3664 locuti
1240 3601 1371 3666 luerunt
1393 3621 1467 3663 cum

365 3705 529 3770 Willelmo
547 3703 578 3768 le
600 3703 741 3767 Enueise
764 3711 844 3767 tunc
863 3702 1039 3768 senescallo
1060 3703 1199 3768 Comitis
1219 3705 1308 3790 quod
1322 3703 1396 3791 ipsi¹
1408 3725 1469 3788 per

364 3808 608 3894 inquisicionem
624 3807 659 3872 in
674 3807 818 3872 manerio
832 3807 953 3872 lectam
969 3807 1047 3872 fecit
1061 3808 1109 3873 eis
1124 3807 1243 3873 habere
1258 3810 1405 3874 seisinem
1423 3808 1466 3872 de
1543 3892 1544 3895 Ἴ

364 3911 476 3976 eadem
497 3921 584 3975 terra
603 3910 716 3975 eodem
739 3909 871 3975 Simone
891 3932 956 3974 non
977 3920 1128 3995 presente
1150 3918 1185 3975 et
1204 3933 1270 3975 non
1291 3920 1408 3986 noceto,
1430 3922 1468 3972 et
1543 3942 1544 3979 l

363 4015 412 4078 ita
426 4014 533 4100 ipsum
547 4015 801 4080 disseisiuerunt.
840 4015 884 4078 Et
896 4015 969 4079 ideo
980 4014 1219 4080 consideratum
1234 4026 1287 4081 est
1301 4015 1467 4103 quodpre·
1543 4068 1544 4079 ,

363 4117 470 4182 dictus
487 4118 599 4182 Simon
613 4118 836 4204 recuperauit⁴
849 4141 942 4184 snam
957 4127 992 4184 et
1006 4141 1118 4184 omnes
1129 4119 1186 4184 alii
1196 4119 1232 4184 in
1244 4117 1463 4188 misericordia

396 4307 474 4358 ¹Sie.
504 4309 586 4358 Straw
612 4309 661 4372 (ῆς
694 4323 735 4359 aee
756 4309 803 4358 tha
824 4309 895 4360 word
944 4313 1059 4361 notator.

366 4375 468 4422 koumia
480 4372 561 4422 below
573 4373 600 4423 in
613 4375 679 4423 case
692 4375 763 4424 1256.
975 4375 986 4407 ⁸
1003 4377 1074 4425 corr.
1086 4377 1147 4438 ipse.

396 4439 408 4471 ¹
424 4439 517 4489 Worda
533 4439 562 4488 in
577 4438 693 4490 brackets
705 4439 787 4490 added
800 4440 835 4504 by
847 4454 891 4490 an·
975 4442 986 4474 ⁴
1004 4441 1103 4504 snppty
1112 4441 1242 4493 eduinum.
