3167 5075
349 410 411 473 156
565 422 683 471 consu
706 422 806 484 suen,
828 422 893 473 sn.
918 410 1076 485 1235-6,
1099 421 1162 472 nn
1186 407 1235 471 20.

347 596 429 663 abiit
451 596 485 661 in
508 595 731 661 transmarinis
752 594 909 682 partibus,
933 602 967 661 et
989 596 1121 661 interim
1144 594 1307 682 predictus
1329 596 1456 661 Alanus

346 699 438 765 dedit
461 698 621 786 predictas
636 698 688 785 xij.
705 721 766 764 eor.
782 698 869 785 preti
883 697 1029 784 predicto
1046 698 1210 764 Willelmo
1224 707 1259 764 et
1272 697 1456 763 attorneuit

347 803 528 890 predictum
551 802 735 868 Johannem
758 802 821 867 sibi
841 824 899 889 per
913 810 1035 867 certem
1050 825 1150 868 suam.
1196 803 1313 868 Postea
1325 824 1455 867 coneor-

346 907 416 972 dati
440 914 518 971 sunt
541 912 576 971 et
600 914 650 970 est
676 905 845 971 concordie
868 905 944 970 talis
969 904 1056 992 quod
1081 906 1247 993 predictus
1269 906 1455 972 Willelmus

346 1010 472 1076 remisit
497 1017 531 1074 et
557 1009 705 1095 quietum
734 1009 889 1074 clamauit
915 1007 955 1074 de
982 1031 1016 1074 se
1042 1018 1077 1074 et
1102 1009 1274 1076 heredibus
1297 1010 1366 1075 suis
1393 1009 1455 1096 ipsi

347 1114 484 1181 Ricerdo
494 1123 528 1180 et
539 1113 711 1178 heredibus
723 1114 789 1179 suis
802 1121 909 1177 totum
920 1112 972 1178 ius
983 1121 1018 1178 et
1029 1113 1182 1178 elemium
1194 1113 1280 1200 quod
1291 1113 1411 1178 hebuit
1421 1113 1455 1177 in

347 1230 417 1287 tote
427 1220 574 1308 predicte
585 1229 671 1285 terre
680 1243 753 1284 cum
769 1227 850 1307 pert.
866 1220 902 1284 in
916 1228 1113 1307 perpetuum
1125 1242 1183 1305 pro
1193 1241 1218 1285 e.
1229 1218 1339 1285 solidis
1347 1226 1412 1283 etc
1430 1216 1436 1302 1

220 1316 297 1367 [ml
412 1325 599 1391 Anketillus
625 1325 759 1390 Mellore
785 1325 1003 1390 summonitus
1030 1324 1093 1389 fuit
1122 1324 1164 1389 ed
1192 1322 1454 1410 respondendum

215 1386 307 1528 18136
348 1430 498 1496 Huberto
513 1430 553 1495 de
569 1430 679 1517 Burgo
695 1430 817 1497 Comiti
839 1430 963 1495 Keueie
986 1452 1050 1516 quo
1065 1437 1208 1495 werento
1230 1436 1321 1493 tenet
1343 1450 1456 1492 maue-

275 1498 293 1537 μ’
347 1534 432 1599 rium
447 1534 487 1599 de
505 1534 667 1621 Erdlegha
681 1534 767 1620 quod
781 1533 846 1598 fuit
866 1533 1064 1598 dominicum
1084 1534 1177 1598 Dom.
1194 1532 1301 1619 Regis,
1316 1540 1352 1597 et
1368 1531 1455 1618 quod

347 1638 512 1726 predictus
534 1638 650 1704 Comes
672 1637 788 1703 habuit
811 1637 852 1703 de
874 1638 958 1703 douo
980 1639 1072 1704 Dom.
1094 1637 1195 1724 Regis
1214 1646 1249 1702 et
1264 1637 1350 1703 unde
1368 1638 1454 1703 idem

349 1744 465 1811 Comes
480 1742 543 1807 suit
558 1741 737 1807 disseisitus
752 1764 811 1827 per
825 1742 1029 1807 uoluntatem
1045 1741 1139 1806 Dom.
1155 1740 1254 1828 Regis
1269 1750 1327 1806 ete.

414 1846 457 1910 Et
471 1845 659 1910 Anketillus
674 1845 766 1911 uenit
782 1854 817 1910 et
830 1845 912 1911 dicit
926 1845 1013 1932 quod
1027 1845 1207 1911 disseisitus
1222 1854 1272 1912 est
1282 1846 1324 1911 de
1338 1846 1454 1912 eodem

347 1950 489 2017 manerio
511 1950 614 2015 etita
633 1950 814 2015 disseisitus
838 1951 925 2036 quod
948 1951 1127 2015 uieecomes
1149 1950 1288 2037 impedit
1312 1973 1392 2015 eum
1414 1948 1455 2015 ed

347 2055 610 2144 impetracionem
640 2054 742 2141 ipsius
773 2054 910 2121 Comitis
940 2055 1027 2141 quod
1057 2077 1122 2119 nou
1151 2063 1259 2142 potest
1287 2054 1453 2119 redditum

347 2183 442 2225 suurn
468 2158 632 2246 percipere
658 2180 718 2223 nee
743 2180 802 2244 pro
828 2158 999 2223 uoluntate
1025 2180 1085 2223 sue
1109 2158 1286 2246 disponere,
1310 2166 1346 2224 et
1370 2158 1456 2245 petit

346 2265 503 2331 iudicium
518 2264 546 2329 si
560 2263 678 2329 debeat
693 2262 875 2328 dieseisitus
889 2262 1089 2349 respondere.

301 2364 307 2375 ’
412 2369 456 2433 Et
472 2368 587 2435 Comes
603 2367 727 2433 Kencie
743 2366 925 2453 dicitquod
939 2389 1004 2432 nou
1025 2375 1076 2432 est
1096 2390 1154 2454 per
1175 2390 1250 2432 eum
1273 2367 1455 2433 disseisitus

345 2494 404 2538 nee
419 2472 488 2559 ipse
503 2471 633 2560 aliquod
648 2472 784 2560 apponit
800 2471 1072 2559 impedimentum
1086 2478 1122 2537 et
1137 2470 1164 2535 si
1177 2472 1259 2537 forte
1274 2471 1453 2539 uieecomes

345 2578 517 2644 excesserit
541 2575 731 2642 mandatum
755 2576 849 2641 Dom.
873 2575 973 2662 Regis
996 2575 1056 2641 hoc
1075 2597 1141 2640 non
1160 2584 1211 2641 est
1232 2599 1291 2663 per
1312 2599 1401 2655 eum,
1421 2586 1453 2641 et

344 2683 427 2748 bene
444 2682 516 2746 uult
532 2679 618 2767 quod
633 2679 701 2766 ipse
717 2680 813 2766 plene
829 2678 948 2743 hebeat
963 2678 1115 2744 seisinem
1133 2701 1235 2757 suam,
1244 2687 1279 2743 et
1296 2679 1453 2745 Anketill’

344 2785 537 2874 respondeat
552 2785 612 2850 sub
628 2784 741 2849 eedem
757 2783 950 2848 condicione.

409 2890 527 2955 Postea
542 2889 633 2954 uenit
648 2897 683 2953 et
701 2888 781 2953 dicit
796 2887 883 2974 quod
898 2888 1041 2954 multum
1056 2888 1194 2953 seruiuit
1208 2889 1304 2955 Dom.
1318 2889 1407 2978 Regi
1421 2898 1454 2954 et

344 2993 438 3059 Dom.
461 2993 531 3058 Rex
555 3014 612 3077 pro
634 2991 784 3078 homagio
807 3000 841 3056 et
863 2991 999 3056 seruicio
1022 3013 1081 3056 suo
1105 2991 1286 3057 manerium
1309 2993 1395 3058 illud
1420 3001 1453 3058 et

344 3097 435 3164 dedit
450 3096 492 3162 ed
507 3096 592 3161 feodi
607 3097 732 3162 firmem
748 3119 807 3182 per
821 3105 944 3162 certem
962 3119 1055 3162 sunm
1076 3119 1174 3183 quem
1196 3097 1320 3183 profert
1339 3107 1452 3185 etque

344 3211 485 3268 testetur
499 3201 586 3287 quod
600 3199 657 3265 det
667 3209 701 3265 et
711 3201 879 3266 confirmat
895 3201 1064 3266 Anketillo
1079 3201 1214 3266 Mellore
1228 3224 1287 3287 pro
1301 3202 1452 3290 homagio

343 3313 378 3371 et
392 3304 528 3370 seruioio
543 3326 601 3368 suo
616 3304 798 3369 manerium
813 3303 854 3370 de
875 3303 1040 3391 Erdleghe
1059 3302 1145 3391 quod
1167 3305 1231 3370 fuit
1252 3305 1451 3371 dominicum

343 3409 437 3474 Dom.
462 3407 563 3494 Regis
585 3407 670 3493 quod
692 3408 756 3473 fuit
778 3408 851 3474 Ade
873 3408 914 3474 de
937 3408 1015 3473 Port
1037 3408 1072 3472 in
1095 3408 1254 3474 comitatu
1278 3409 1452 3475 Stnffordie
1552 3482 1553 3497 χ

343 3533 417 3578 cum
441 3511 654 3577 eduocecione
678 3513 812 3578 ecclesie
835 3513 973 3578 manerii
997 3511 1185 3578 habendum
1212 3520 1247 3577 et
1271 3514 1451 3580 tenendum
1552 3500 1553 3511 ἵ

342 3618 405 3685 sibi
427 3626 462 3682 et
487 3616 662 3682 heredibus
683 3617 749 3682 suis
771 3617 812 3681 de
835 3617 928 3683 Dom.
952 3618 1043 3705 Rege
1065 3626 1101 3682 et
1122 3616 1298 3682 heredibus
1319 3619 1390 3683 suis
1412 3617 1451 3683 od

343 3722 428 3788 leodi
443 3722 569 3787 firmem
581 3744 639 3808 pro
651 3745 678 3787 x.
691 3722 807 3786 mercis
817 3745 876 3808 per
885 3744 1008 3786 aunum
1023 3720 1196 3786 reddendis
1206 3719 1450 3788 edsmeenrium

342 3836 411 3904 etc,
434 3835 469 3891 et
490 3825 570 3891 dicit
593 3825 680 3912 quod
704 3849 769 3891 nou
793 3827 928 3892 uidetur
949 3827 981 3891 ei
1004 3825 1092 3912 quod
1116 3825 1237 3891 debeat
1262 3826 1334 3892 sine
1358 3828 1450 3893 Dom.

342 3931 433 4018 Rege
456 3929 647 4016 respondere
665 3939 700 3995 et
717 3930 802 3996 bene
816 3930 964 3996 defendit
977 3931 1130 3996 seisinnm
1144 3930 1249 4017 ipsius
1263 3930 1406 3997 Comitis
1419 3938 1452 3995 et

342 4036 428 4124 petit
443 4034 609 4100 iudicium.

409 4139 454 4204 Et
469 4138 586 4205 Comes
600 4137 680 4204 dicit
695 4137 781 4226 quod
796 4139 860 4204 fuit
873 4139 909 4204 in
928 4138 1048 4204 seisine
1065 4149 1101 4204 et
1122 4139 1172 4204 ite
1191 4139 1376 4208 disseisitus
1397 4163 1453 4230 per

343 4241 549 4308 uoluntatem
572 4240 667 4307 Dom.
681 4241 780 4327 Regis
795 4251 831 4306 et
844 4242 931 4328 petit
950 4241 1102 4307 seisinem
1119 4264 1223 4320 suem,
1236 4251 1273 4308 et
1286 4245 1376 4330 quod
1391 4245 1451 4310 fuit

342 4347 378 4412 in
397 4344 517 4410 seisine
535 4343 630 4410 Dom.
647 4344 718 4409 Rex
740 4345 801 4410 hoc
822 4353 966 4410 testetur
986 4367 1045 4432 per
1064 4345 1166 4411 breue
1188 4368 1286 4412 suum
1310 4357 1347 4412 et
1368 4348 1451 4436 petit

342 4450 507 4518 iudicium
