3167 5075
368 369 432 444 242
600 381 834 444 mensurnas,
855 381 927 439 an„
945 368 1038 443 1222,
1060 382 1123 433 au
1148 366 1242 437 6-7.
1267 364 1273 377 ’

368 558 582 622 firmauerunt
601 556 744 621 Roberto
766 554 834 621 filio
857 554 994 620 Robcrti
1017 554 1057 619 de
1082 554 1270 621 Corneuilla
1292 562 1407 621 terram
1424 555 1453 619 de

368 659 590 725 Toulleshuth’
605 681 679 723 cum
694 658 844 723 omnibus
859 665 938 743 pert.
955 658 1022 723 suis
1037 682 1099 744 que
1114 659 1259 744 pertinet
1278 658 1321 723 ad
1340 658 1453 745 preben-

368 763 443 828 dam
458 762 597 848 predicti
616 762 752 828 Robcrti
772 761 813 827 de
834 761 1027 839 Corneuilla,
1043 764 1227 829 habendam
1247 773 1282 829 et
1302 764 1454 829 tenendam

368 866 475 953 quoad
489 866 610 931 uixerit
624 866 707 931 bene
722 874 756 931 62
770 865 806 930 in
820 888 899 951 pace
915 874 950 931 62
965 866 1147 945 honorifice,
1161 867 1326 933 reddendo
1340 866 1454 954 singulis

367 971 461 1037 annis
489 970 635 1057 predicto
664 970 807 1034 Roberto
833 977 868 1035 et
892 970 1127 1035 successoribus
1150 970 1218 1035 suis
1245 994 1316 1036 xxx.
1341 972 1394 1036 sol.
1412 992 1454 1055 pro

366 1075 457 1139 amni
485 1074 622 1140 seruicio
650 1073 693 1138 ad
722 1073 805 1138 tales
828 1073 982 1139 terminos
1004 1080 1063 1139 etc
1094 1075 1138 1139 Et
1159 1084 1200 1140 ut
1229 1075 1290 1141 hec
1311 1084 1372 1140 etc
1399 1074 1454 1139 lliia

368 1179 508 1245 testibus
523 1188 583 1244 etc.

435 1284 479 1347 Et
508 1282 659 1346 Decanus
688 1289 724 1346 62
754 1279 946 1366 Capitulum
975 1302 1033 1365 per
1061 1280 1239 1345 Ricardum
1276 1282 1455 1367 capellanum

367 1394 570 1455 attornatum
593 1406 690 1449 suum
715 1384 856 1449 ueniunt
881 1392 917 1448 62
941 1383 1024 1448 bene
1049 1394 1248 1471 cognoscunt
1275 1393 1401 1461 cartam,
1418 1391 1456 1447 set

368 1513 434 1555 non
448 1489 570 1554 debent
584 1490 674 1554 illam
689 1488 905 1564 warentizme,
921 1488 1077 1573 quianon
1091 1488 1131 1552 fit
1145 1488 1270 1553 mentio
1285 1488 1319 1552 in
1334 1498 1416 1553 carta
1426 1486 1455 1550 de

368 1595 478 1680 aliquo
499 1594 592 1671 dono,
613 1616 674 1658 nec
695 1593 736 1657 de
758 1591 918 1679 homagio,
932 1592 996 1657 nisi
1017 1600 1148 1656 tantum
1170 1591 1211 1657 de
1234 1592 1455 1657 confirmacione

369 1707 404 1763 et
417 1697 628 1776 concessione,
640 1707 674 1762 62
689 1697 763 1763 ideo
777 1696 894 1761 nolunt
906 1696 1112 1761 warentizare
1124 1696 1188 1761 nisi
1198 1698 1290 1762 curia
1300 1697 1456 1763 considera·

370 1802 464 1870 uerit.

434 1907 478 1970 Et
492 1906 656 1972 Robcrtns
670 1906 757 1992 petit
771 1904 929 1970 indicium
947 1904 1098 1969 similiter
1117 1905 1246 1971 desicut
1265 1906 1354 1971 idem
1368 1906 1457 1971 Ricar-

369 2009 430 2075 dus
452 2016 503 2074 est
524 2008 565 2073 de
587 2009 730 2095 capitulo
752 2018 787 2073 62
808 2010 961 2073 Decanus
983 2016 1018 2073 et
1041 2007 1232 2094 Capitulum
1258 2018 1457 2096 cognouemut

369 2120 500 2188 cartam
515 2111 641 2176 desicut
655 2111 724 2196 ipse
738 2110 840 2175 nichil
855 2111 974 2175 clamat
989 2111 1052 2175 nisi
1066 2111 1101 2176 iu
1120 2112 1192 2177 uita
1211 2136 1272 2177 sua
1292 2121 1421 2187 tantum,
1432 2122 1458 2175 62

369 2216 452 2281 bene
471 2216 635 2302 cognoscit
655 2216 741 2302 quod
761 2224 848 2279 terra
866 2215 924 2279 illa
943 2223 993 2281 est
1013 2215 1115 2280 libera
1139 2216 1316 2281 elemosina
1335 2216 1457 2302 predicte

369 2321 501 2386 ecclesie
516 2330 551 2385 62
565 2320 652 2407 quod
666 2328 893 2405 postmortem
909 2320 978 2385 eius
993 2320 1092 2386 debet
1107 2320 1150 2386 ad
1166 2344 1239 2387 eam
1258 2322 1386 2387 reuerti.
1423 2320 1456 2383 Et

368 2423 442 2489 ideo
456 2424 613 2489 iuratores
627 2422 703 2487 inde
718 2422 787 2487 sinc
802 2422 855 2487 die
871 2430 905 2488 62
919 2422 983 2509 ipsi
997 2431 1188 2508 exspectent
1202 2424 1360 2489 iudicium
1373 2444 1458 2487 sunm

433 2526 545 2592 Assisa
569 2526 663 2592 uenit
687 2526 893 2613 recognitum
918 2526 991 2613 quis
1016 2526 1195 2592 aduocatus
1220 2534 1366 2613 tempore
1388 2525 1459 2612 pods

270 2647 285 2674 ²¹
369 2629 571 2717 presentauit
585 2631 737 2695 ultimam
751 2653 921 2716 personam
942 2653 1005 2717 quc
1025 2641 1155 2696 mortua
1177 2640 1227 2696 cst
1249 2631 1292 2697 ad
1313 2629 1459 2697 6661661661

369 2733 411 2798 (16
437 2734 656 2809 Waleswrthe‚
678 2755 742 2819 quc
768 2742 867 2799 uacat
891 2741 931 2798 ut
956 2734 1085 2810 dicitur,
1112 2734 1205 2800 cuius
1230 2734 1458 2800 aduocacionem

371 2837 546 2902 (laufridus
572 2839 664 2923 Lucy
691 2838 811 2902 clamat
840 2860 953 2902 uersus
982 2837 1126 2904 Priorem
1153 2837 1302 2904 8611662ι
1331 2837 1461 2924 quinon

371 2941 464 3006 uenit
484 2949 595 3006 62662
615 2940 731 3004 habuit
752 2939 840 3004 diem
863 2962 921 3026 per
942 2940 1170 3005 essoniatorem
1193 2963 1299 3007 suum.
1342 2941 1385 3006 Et
1403 2937 1461 3002 ideo

371 3045 519 3130 capiatur
532 3044 632 3109 assisa
645 3066 704 3129 per
717 3044 882 3122 defaltum,
897 3053 947 3108 662
968 3045 1101 3131 ponitur
1120 3045 1155 3111 in
1176 3053 1357 3132 respectum
1376 3065 1462 3128 usquc

371 3149 415 3214 ad
429 3149 529 3214 talem
543 3148 630 3214 diem
645 3156 705 3212 etc
721 3170 778 3232 pro
793 3149 923 3212 defectu
939 3149 1177 3234 recognitorum
1190 3149 1268 3234 quia
1279 3145 1462 3231 2662661112

372 3262 534 3318 uenerunt
549 3260 582 3317 62
598 3252 776 3316 uicecomes
792 3252 911 3316 habeat
926 3275 1058 3338 corpora
1072 3253 1211 3318 aliorum
1226 3263 1286 3319 etc

241 3365 334 3433 1557,
436 3356 548 3420 Assisa
562 3354 655 3418 uenit
669 3354 876 3441 recognitum
890 3355 917 3420 si
932 3357 1116 3421 Rannulfus
1130 3365 1225 3442 pater
1245 3356 1398 3423 Godclinc
1411 3353 1462 3419 fuit

253 3472 321 3512 ffldd-
372 3459 501 3524 saisitus
526 3458 562 3523 in
586 3457 746 3522 dominico
771 3480 831 3522 suo
856 3466 895 3522 ut
918 3458 959 3523 de
983 3459 1076 3524 feodo
1102 3459 1143 3524 de
1167 3483 1232 3525 uno
1258 3459 1418 3546 mesuagio
1440 3480 1462 3520 v.

250 3617 253 3625 .
371 3562 453 3627 66116
472 3572 508 3626 62
524 3561 549 3646 j.
571 3560 731 3645 perticata
751 3569 837 3626 terre
863 3583 938 3625 cum
964 3570 1046 3648 pert.
1068 3563 1103 3628 in
1125 3564 1321 3651 Bramlegha
1342 3563 1394 3628 die
1413 3581 1464 3648 quc

372 3674 443 3744 626,
456 3664 543 3730 unde
558 3664 742 3730 Willelmus
755 3664 797 3729 (16
819 3664 894 3729 Piro
915 3673 949 3729 62
969 3665 1077 3732 Α11616
1096 3689 1178 3732 uxor
1197 3667 1268 3734 eius
1287 3675 1399 3733 tenent
1415 3673 1463 3730 etc

371 3768 438 3848 Qui
451 3769 590 3833 ueniunt
610 3776 644 3833 et
664 3776 866 3832 uocauerunt
887 3768 930 3834 ad
951 3779 1131 3835 warantum
1155 3771 1355 3836 Willelmum
1376 3769 1464 3836 filium

371 3871 507 3937 Roberti
522 3870 578 3956 qui
594 3879 644 3934 662
658 3870 744 3936 infra
758 3879 881 3936 etatem
897 3879 932 3936 62
953 3871 989 3937 in
1009 3873 1159 3938 custodia
1178 3873 1296 3961 Rogeri
1309 3873 1463 3938 Huscarlc

371 3974 437 4053 Qui
458 3973 551 4038 uenit
573 3980 608 4036 et
628 3971 779 4056 producit
802 3973 1003 4038 Willclmum
1027 3984 1062 4040 62
1085 3974 1167 4041 dicit
1189 3975 1275 4062 quod
1296 3973 1464 4039 Willelmus

370 4085 421 4142 662
434 4076 518 4141 infra
531 4083 654 4141 etatem
669 4084 704 4141 62
719 4075 805 4162 quod
820 4077 983 4144 Robertus
997 4089 1092 4165 pater
1105 4102 1184 4146 suus
1199 4079 1279 4146 obiit
1291 4077 1419 4144 saisitus
1430 4077 1462 4140 de

373 4191 460 4246 terra
473 4179 530 4243 illa
543 4188 579 4244 et
592 4179 679 4264 petit
692 4187 817 4245 etatem
832 4203 933 4248 suem.

403 4333 414 4364 ¹
431 4332 602 4382 0626862626.
631 4333 789 4394 southwick,
800 4335 900 4397 Hants;
952 4337 1018 4388 0666
1031 4339 1103 4389 1270.

372 4399 484 4448 Monast.
501 4397 551 4447 vol.
569 4399 592 4454 6,
609 4413 635 4460 p.
652 4401 709 4448 24³.
743 4401 792 4452 fleo
808 4400 898 4464 below,
