3167 5075
323 421 365 485 50
630 430 782 493 rnrrrrr,
805 430 871 483 nn.
894 418 988 493 1224,
1010 431 1073 482 nn
1098 419 1128 482 8.

323 602 475 671 saisinam
497 624 590 669 suam
611 602 703 668 saluo
725 600 833 667 eidem
858 600 1043 667 Alexandro
1068 600 1202 687 capitali
1226 601 1370 689 mesagio
1400 608 1438 666 et

323 706 415 773 salua
428 705 535 773 eidem
550 703 699 769 Eufemie
713 702 790 768 dcte
805 724 865 767 sua
879 712 938 768 etc
954 700 1042 768 unde
1056 703 1147 789 prius
1161 704 1225 769 fuit
1239 702 1376 771 dotata¹.

278 851 286 868 .
389 806 517 895 'Agnes
532 828 596 894 que
611 804 675 871 fuit
690 827 772 870 uxor
786 804 963 871 Alexandri
980 804 1021 871 de
1041 806 1237 872 Badialtona
1255 829 1314 893 per
1333 813 1439 871 attor-

207 909 270 1003 „2¹⁸
324 918 439 977 netum
454 931 551 975 suum
566 908 652 995 petit
671 928 785 973 uersus
805 906 1024 995 Reginaldum
1038 907 1080 973 de
1094 908 1288 974 Badialtona
1301 908 1438 974 terciam

325 1023 452 1102 partem
476 1012 562 1079 leodi
582 1012 608 1097 j.
633 1010 747 1075 militis
770 1034 845 1077 cum
871 1019 952 1097 pert
975 1012 1012 1077 in
1035 1012 1152 1078 Frome
1178 1013 1213 1078 in
1238 1036 1317 1079 com
1344 1014 1438 1079 Dora

326 1128 360 1185 et
379 1118 512 1185 terciam
534 1125 662 1204 partem
685 1115 771 1181 feodi
788 1116 813 1201 j.
827 1115 944 1181 militis
958 1138 1033 1181 cum
1047 1125 1129 1202 pert.
1144 1116 1179 1181 in
1194 1117 1388 1182 Badinltona
1401 1124 1440 1181 et

325 1224 459 1291 terciam
474 1230 602 1308 portem
617 1221 702 1287 leodi
712 1220 738 1307 j.
747 1219 863 1285 militis
877 1243 952 1286 cum
967 1228 1047 1306 pert.
1059 1221 1096 1286 in
1106 1222 1257 1287 Pausella
1271 1229 1311 1286 ut
1325 1221 1438 1287 dotem

323 1350 427 1405 suam,
446 1324 534 1391 unde
554 1323 719 1410 predictus
738 1322 926 1389 Alexander
943 1346 1016 1389 eam
1040 1324 1168 1391 dotauit
1190 1347 1250 1412 per
1270 1348 1440 1395 assensum

325 1438 360 1495 et
375 1429 581 1494 uoluntatem
604 1424 749 1490 eiusdem
772 1424 946 1511 Reginaldi
966 1427 1068 1513 patris
1082 1428 1135 1493 sui
1149 1436 1210 1494 etc
1256 1428 1301 1493 Et
1314 1429 1441 1515 profert

325 1539 449 1597 cartam
471 1530 616 1595 eiusdem
639 1529 814 1616 Ragn'naldi
835 1551 898 1615 que
919 1538 1062 1595 testatur
1077 1530 1165 1618 qnod
1179 1532 1336 1597 concessit
1350 1532 1440 1619 quod

326 1633 512 1703 Alexander
526 1654 598 1699 eam
612 1631 741 1698 dotaret
756 1632 798 1698 de
813 1633 915 1698 tercia
928 1642 1021 1720 parte
1036 1635 1141 1701 tocius
1154 1643 1241 1701 terre
1255 1658 1313 1702 sue
1330 1645 1393 1703 etc.

392 1738 436 1802 Et
450 1734 650 1823 Reginaldus
666 1736 759 1801 uenit
773 1745 809 1801 et
824 1736 905 1803 dicit
920 1738 1006 1823 quod
1024 1760 1089 1805 non
1108 1739 1208 1805 debet
1228 1738 1305 1805 inde
1327 1741 1441 1807 dotem

326 1840 446 1907 habere
468 1838 546 1925 quia
566 1836 724 1903 medietas
745 1838 832 1903 feodi
853 1838 894 1904 de
916 1839 1033 1905 Frome
1052 1849 1103 1907 est
1120 1842 1330 1929 maritagium
1350 1843 1440 1907 Mar·

326 1942 415 2031 geris
437 1942 546 2007 uxoris
567 1964 635 2021 sue,
650 1942 699 2007 ita
713 1943 800 2028 quod
814 1943 995 2009 nonhabet
1014 1944 1079 2009 nisi
1098 1945 1280 2011 custodiam
1302 1968 1377 2012 cum
1398 1968 1442 2012 ea

327 2055 362 2115 et
376 2047 441 2113 alia
461 2046 619 2113 medietas
640 2047 726 2113 feodi
749 2047 790 2113 de
814 2048 930 2113 Frome
953 2057 1004 2113 est
1026 2048 1083 2115 dos
1104 2050 1272 2117 nominata
1292 2051 1441 2117 eiusdem

327 2151 436 2217 uxoris
450 2174 508 2218 sue
523 2158 558 2216 et
573 2150 646 2216 ideo
661 2150 702 2215 de
717 2150 775 2215 illa
790 2159 877 2215 terra
890 2172 955 2216 non
969 2151 1069 2217 debet
1087 2151 1159 2238 ipsa
1177 2152 1287 2219 dotem
1309 2154 1442 2231 habere,

327 2262 378 2321 set
401 2254 442 2321 de
464 2254 537 2321 aliis
562 2253 658 2318 terris
681 2252 764 2317 bene
791 2253 938 2318 coneedit
964 2254 995 2317 ei
1018 2253 1151 2320 terciam
1172 2264 1300 2342 partem
1324 2256 1360 2321 in
1382 2255 1444 2321 do·

327 2357 446 2423 minico
461 2364 496 2422 et
510 2356 546 2421 in
559 2355 704 2423 seruicio.

394 2462 438 2527 Et
453 2460 531 2548 quia
544 2460 656 2548 Agnes
671 2482 736 2525 non
751 2459 872 2525 dedicit
886 2460 974 2549 quod
994 2484 1075 2526 uxor
1096 2461 1242 2527 eiusdem
1264 2464 1442 2551 Reginaldi

327 2589 393 2632 non
408 2573 493 2631 esset
508 2566 613 2652 primo
626 2565 740 2629 dotata
761 2574 796 2630 et
816 2574 965 2650 preterea
985 2567 1149 2654 cognoscit
1171 2569 1259 2655 quod
1279 2569 1443 2636 medietas

327 2670 370 2736 de
397 2670 513 2736 Frome
543 2677 594 2734 est
623 2667 832 2755 maritagium
857 2669 966 2734 uxoris
988 2692 1046 2735 sue
1070 2678 1105 2736 et
1127 2670 1215 2736 idem
1238 2672 1443 2759 Reginaldus

328 2773 428 2839 nichil
452 2774 555 2838 facere
578 2771 688 2858 potuit
710 2794 769 2858 per
790 2771 877 2858 quod
896 2794 978 2837 uxor
991 2795 1051 2838 sua
1065 2795 1128 2859 que
1143 2774 1233 2860 prius
1246 2775 1311 2841 fuit
1326 2776 1444 2843 dotata

327 2878 497 2946 amitteret
512 2876 622 2940 dotem
637 2897 739 2953 suam,
755 2873 1004 2941 consideratum
1019 2884 1070 2940 est
1087 2876 1173 2962 quod
1187 2877 1299 2964 Agnes
1318 2878 1443 2944 habeat

328 2981 480 3048 seisinam
494 3002 587 3046 suam
602 2979 643 3045 de
658 2980 813 3066 predictis
828 2979 954 3045 duobus
969 2981 1071 3046 feodis
1084 2981 1125 3047 de
1140 2981 1335 3048 Badialtona
1347 2991 1384 3048 et
1397 2983 1443 3048 de

329 3084 479 3150 Pausella
497 3082 563 3148 soil.
586 3081 627 3146 de
648 3081 749 3147 tercia
769 3089 862 3168 parte
884 3091 919 3147 et
939 3082 1016 3148 inde
1039 3092 1211 3150 se·teneat
1232 3094 1383 3171 pacatam
1406 3096 1446 3155 et

330 3186 531 3275 Reginaldus
546 3195 658 3252 teneat
673 3187 784 3272 quiete
796 3195 903 3252 totam
917 3187 1093 3252 tenarnde
1107 3187 1233 3255 Frome.

394 3294 507 3359 Jemes
528 3291 570 3357 de
595 3291 759 3356 Kerebroc
786 3299 821 3357 et
848 3291 961 3356 Simon
988 3300 1023 3355 et
1047 3291 1205 3358 Ricardus
1230 3293 1345 3359 fratres
1371 3295 1445 3362 eius

236 3415 249 3445 ⁰
330 3404 450 3484 petunt
472 3417 586 3460 uersus
608 3393 793 3459 Johannem
816 3393 921 3457 filium
941 3393 1077 3458 Hernici
1091 3403 1158 3460 tres
1171 3405 1281 3481 partes
1296 3397 1322 3483 j.
1338 3420 1444 3467 carue,

331 3508 415 3568 terro
436 3521 511 3564 cum
533 3495 666 3583 pertin
681 3496 854 3573 Kerebroc,
869 3495 1094 3562 Oraneswrthe
1108 3505 1143 3562 et
1157 3497 1193 3563 in
1211 3498 1381 3565 Leohtona
1401 3511 1445 3568 ut

330 3603 557 3670 racionabilem
577 3600 789 3687 partitionem
809 3623 920 3666 eorum
935 3623 998 3687 que
1013 3623 1069 3666 eos
1082 3601 1244 3689 contingit
1257 3603 1299 3667 de
1313 3603 1444 3672 heredi-

331 3715 401 3774 tate
415 3706 553 3794 predicti
568 3705 703 3770 Henrici
717 3704 820 3790 patris
842 3703 984 3790 ipsorum
1007 3704 1031 3770 J
1031 3726 1128 3781 ames,
1145 3705 1294 3783 Simonis,
1309 3706 1445 3775 Ricardi

331 3821 366 3877 et
380 3810 539 3877 Johannis
553 3809 646 3876 cuius
663 3808 799 3874 heredes
818 3808 881 3894 ipsi
902 3815 980 3872 sunt
1002 3816 1037 3872 et
1058 3807 1145 3875 unde
1167 3808 1255 3875 idem
1278 3811 1444 3880 Henricus

332 3914 395 3978 fuit
417 3913 547 3978 saisitus
568 3911 621 3976 die
642 3933 706 3996 quo
726 3911 809 3976 obiit
824 3919 858 3974 et
872 3910 964 3975 cuius
979 3910 1194 3976 hereditatem
1208 3912 1272 3998 ipsi
1285 3913 1374 3980 inter
1387 3938 1444 3982 ecs

331 4015 446 4104 partiri
460 4015 582 4081 debent
597 4037 636 4080 eo
651 4014 737 4101 quod
753 4022 841 4080 terra
853 4013 1015 4100 partibilis
1029 4023 1088 4080 est

398 4121 442 4185 Et
466 4118 634 4184 Johannes
655 4118 750 4183 uenit
773 4125 808 4183 et
829 4118 975 4182 defendit
994 4117 1081 4204 quod
1101 4127 1188 4184 terra
1201 4119 1258 4184 illa
1272 4141 1442 4207 nunquam

332 4224 455 4312 partita
476 4223 540 4288 fuit
561 4244 621 4287 nec
640 4222 805 4307 partibilis
824 4231 875 4287 est
889 4231 925 4288 et
939 4222 1015 4287 inde
1030 4224 1123 4308 ponit
1137 4247 1172 4290 se
1186 4247 1285 4311 super
1298 4225 1442 4295 iuratam

333 4337 368 4397 et
382 4329 405 4394 J
405 4349 494 4392 ames
508 4335 543 4392 et
557 4325 613 4390 alii
627 4324 783 4391 similiter.
829 4325 873 4390 Et
887 4325 960 4406 ideo
974 4327 1033 4392 fiat
1047 4327 1124 4426 inde
1143 4327 1251 4393 iurata
1269 4337 1304 4394 et
1326 4333 1442 4398 ueniet

399 4457 408 4492 ²
425 4455 489 4506 This
499 4469 558 4506 case
568 4454 591 4505 is
602 4455 668 4504 Fita.
681 4457 779 4515 Donet,
793 4456 848 4506 194.
918 4458 929 4488 ¹
946 4455 1010 4506 'l'his
1020 4471 1081 4507 casa
1091 4457 1114 4506 is
1125 4457 1193 4508 riez.
1205 4459 1303 4516 Dones,
1318 4461 1378 4512 195.
