3167 5075
336 359 658 422 irrepercussam
682 348 776 423 1225,
798 361 861 412 aa
885 348 998 412 9-10.
1153 347 1215 412 519

180 533 222 598 Et
242 532 319 619 quia
339 533 503 620 cognoscit
524 531 611 619 qnod
634 532 751 599 Comes
769 539 821 598 est
839 532 1025 619 principalis
1037 532 1168 600 debitor
1181 541 1216 598 et

122 636 193 700 sat-is
206 637 305 701 habet
319 636 407 701 unde
427 644 555 703 tantam
575 635 747 722 pecuniam
766 635 891 702 soluere
913 636 1022 722 possit,
1037 637 1215 703 considera-

120 752 185 806 tum
205 749 255 806 est
276 741 362 827 quod
384 739 543 806 Ricardus
562 740 671 826 capiat
690 763 724 806 sc
738 741 780 805 ad
797 741 959 808 Comitem
974 741 1002 806 si
1017 741 1165 820 uoluerit,
1181 751 1216 808 et

119 846 197 932 qnod
214 869 279 911 non
300 854 457 932 sequatur
477 845 538 910 hoc
557 845 715 932 placitum
729 845 765 910 in
780 845 870 910 curia
884 845 1109 912 cristianitatis
1124 855 1158 912 et
1172 847 1216 912 sit

118 949 149 1012 in
172 949 387 1014 miaericordia
410 948 490 1034 quia
517 957 648 1014 secutus
674 956 725 1014 est
752 957 867 1014 contra
895 949 1158 1034 prohibicionem,
1181 959 1216 1016 et

117 1053 207 1118 saciat
221 1076 276 1118 eos
289 1053 457 1118 absoluere
471 1074 510 1116 eo
524 1051 611 1138 quod
628 1052 710 1118 dicit
730 1054 818 1140 qnod
839 1055 1108 1120 excommunicati
1129 1063 1216 1122 sunt.

117 1158 157 1221 Et
170 1157 334 1224 sciendum
349 1157 436 1244 quod
451 1157 609 1222 Ricardus
620 1157 773 1245 cognouit
781 1158 868 1245 quod
880 1158 985 1245 primo
998 1159 1216 1246 implacitauit

117 1283 164 1326 eos
182 1261 216 1326 in
236 1261 326 1326 cuda
344 1261 439 1327 Dom.
458 1261 558 1347 Regis
579 1261 668 1347 apud
690 1261 871 1327 Eboracum
893 1285 999 1328 coram
1022 1265 1153 1330 Simone
1174 1263 1216 1330 de

112 1365 210 1430 Hales
223 1374 259 1430 et
274 1365 322 1430 ibi
335 1388 400 1430 non
415 1366 524 1452 potnit
538 1365 685 1431 denarios
699 1366 771 1432 illos
787 1387 903 1432 uersus
917 1366 1003 1454 ipsos
1017 1391 1214 1454 recuperare

174 1471 292 1536 Postea
311 1479 508 1557 cognoscunt
528 1470 642 1558 Burg'¹
661 1470 748 1557 quod
767 1471 885 1536 nolunt
904 1471 981 1537 inde
1003 1472 1158 1558 placitare
1181 1471 1215 1536 in

114 1575 197 1638 curia
210 1575 306 1639 Dona
321 1575 436 1661 Regis¹
450 1582 485 1640 et
499 1574 573 1639 ideo
587 1574 685 1639 datus
698 1584 749 1639 est
763 1574 811 1640 eis
825 1573 894 1640 dies
909 1586 969 1641 etc.
997 1625 1000 1634 l

55 1689 85 1752 νζ
171 1678 382 1766 ’Preeeptum
410 1679 475 1745 fnit
507 1678 693 1744 uioecomiti
722 1679 810 1766 quod
838 1679 998 1750 recordari
1030 1681 1152 1746 faceret
1180 1680 1216 1746 in
1255 1703 1351 1745 unsis.

114 1783 265 1849 comitatu
294 1806 353 1849 sno
378 1782 540 1869 loquelam
567 1805 632 1868 qne
657 1781 722 1847 fuit
746 1781 781 1846 in
805 1782 918 1847 codem
947 1782 1104 1848 comitatu
1129 1782 1217 1848 inter

113 1889 271 1975 Agnetem
291 1886 334 1952 de
359 1887 512 1952 Hnstona
533 1893 701 1971 petentem
722 1893 757 1951 et
775 1885 941 1950 Abbatem
966 1885 1007 1950 de
1029 1887 1214 1972 Eynesham

113 2000 274 2057 tenentem
307 1990 348 2057 de
383 2013 452 2056 una
486 1990 617 2078 uirgata
652 1997 738 2055 terre
774 2013 850 2055 cum
887 1998 968 2076 pert
998 1991 1033 2056 in
1063 1990 1216 2056 Hnstona

113 2095 192 2160 unda
227 2094 375 2160 duellum
411 2093 584 2158 uadiatum
616 2091 682 2158 fuit
716 2091 804 2157 inter
839 2115 894 2158 eos
930 2101 965 2158 et
1001 2093 1089 2158 unde
1125 2092 1213 2158 idem

112 2199 217 2266 Abbas
246 2206 385 2286 questus
414 2199 479 2264 fuit
510 2206 569 2264 etc
597 2198 683 2284 quod
711 2199 829 2264 falsum
858 2207 917 2266 etc.
977 2199 1021 2265 Et
1051 2199 1215 2266 Galfridus

110 2305 148 2370 de
168 2305 318 2372 Cartana
337 2312 399 2370 etc.
420 2303 479 2390 iiij.
501 2302 624 2368 milites
644 2325 719 2368 cnm
740 2303 871 2368 recordo
894 2303 1033 2369 ueniunt
1047 2312 1090 2368 et
1110 2325 1213 2369 recor·

111 2409 224 2474 dantur
243 2431 305 2496 pro
326 2406 484 2473 comitatu
508 2406 595 2493 qnod
616 2406 728 2493 Agnes
749 2407 851 2493 peciit
875 2406 910 2470 in
933 2406 1091 2472 comitatu
1113 2427 1213 2472 unam

111 2513 185 2602 nirg.
206 2523 294 2580 terre
315 2535 392 2580 cum
414 2519 494 2599 pert
516 2511 552 2577 in
575 2511 728 2578 Hnstona
749 2535 864 2578 uersus
887 2511 1027 2579 eundem
1048 2511 1214 2579 Abbatem

110 2624 145 2681 nt
170 2617 222 2683 ius
246 2639 353 2694 suum,
379 2615 429 2681 ita
455 2613 541 2702 quod
566 2622 641 2701 post
665 2614 774 2679 uisum
800 2623 885 2681 tene
914 2614 1057 2701 petitum
1082 2620 1215 2701 etpost

110 2721 212 2785 omnia
245 2719 373 2785 essonia
403 2720 492 2785 facta
524 2720 618 2783 uenit
653 2718 766 2805 Agnes
800 2728 836 2785 et
866 2718 967 2805 peciit
995 2738 1109 2783 uersus
1137 2739 1214 2783 eum

110 2833 223 2891 tanam
242 2824 336 2890 illam
355 2831 396 2888 nt
416 2823 469 2888 ins
490 2830 651 2900 suomet
672 2831 711 2887 ut
732 2822 824 2888 illam
845 2821 932 2887 unde
957 2820 1110 2887 Salomon
1132 2842 1214 2887 auus

110 2948 181 2991 suns
202 2926 269 2991 fnit
292 2924 423 2991 seisitua
441 2932 511 3002 etc,
527 2933 561 2989 et
576 2925 617 2989 de
631 2924 702 3010 ipso
720 2925 891 2990 Salomone
906 2924 1073 2990 descendit
1088 2924 1139 2989 ius
1154 2933 1213 2991 etc.

110 3028 259 3095 Matillidi
281 3028 350 3094 filie
369 3052 436 3105 sue,
450 3036 486 3093 et
507 3028 548 3093 de
569 3028 732 3094 Matillide
745 3029 809 3115 ipsi
823 3028 947 3116 Agneti
962 3036 1000 3093 nt
1015 3028 1082 3092 filie
1096 3035 1165 3105 etc,
1180 3037 1215 3093 et

110 3132 164 3197 hoc
185 3132 310 3220 optulit
333 3133 467 3220 probaro
489 3154 685 3219 percorpus
707 3131 843 3197 Roberti
864 3131 907 3197 da
926 3130 1141 3217 Wylburham
1161 3130 1214 3195 cui

109 3237 209 3302 Adam
230 3245 330 3324 pater
351 3258 430 3301 suus
449 3235 596 3322 precepit
615 3245 654 3301 ut
668 3236 729 3301 hoc
743 3235 935 3301 testificaret
950 3244 1011 3301 etc.
1026 3234 1111 3301 sicut
1125 3234 1215 3301 curia

110 3352 163 3406 cte.
179 3342 266 3407 sicut
280 3340 323 3405 de
337 3340 412 3406 uisu
423 3362 482 3405 suo
496 3349 532 3405 et
545 3349 698 3427 precepto
713 3340 816 3427 patris
830 3338 888 3405 sui

169 3446 212 3511 Et
238 3444 355 3510 Abbas
382 3465 442 3530 per
469 3443 643 3529 quemdam
672 3442 857 3509 Johannem
887 3448 1089 3507 attomatum
1117 3452 1213 3507 suum

111 3548 196 3613 uenit
210 3556 247 3613 et
261 3546 412 3613 defendit
430 3546 482 3611 ius
501 3568 598 3611 sunm
618 3553 653 3609 et
672 3545 825 3612 saisinam
849 3544 1028 3609 Salomonis
1050 3552 1085 3609 et
1106 3550 1213 3609 toturn

110 3660 165 3717 etc
178 3674 238 3739 per
251 3672 369 3737 eorpus
382 3650 472 3715 Petn'
488 3649 529 3715 de
545 3648 725 3735 Hoylande‚
734 3656 770 3715 et
779 3650 827 3715 sic
842 3648 959 3714 Petrus
973 3647 1065 3713 dedit
1079 3646 1213 3711 nadinm

110 3753 301 3822 defendendi
329 3763 365 3819 et
393 3754 523 3819 inuenit
549 3752 683 3839 plegios,
709 3762 745 3819 et
773 3753 936 3818 Robertns
962 3751 1053 3817 dedit
1079 3750 1212 3815 uadium

110 3856 342 3923 disracionandi
366 3864 402 3921 et
426 3855 556 3921 inuenit
578 3854 711 3941 plegios,
736 3863 772 3921 et
796 3854 894 3921 datus
917 3854 982 3919 fuit
1005 3852 1052 3917 eis
1077 3852 1147 3917 dies
1171 3851 1213 3917 ad

109 3963 289 4045 proximum
317 3960 519 4027 comitatum.
562 3960 617 4025 Ad
642 3982 739 4046 quem
768 3960 856 4025 diem
882 3959 976 4025 uenit
1001 3958 1113 4043 Agnes
1138 3978 1213 4021 cum

111 4066 273 4152 campione
298 4088 359 4131 suo
383 4066 527 4130 Roberto
551 4073 685 4144 armato,
712 4073 747 4130 et
772 4065 890 4130 Petrus
920 4061 1045 4148 campio
1073 4059 1214 4125 Abbatis

141 4236 148 4267 ¹
164 4238 310 4300 Baracum,
319 4236 350 4287 B.
368 4234 432 4285 ‘'l'he
440 4234 543 4285 various
551 4234 634 4299 plain·
718 4234 729 4267 ⁸
744 4234 880 4294 n.m.1l;
898 4233 927 4285 Β.
942 4234 1030 4284 m.12.
1059 4234 1181 4291 Baeton,
1193 4232 1211 4281 l.

111 4300 512 4365 tiflsseemburgesseaolYork.
687 4302 743 4359 au,
755 4300 820 4351 cites
831 4298 885 4349 this
896 4313 960 4349 case.

141 4366 151 4397 ¹
167 4370 194 4417 in
204 4370 281 4417 cacia
291 4367 480 4424 misitanitctis.
492 4363 523 4416 B.
