3167 5075
344 403 578 466 mominis,
599 403 672 455 nu..
688 390 783 467 1222,
804 403 868 453 nn
892 388 986 457 6-7.
1154 392 1218 454 441

186 575 228 638 Et
241 575 404 639 Bonauita
422 574 552 640 Judeue
571 574 664 639 uenit
683 581 718 639 et
736 573 817 639 dicit
840 573 927 661 quod
949 574 1036 640 idem
1057 574 1220 641 Robertus

127 675 233 742 debuit
261 678 293 742 ei
321 702 350 743 x.
374 679 445 743 libr.
469 687 504 743 et
533 677 620 763 quod
641 679 845 744 recordatum
869 687 918 743 est
940 702 999 765 per
1028 679 1221 745 iusticiarioo

126 781 284 847 iudeorum
300 783 386 869 quod
400 783 489 848 idem
504 783 669 847 Bonauita
688 782 806 847 habuit
825 783 977 847 seisinam
996 781 1037 846 de
1057 791 1144 847 terra
1164 782 1222 847 illa

126 894 160 976 ut
173 887 211 951 de
225 887 323 952 uadio
338 911 397 952 suo
411 910 470 974 pro
485 888 631 974 predicto
645 887 758 952 debito
771 910 831 973 per
846 886 974 951 eosdem
990 886 1191 951 iusticiariou

184 991 227 1054 Et
259 999 368 1056 custos
397 991 558 1056 Willelmi
586 991 668 1057 dicit
697 992 784 1077 quod
820 990 908 1055 idem
941 990 1127 1055 Willelmus
1157 1012 1222 1055 non

126 1102 248 1159 tenetur
276 1095 470 1181 respondere
500 1096 541 1161 de
570 1095 683 1160 debito
715 1096 772 1160 illo
806 1118 865 1181 pro
898 1094 1045 1181 predicto
1079 1094 1222 1161 Roberto

125 1218 181 1261 auo
194 1220 258 1274 suo,
273 1199 352 1283 quia
366 1206 454 1263 terra
461 1199 520 1263 illa
533 1199 599 1264 fuit
613 1199 778 1264 hereditas
793 1198 938 1262 Mamilia
954 1197 1061 1263 uxoris
1077 1197 1222 1275 Roberti,

125 1300 168 1365 ito
180 1303 263 1387 quod
278 1302 443 1367 Robertus
461 1324 527 1367 non
546 1303 664 1368 habuit
685 1312 806 1369 ternam
828 1302 920 1367 illam
938 1302 1002 1367 nisi
1022 1303 1056 1366 in
1075 1302 1223 1367 custodia

125 1422 190 1463 cum
212 1400 326 1465 eadem
348 1401 504 1479 Mamilia,
526 1410 561 1466 et
582 1401 657 1466 ideo
678 1402 765 1487 petit
787 1400 946 1465 iudicium
975 1402 1002 1466 ei
1031 1400 1151 1467 debeat
1180 1402 1221 1467 dc

124 1502 177 1566 tali
191 1502 300 1569 debito
314 1503 516 1589 respondere.

181 1609 223 1672 Et
237 1610 260 1673 J
262 1608 367 1673 udeue
381 1608 462 1674 dicit
476 1608 564 1694 quod
578 1606 710 1673 habuit¹
725 1609 823 1674 aliam
839 1617 959 1673 terram
978 1609 1019 1674 de
1038 1608 1220 1677 hereditate

122 1734 176 1776 oua
188 1713 325 1799 pmpria

180 1818 222 1881 Et
244 1818 334 1883 idem
355 1818 540 1883 Willelmue
559 1817 640 1883 dicit
657 1818 744 1883 idem
763 1818 805 1883 de
825 1818 935 1883 debito
954 1819 1040 1904 quod
1058 1818 1221 1884 Robertua

121 1919 227 1985 debuit
240 1920 337 1986 Doni.
354 1921 446 2007 Regi
573 1922 575 1925 ’

178 2025 221 2088 Et
258 2026 338 2111 quia
373 2026 542 2090 contencio
579 2033 631 2090 eet
663 2026 751 2090 inter
789 2025 951 2111 predictos
980 2023 1156 2089 Ricardum
1185 2033 1220 2091 et

123 2128 316 2193 Willelmum
346 2128 419 2214 quia
448 2151 560 2193 eorum
589 2130 634 2194 sit
663 2130 757 2194 heres
782 2137 817 2194 et
842 2136 992 2215 preterea
1020 2128 1164 2193 nescitur
1192 2128 1220 2192 si

121 2230 278 2295 dohannes
292 2238 444 2295 mortuus
458 2230 502 2294 sit
516 2253 576 2295 nec
591 2254 642 2308 ne,
658 2241 693 2296 et
713 2239 862 2317 preterea
880 2230 989 2295 nullus
1004 2230 1126 2295 dedicit
1141 2230 1220 2316 quin

121 2334 241 2401 feodum
263 2335 309 2399 sit
332 2334 471 2419 predicti
492 2334 642 2413 abbatis,
664 2336 903 2400 consideratum
927 2342 977 2399 est
999 2334 1087 2421 quod
1108 2334 1220 2400 Abbee

119 2438 262 2503 aeisinam
282 2460 378 2503 suam
398 2438 518 2503 habeat
541 2447 581 2503 ut
602 2439 643 2504 de
664 2440 758 2504 leodo
776 2462 844 2517 suo,
859 2462 1026 2525 quousque
1047 2447 1173 2505 constet
1188 2440 1220 2505 ei

119 2544 186 2627 quis
218 2566 332 2608 eorum
362 2543 407 2608 eit
435 2543 530 2608 heres
559 2544 718 2631 cognitus,
747 2553 782 2609 et
814 2545 907 2609 Dom.
944 2543 1015 2609 Rex
1050 2552 1219 2630 recuperet

119 2645 258 2711 debiturn
288 2669 386 2712 suum
416 2646 457 2711 de
486 2654 574 2712 terra
602 2656 637 2712 et
666 2648 850 2713 hereditate
879 2670 943 2734 que
980 2649 1044 2713 luit
1080 2649 1220 2736 predicti

119 2749 254 2829 Roberti,
276 2761 313 2816 et
332 2751 357 2816 J
358 2751 463 2817 udeue
484 2753 636 2818 similiter
657 2775 732 2818 cum
750 2753 846 2818 Dom.
864 2753 949 2840 Regi
969 2753 1128 2840 placuerit
1145 2762 1220 2841 post

118 2855 257 2921 debitum
274 2878 374 2920 auum
390 2856 541 2921 solutum.
562 2856 567 2942 l

117 3165 306 3232 PLAOITA
345 3164 471 3230 APUD
512 3163 979 3231 WESTMONASTERIUM
1017 3165 1080 3231 DE
1117 3164 1220 3230 TER-

195 3269 319 3334 MINO
350 3267 383 3333 S.
412 3266 665 3333 MICHAELIS
693 3267 827 3332 ANNO
857 3267 993 3334 REGIS
1022 3266 1219 3333 HENRICI

194 3371 344 3438 SEXTO
374 3370 645 3436 INCIPIENTE
673 3370 879 3437 SEPTIMO.

66 3578 86 3638 '.
173 3575 286 3641 Amisa
304 3573 398 3638 uenit
418 3573 624 3660 recognitura
645 3582 757 3638 utrum
778 3595 846 3638 una
867 3581 1016 3638 comeatu
1037 3581 1123 3638 terre
1145 3595 1219 3638 cum
1322 3608 1343 3639 ι

116 3689 188 3760 pert.
203 3680 238 3744 in
260 3678 488 3744 Toulleohuth’
510 3678 555 3744 sit
576 3678 679 3743 libera
698 3679 876 3744 elemosina
897 3678 1063 3764 pertinens
1084 3677 1126 3742 ad
1147 3700 1219 3764 pre-

116 3781 247 3849 bendam
271 3782 407 3848 Ricardi
432 3782 474 3847 de
496 3781 693 3869 Elingeham
716 3804 815 3867 quam
839 3781 939 3846 habet
964 3781 1000 3846 in
1026 3782 1160 3847 ecclesia
1186 3782 1218 3850 S.

116 3886 241 3953 Martini
254 3889 299 3954 de
314 3886 490 3964 Londonia,
501 3910 544 3952 an
559 3887 678 3952 laicum
693 3887 824 3951 feodum
839 3885 976 3951 Roberti
990 3885 1031 3950 de
1047 3885 1196 3952 Comille.

173 3993 216 4058 Et
230 3994 399 4058 Robcrtue
413 3993 507 4057 uenit
522 4000 557 4058 et
575 4000 673 4057 uocat
692 3991 768 4056 inde
788 3991 831 4054 ad
850 3997 1029 4055 warantum
1051 3991 1219 4055 Decanum

115 4093 145 4158 S.
159 4095 293 4162 Martini
312 4104 348 4163 et
364 4096 554 4182 Capitulum
569 4095 715 4160 eiusdem
729 4094 791 4159 loci
806 4117 863 4180 per
877 4103 999 4159 cartam
1014 4117 1104 4160 suam
1121 4117 1219 4181 quam

116 4201 228 4281 profert
242 4211 278 4267 et
293 4223 358 4288 que
373 4209 523 4278 testatur,
538 4199 623 4286 quod
638 4199 726 4264 idem
744 4197 920 4263 Gauliidus
939 4199 1090 4263 Decanus
1110 4207 1168 4263 etc.
1185 4208 1220 4263 et

117 4302 251 4369 ciusdem
279 4303 413 4370 ecclesie
437 4305 627 4390 Capitulum
650 4311 875 4368 concesserunt
898 4310 932 4368 et
955 4303 1014 4368 hac
1037 4311 1125 4369 certa
1146 4325 1219 4368 con-

595 4431 605 4464 ¹
622 4430 725 4482 Robert.
