3167 5075
343 382 671 444 101111111111.
698 371 857 447 1238-9,
879 385 942 435 111
966 374 1015 435 23.
1172 372 1236 437 263

131 556 211 621 uixit
226 566 260 621 et
274 564 404 621 mortua
418 579 457 621 ea
471 556 626 621 remansit
641 556 716 622 inde
731 557 766 621 in
781 558 900 623 seisina
917 558 1001 622 sicut
1023 556 1113 643 prius
1134 556 1236 622 donec

129 660 211 725 idem
226 661 393 726 Johanues
415 662 515 725 frater
536 682 614 725 suus
636 669 812 726 antenatus
833 662 941 747 ipsum
960 661 1036 726 inde
1052 661 1236 727 disseisiuit.

129 766 170 830 Et
178 766 250 831 ideo
264 767 504 832 consideratum
519 775 570 831 est
585 766 671 851 quod
681 766 847 852 predictus
858 766 1020 831 Henricus
1031 766 1236 852 recuperauit

128 868 274 933 seisinam
291 891 382 934 suam
397 878 467 933 tam
481 869 522 934 de
538 868 684 955 predicta
698 876 785 933 terra
800 891 898 954 quam
913 868 954 932 de
970 891 1036 933 una
1049 892 1123 933 acra
1137 892 1236 955 quam

128 972 229 1037 Adam
246 974 276 1037 le
293 974 375 1038 Bule
390 973 431 1038 de
447 974 562 1039 eadem
578 980 665 1038 terra
678 972 796 1036 habuit
808 980 980 1058 postquam
992 972 1060 1058 ipse
1070 972 1093 1037 J
1094 972 1236 1041 ohannes

128 1078 309 1161 predictum
325 1076 504 1141 Hemioum
519 1074 595 1141 indo
611 1074 830 1141 disseisiuerst
843 1082 878 1139 et
888 1074 911 1139 J
912 1074 1055 1140 ohannes
1065 1074 1101 1139 11
1111 1075 1236 1139 miseri-

128 1178 239 1243 cordia.

48 1296 95 1358 248,
187 1281 302 1346 Amisa
331 1281 423 1346 uenit
452 1280 657 1367 recognitum
686 1279 715 1345 si
743 1278 906 1345 Robertus
936 1278 977 1344 de
1004 1280 1175 1345 Tateshale
1201 1286 1237 1345 et
1280 1282 1368 1324 ⁸⁰³⁰&

126 1384 229 1469 plures
252 1384 313 1448 alii
334 1384 456 1448 iniuste
479 1392 538 1449 etc.
556 1383 802 1449 disseisiueruut
821 1383 964 1448 Priorem
978 1382 1019 1449 de
1034 1382 1236 1448 Brickeseta¹

126 1485 162 1550 de
177 1486 280 1551 libero
295 1494 483 1551 tenemento
498 1508 556 1550 suo
571 1485 606 1550 in
621 1484 821 1551 Bateffordia
834 1493 908 1570 post
922 1484 1061 1571 primam
1083 1486 1236 1551 transfre-

129 1590 287 1655 tacionem
302 1598 363 1655 etc.

187 1695 230 1758 Et
253 1694 417 1759 Robertus
438 1692 532 1758 uenit
554 1701 588 1757 et
609 1692 690 1758 dicit
676 1694 800 1779 tquod
825 1692 925 1757 assisa
948 1715 1015 1757 non
1040 1692 1137 1758 debet
1159 1692 1235 1757 inde
1250 1700 1283 1740 N⁰
1284 1700 1340 1740 ΜΘ

1249 1749 1342 1787 noterio
1350 1746 1376 1786 ds

126 1796 198 1873 fieri,
214 1796 295 1883 quia
308 1820 422 1861 reuera
441 1798 529 1861 idem
544 1797 728 1862 Willelmus
750 1806 843 1863 tenet
863 1798 905 1861 de
927 1820 964 1861 eo
987 1796 1117 1861 feodum
1138 1796 1285 1880 11111111,,11
1249 1795 1280 1833 T*
1280 1795 1369 1880 ‘32¹¹‘ss
1378 1797 1400 1833 ⁶¹

125 1902 267 1965 militis'
257 1924 293 1965 m
316 1900 428 1965 eadem
451 1902 532 1966 uilla
553 1910 587 1966 et
608 1902 678 1988 ipse
701 1903 832 1967 feodum
853 1902 935 1965 illud
961 1910 1053 1966 tenet
1074 1900 1115 1965 de
1141 1901 1234 1965 Dom.
1249 1841 1364 1983 ffil‘

126 2003 251 2090 Rege
241 2026 280 2067 m
306 2003 412 2088 capite
435 2012 470 2069 et
492 2004 621 2090 quondo
647 2004 734 2069 idem
761 2004 945 2069 Willelmus
971 2003 1076 2067 uoluit
1106 2002 1235 2067 feodum
1272 1981 1383 2067 uli-liii

125 2128 214 2171 suum
238 2106 318 2171 dare
341 2106 447 2171 eidem
470 2106 573 2171 Priori
597 2116 631 2171 et
652 2107 740 2172 idem
763 2078 1344 2223 Ρ11111111111111111111111111ἓιιωοωωιξῖῗιι

126 2211 288 2276 Willelmo
309 2210 546 2276 districciouem
569 2210 720 2277 faceret
711 2235 747 2275 11
773 2210 919 2297 predicto
942 2219 1136 2288 tenemento,
1158 2125 1390 2309 11111ζζζᾶᾶζέζ1,

125 2314 189 2400 ipse
204 2316 371 2383 Robertus
386 2315 474 2380 fuit
464 2338 499 2379 1n
514 2316 663 2402 pertibus
676 2316 818 2393 remotis,
834 2314 927 2379 uenit
942 2315 1086 2379 seruiens
1100 2338 1178 2379 suus
1199 2323 1303 2395 elman
1247 2309 1381 2365 'mmm

125 2421 230 2505 posuit
246 2419 333 2484 sein
348 2428 573 2485 tenementum
589 2422 671 2486 illud
687 2429 721 2485 et
736 2420 843 2485 adhuc
865 2444 900 2485 se
922 2429 1015 2485 tenet
1036 2421 1092 2497 ibi,
1107 2429 1142 2485 et
1163 2413 1274 2487 ideo'u
1248 2400 1330 2442 ”ml

125 2528 197 2612 quia
225 2528 256 2592 si
285 2528 356 2613 ipse
386 2526 477 2591 Prior
505 2525 641 2592 haberet
671 2534 897 2591 tenementum
926 2525 1009 2590 illud
1036 2525 1073 2590 11
1101 2526 1236 2592 liberam

125 2630 332 2696 elemosinam
358 2631 408 2696 ita
436 2631 523 2717 quod
547 2632 710 2696 Robertus
739 2631 908 2695 amitteret
937 2630 1112 2694 seruicium
1140 2653 1236 2696 suurn

126 2733 198 2818 quia
211 2736 402 2800 continetur
415 2735 450 2799 in
465 2744 556 2800 carta
569 2737 671 2822 ipsius
686 2735 805 2799 Prioris
816 2734 902 2821 quod
914 2757 979 2798 non
991 2734 1088 2799 debet
1103 2734 1237 2820 reddere

126 2839 196 2904 inde
218 2862 425 2926 perannum
448 2841 511 2905 nisi
533 2862 589 2906 sex
612 2841 760 2905 decanos
782 2861 840 2925 pro
862 2840 951 2904 omni
972 2840 1108 2905 seruicio
1131 2838 1237 2905 eidem

126 2943 289 3009 Willelmo
319 2957 353 3010 et
383 2945 529 3011 faciendo
558 2945 753 3031 capitalibus
782 2944 921 3009 dominis
950 2945 1080 3010 feodum
1110 2945 1238 3010 dimidii

127 3049 297 3126 1111111111
320 3048 446 3114 desiout
468 3049 555 3114 idem
575 3049 760 3113 Willelmus
782 3049 881 3113 debet
903 3049 934 3113 ei
955 3049 1129 3114 seruicium
1151 3049 1237 3113 feodi

127 3152 219 3217 unius
234 3153 352 3217 militis
367 3160 402 3216 et
416 3153 542 3217 desicut
557 3153 617 3218 hoc
637 3161 687 3217 est
708 3151 880 3216 manifeste
903 3160 1015 3216 contra
1036 3151 1237 3216 libertatem⁸

127 3277 220 3339 quam
244 3255 339 3320 Dom.
363 3256 434 3320 Rex
456 3255 612 3320 concessit
634 3253 843 3341 magnatibus
865 3253 944 3317 luit‘
965 3254 1085 3340 Anglie
1106 3255 1237 3340 nequis

127 3359 280 3426 concedat
302 3368 410 3424 totum
434 3367 659 3424 tenementum
682 3381 777 3423 suum
799 3357 834 3420 in
856 3356 1064 3422 elemosinam
1079 3380 1136 3442 per
1150 3358 1237 3442 quod

127 3464 242 3549 aliquis
264 3465 398 3528 amittat
420 3463 594 3528 seruicium
617 3484 721 3526 suum.
766 3461 884 3524 Postea
905 3460 999 3524 uenit
1021 3461 1112 3525 Prior
1133 3469 1168 3525 et
1188 3484 1237 3526 re-

129 3567 225 3632 traxit
240 3589 275 3631 se
291 3577 325 3631 et
339 3566 482 3631 remittit
497 3574 531 3630 et
547 3565 697 3651 quietum
716 3563 836 3628 clamat
857 3584 915 3648 pro
937 3585 972 3626 se
994 3570 1029 3627 et
1040 3563 1238 3628 successori-

128 3670 185 3735 bus
206 3670 275 3736 suis
290 3671 353 3756 ipsi
369 3670 511 3734 Roberto
526 3678 561 3734 et
575 3667 748 3733 heredibus
764 3666 830 3730 suis
845 3673 953 3729 totum
968 3665 1020 3729 ius
1035 3673 1069 3730 et
1084 3666 1238 3731 clamium

129 3773 212 3857 quod
234 3770 375 3837 habuit'
366 3795 401 3836 m
416 3772 472 3836 illo
487 3779 675 3836 tenemento
690 3793 747 3856 pro
763 3779 895 3835 centum
918 3770 1027 3834 solidis
1049 3791 1129 3855 quos
1151 3769 1238 3833 idem

160 3901 299 3950 Ι1111111.
313 3901 365 3949 rol.
378 3899 431 3962 6p
434 3902 508 3952 .173.
707 3897 856 3960 repeated
849 3912 877 3946 11
899 3896 959 3946 that
980 3897 1009 3947 of
1030 3895 1239 3946 1111111111

159 3965 259 4016 'Corn
280 3983 333 4016 nou
356 3973 441 4028 potest
462 3967 520 4042 quis
542 3966 656 4014 alienare
706 3963 772 4012 liber
793 3963 873 4012 homo
896 3962 928 4011 de
949 3964 1033 4012 cetero
1056 3962 1100 4012 det
1122 3961 1238 4024 amplius

131 4039 205 4080 totum
227 4039 391 4080 tenementum
412 4031 655 4079 111111ιὶ11111οεί-
707 4025 785 4077 alicui
801 4027 843 4076 uel
860 4027 958 4076 pendat
973 4027 1005 4076 de
1020 4030 1237 4088 tenasuaquam

130 4111 194 4146 um.
226 4097 349 4152 Brauon,
372 4097 391 4144 1.
409 4097 458 4146 169
480 4095 504 4152 b,
522 4094 585 4144 cites
602 4093 657 4142 this
707 4097 738 4141 ut
760 4092 790 4141 de
813 4091 917 4142 residuo
939 4096 1006 4141 terra
1022 4107 1068 4141 suo
1084 4091 1166 4166 possit
1182 4092 1235 4140 sul-

130 4175 186 4211 ease
213 4177 243 4212 as
269 4161 367 4223 having
394 4160 458 4210 been
486 4131 592 4209 docided
623 4158 657 4221 by
707 4157 823 4206 fluenter
835 4157 1007 4206 fierrdommo
1019 4156 1237 4206 feod1seruicium

130 4226 244 4276 william
255 4225 327 4275 Italei
329 4224 558 4287 ghathteshull.
592 4223 641 4272 Ι1Ι
634 4237 657 4272 11
708 4222 942 4284 eidebitumquod
957 4221 1070 4286 pertinet
1085 4221 1119 4272 od
1133 4221 1237 4272 feodum

131 4291 196 4342 Fita.
210 4294 301 4351 Andre,
315 4293 372 4342 466.
709 4287 781 4337 illud

162 4357 254 4406 ³'Plus
264 4357 352 4406 clause
360 4355 487 4418 appeared
498 4355 539 4404 for
547 4353 592 4403 the
601 4354 658 4402 first
740 4351 826 4412 *Βία
843 4367 909 4403 corr.
921 4355 973 4402 ouis
987 4353 1026 4417 (1).

132 4420 193 4472 time
204 4421 233 4471 in
244 4421 289 4471 the
301 4421 404 4472 charter
415 4421 441 4470 ol
454 4422 527 4479 1217,
540 4420 592 4470 and
603 4433 657 4469 uas
