3167 5075
322 398 363 466 18
632 418 770 479 marna,
792 416 857 466 ao.
883 402 977 476 1224,
998 412 1061 466 aa
1085 406 1113 467 8.

319 589 413 677 equis
436 596 470 661 et
493 582 600 655 armis'
615 588 791 676 denegauit
821 588 868 653 eis
896 588 1078 674 ingressum
1107 586 1253 653 eiusdem
1282 586 1371 664 nilla,
1395 593 1432 652 et

321 702 449 781 ponunt
463 714 497 759 se
512 715 611 779 super
623 693 775 758 iuratam.

387 799 431 864 Et
456 798 556 863 Alina
580 797 660 864 dicit
686 797 773 885 quod
798 794 994 883 desponsata
1017 796 1081 862 luit
1110 818 1169 883 per
1197 816 1366 861 assensum
1393 802 1433 859 et

321 902 526 967 uoluntatem
551 909 724 988 parentum
748 923 880 967 suorum
904 909 939 965 et
964 923 1023 987 per
1045 899 1198 965 heredem
1222 900 1360 965 Henriei
1388 898 1432 964 de

320 992 442 1072 Alneto
471 1004 618 1092 capitalis
647 1004 771 1069 domini
800 1004 843 1069 ad
872 1025 970 1090 quem
999 1002 1210 1090 maritagium
1242 1003 1433 1089 pertinebat

321 1108 464 1175 eiusdem
479 1110 503 1173 J
503 1108 647 1186 ohannis,
661 1116 696 1173 et
711 1128 769 1193 per
783 1106 989 1172 uoluntatem
1004 1104 1162 1170 Willclmi
1182 1105 1224 1170 de
1238 1106 1361 1171 Kritur
1374 1105 1434 1170 aui

320 1212 459 1299 predicti
480 1212 641 1278 «Iohannis
665 1212 721 1299 qni
744 1222 876 1298 presens
901 1211 964 1276 fuit
991 1210 1050 1274 ubi
1078 1210 1274 1295 desponsata
1301 1210 1367 1275 fuit
1395 1218 1433 1275 et

319 1316 472 1382 similiter
493 1339 552 1403 per
574 1338 739 1381 assensum
764 1314 939 1401 Reginaldi
964 1313 1005 1379 de
1030 1314 1154 1379 Pridias
1182 1314 1241 1401 qui
1269 1314 1367 1380 duxit
1396 1315 1434 1378 in

321 1441 453 1485 uxorem
470 1418 665 1485 Beatrieiam
680 1424 820 1481 matrem
835 1415 981 1481 eiusdem
995 1416 1018 1481 J
1019 1416 1155 1483 ohannis
1176 1428 1212 1483 et
1232 1440 1292 1504 per
1313 1418 1433 1483 uolun-

322 1531 426 1614 tatem
456 1522 602 1588 eiusdem
631 1521 793 1586 Beatricie
823 1519 943 1606 quibus
971 1520 1136 1586 Willelmo
1165 1520 1206 1587 de
1235 1522 1360 1588 Kn'trr
1395 1531 1434 1587 et

321 1620 483 1694 Beatricie
498 1625 663 1713 predictus
678 1625 841 1691 Henricus
856 1623 896 1690 de
910 1624 1032 1688 Alneto
1046 1626 1202 1691 concessit
1218 1626 1432 1713 marilegium

321 1730 459 1817 predicti
482 1728 644 1794 lobannis
668 1736 702 1792 et
727 1724 918 1803 custodiam,
940 1736 976 1790 et
999 1726 1184 1793 Willelmus
1206 1738 1242 1794 et
1265 1728 1434 1794 Beatrieia

321 1822 507 1899 habuerunt
542 1832 695 1898 saisinam
730 1829 771 1895 de
810 1828 957 1894 custodia
985 1828 1131 1895 eiusdem
1161 1831 1323 1897 Johannis
1354 1856 1432 1898 cum

321 1938 491 2025 maritagio
513 1960 554 2003 ex
576 1936 661 2002 dono
682 1933 821 2021 predicti
841 1933 977 1998 Henrici
992 1941 1026 1997 et
1041 1942 1209 2019 presentes
1222 1938 1358 2002 fuerunt
1373 1938 1434 2003 ubi

318 2040 344 2108 J
345 2042 489 2106 ohannes
503 2042 607 2126 ipsam
623 2038 704 2104 Alic'
719 2036 939 2123 desponsauit,
954 2044 990 2101 et
1004 2036 1081 2101 inde
1095 2038 1247 2123 producit
1260 2049 1393 2105 sectam

385 2146 429 2211 Et
455 2144 631 2211 (laufridus
657 2152 691 2208 et
718 2142 873 2207 Ysobella
901 2141 1040 2241 ueniunt
1069 2150 1104 2207 et
1132 2142 1315 2209 defendunt
1344 2146 1433 2231 quod

318 2246 504 2313 willelmus
526 2254 560 2311 et
586 2246 748 2311 Beatricia
770 2267 836 2309 non
857 2244 1076 2309 interfuerunt
1097 2245 1350 2331 desponsacioni‚
1371 2270 1434 2315 nec

319 2374 378 2438 per
400 2351 605 2417 uoluntatem
630 2372 740 2415 eorum
765 2348 959 2434 desponsata
984 2348 1215 2425 rainerium
1244 2361 1373 2438 ponunt
1396 2375 1434 2418 se

319 2477 417 2542 super
431 2456 571 2543 patriam
586 2464 647 2520 etc.
692 2455 811 2519 Postea
824 2453 967 2517 eoncord’
983 2452 1055 2517 etc.¹

386 2559 544 2646 Magister
558 2559 739 2644 Hospitalis
755 2559 787 2623 S.
801 2557 1021 2622 Bartholomei
1036 2557 1201 2624 Londonie
1216 2562 1303 2647 petit
1317 2583 1434 2628 uersus

319 2663 505 2730 Johannem
527 2663 568 2728 de
591 2661 829 2749 Trumpintona
850 2669 884 2726 et
905 2661 1069 2749 Agnetem
1092 2686 1226 2730 uxorem
1247 2665 1319 2732 eins
1343 2667 1436 2753 quod

321 2767 533 2831 warentizent
559 2765 590 2831 ei
615 2773 732 2851 quater
757 2787 808 2830 xx.
835 2772 870 2829 et
899 2772 965 2828 tres
990 2787 1050 2829 acr.
1078 2773 1163 2832 terro
1186 2791 1262 2833 eum
1287 2780 1370 2856 pert
1397 2771 1435 2836 in

319 2869 522 2955 Thyhrham,
536 2891 617 2955 quas
639 2877 731 2934 tenet
753 2877 788 2933 et
810 2867 851 2933 de
873 2868 920 2932 eis
941 2878 1052 2934 tenere
1073 2870 1193 2936 clamat
1215 2882 1275 2938 etc
1290 2881 1327 2938 et
1343 2875 1434 2940 unde

320 2982 443 3039 cartam
458 2971 615 3038 Willelmi
629 2971 689 3036 filii
704 2971 862 3037 Willelmi
881 2971 1110 3060 consanguinei
1130 2975 1275 3060 predicte
1289 2977 1436 3063 Agnetis

319 3077 412 3143 cuius
426 3077 520 3143 heres
535 3077 605 3162 ipsa
626 3083 677 3141 est
698 3085 768 3154 ete,
782 3076 869 3142 unde
890 3075 978 3141 idem
998 3076 1157 3163 Magister
1175 3079 1325 3165 queritur
1344 3083 1435 3167 quod

318 3189 432 3247 contra
445 3189 569 3247 cartam
582 3180 672 3246 illam
687 3180 750 3266 ipsi
770 3181 937 3246 Johannes
956 3187 991 3244 et
1012 3181 1125 3267 Agnes
1146 3179 1332 3269 impediunt
1354 3209 1434 3251 enm

318 3285 361 3350 de
390 3293 477 3350 terra
505 3305 564 3349 sua
593 3282 769 3349 excolenda
797 3291 833 3348 et
857 3292 1006 3369 preterea
1031 3285 1157 3350 faciunt
1181 3309 1272 3352 arare
1297 3296 1433 3374 pratum

316 3411 414 3455 suum
437 3397 472 3454 et
493 3397 642 3476 preterea
663 3387 726 3474 ipsi
748 3396 861 3454 contra
885 3387 993 3452 illam¹
1014 3386 1220 3474 implacitant
1242 3413 1320 3456 eum
1343 3393 1387 3460 de
1411 3395 1435 3462 l.

317 3515 379 3557 aar.
395 3499 479 3558 terra
499 3489 534 3555 in
554 3490 645 3555 curia
664 3491 759 3554 Dom.
774 3489 875 3574 Regis
896 3510 955 3575 per
975 3489 1063 3575 quod
1084 3488 1300 3558 deterioratos
1321 3503 1374 3560 est
1397 3506 1435 3562 et

316 3595 496 3682 dampnum
517 3594 617 3660 habet
638 3594 680 3660 ad
700 3594 882 3660 ualenciam
902 3602 1034 3659 centum
1055 3593 1109 3659 sol.
1125 3603 1161 3659 et
1179 3595 1257 3662 inde
1278 3600 1435 3684 producit

315 3707 439 3764 sectam
462 3706 522 3765 eta
539 3705 574 3764 et
593 3699 715 3784 profert
734 3706 858 3763 cartam
880 3695 1025 3762 eiusdem
1045 3695 1203 3764 Willelmi
1221 3722 1286 3785 que
1306 3701 1433 3770 donum

316 3802 400 3869 illud
414 3811 562 3869 testatur.

383 3907 427 3971 Et
441 3907 608 3973 Johsnnes
622 3929 680 3994 pro
694 3929 729 3972 se
749 3913 783 3971 et
798 3905 929 3990 Agnete
949 3924 1048 3970 uxore
1069 3905 1139 3971 eius
1160 3905 1254 3974 cuins
1276 3910 1347 3976 loco
1369 3920 1434 3980 ete.

316 4009 456 4076 ueniunt
470 4016 505 4075 et
519 4010 633 4075 dicunt
647 4009 735 4096 quod
750 4031 814 4074 non
835 4007 958 4074 debent
976 4016 1100 4072 cartam
1120 4008 1210 4074 illam
1230 4011 1264 4075 ei
1277 4016 1433 4082 warenti.

315 4135 387 4178 aare
403 4112 481 4199 quia
494 4112 659 4199 predictus
674 4112 859 4177 Willelmus
874 4132 1043 4196 nunquam
1063 4109 1181 4176 habuit
1199 4113 1242 4179 de
1262 4122 1354 4182 terra
1372 4117 1435 4184 illa

347 4297 845 4362 ¹Itseamssnpposedthstamarriaga
895 4294 1112 4346 thowifadoner.
1145 4299 1276 4351 Ioannot
1293 4301 1353 4354 find
1370 4305 1433 4358 that

314 4364 379 4415 with
406 4379 424 4414 a
450 4364 520 4414 malo
552 4363 622 4415 ward
654 4363 766 4414 without
798 4362 843 4412 his
895 4360 1081 4412 thiswnsltw.

314 4429 464 4494 gundian’s
480 4433 589 4480 consent
610 4427 695 4479 would
717 4431 764 4478 not
785 4427 843 4489 give
926 4427 937 4458 ²
952 4427 1082 4489 contrary
1093 4429 1121 4476 to
1133 4427 1179 4478 the
1189 4428 1261 4480 dead.
