3167 5075
459 424 696 485 1111111111.
720 410 816 487 1224,
836 424 900 473 na.
924 412 954 473 8.
1221 413 1264 475 tu

52 600 133 665 1020.
222 599 332 665 Amisa
360 599 454 665 uenit
482 598 688 687 recognitum
717 608 830 665 utrum
855 622 959 665 aurun
983 600 1164 686 menagium
1190 623 1266 666 oum
1315 608 1386 648 ΒΜ

162 709 237 787 pert.
264 702 299 767 in
326 701 598 768 Suthwlhenham
623 702 668 767 sit
693 701 797 767 libera
824 701 1001 767 elemosina
1028 702 1196 788 pertinens
1223 702 1267 769 ad

162 806 323 872 eeclesiam
360 805 496 871 Hemiei
525 827 659 891 persona
688 804 729 870 de
766 804 1033 870 Suthluffenham
1061 806 1116 870 uel
1147 805 1266 871 laicum

161 909 286 979 feodum
302 908 393 975 Petri
408 908 449 975 de
464 908 674 973 Abbendona
966 918 971 924 ’

221 1013 266 1077 Et
288 1012 452 1077 Hem-icus
472 1011 529 1098 qui
549 1018 641 1076 tenet
665 1010 759 1075 uenit
778 1018 815 1075 et
836 1010 917 1075 dicit
940 1010 1026 1098 quod
1049 1010 1184 1077 eeclesia
1206 1033 1267 1076 sua

161 1124 249 1181 tenet
263 1114 348 1181 illud
367 1114 549 1201 mesegium
569 1114 610 1179 de
629 1114 699 1200 ipso
719 1114 817 1179 Petro
837 1120 872 1179 et
891 1113 978 1179 idem
1001 1114 1118 1179 Petrus
1139 1136 1268 1201 semper

161 1217 287 1305 recipit¹
312 1217 480 1283 redditum
506 1216 571 1282 soil.
599 1216 680 1281 duos
705 1217 760 1281 sol.
787 1239 846 1303 per
868 1240 942 1281 ann.
967 1238 1069 1303 usqne
1094 1217 1137 1285 ad
1161 1240 1266 1283 unum

159 1344 278 1387 annum
301 1327 511 1395 transactum,
531 1327 566 1383 et
586 1318 673 1383 idem
696 1318 813 1383 Petrus
835 1340 1003 1405 nunquam
1024 1319 1167 1405 aliquam
1188 1319 1265 1387 inde

160 1424 308 1491 seisinam
324 1422 442 1488 habuit
456 1430 491 1487 et
505 1421 578 1487 ideo
592 1421 679 1507 petit
693 1421 852 1487 iudicium
861 1419 890 1487 si
900 1422 1020 1487 debent
1033 1422 1077 1489 ad
1090 1423 1151 1489 hoo
1165 1424 1267 1491 breue

160 1527 377 1614 respondere².

221 1631 265 1696 Et
280 1632 398 1695 Petrus
412 1628 559 1716 quesitus
573 1627 613 1693 de
630 1628 722 1694 ouius
737 1628 855 1695 seisina
874 1630 960 1715 petit
980 1630 1064 1695 illud
1084 1629 1266 1717 menagium

159 1733 339 1821 dicitquod
359 1754 441 1798 auus
461 1754 539 1797 suus
559 1731 623 1797 fuit
642 1732 759 1796 ultimo
781 1740 816 1796 et
837 1732 912 1797 ideo
933 1733 1063 1798 seisitus
1084 1732 1267 1819 perquirat⁸

158 1836 254 1902 breue
269 1836 312 1901 de
327 1844 415 1901 recto
430 1835 459 1899 si
472 1834 614 1899 uoluerit
628 1842 664 1899 et
678 1834 842 1899 Henrieus
855 1834 925 1899 sine
939 1835 1000 1899 die.

48 1942 126 2005 1021.
219 1942 334 2007 Assisa
357 1939 450 2005 uenit
473 1939 679 2027 recognitma
701 1939 729 2004 si
754 1939 929 2005 (laufridus
948 1940 979 2005 le
1000 1940 1071 2025 Gay
1090 1940 1211 2005 iniuste
1230 1946 1267 2005 et

158 2042 224 2107 sine
239 2042 362 2108 iudicio
377 2041 554 2107 disseisiuit
576 2041 755 2106 Hemicum
771 2041 812 2107 de
828 2040 990 2108 Conhulla
1003 2041 1044 2107 de
1059 2042 1160 2107 libero
1174 2050 1267 2107 tene·

159 2157 266 2215 mento
292 2170 352 2213 suo
377 2148 412 2213 in
436 2146 596 2232 Thorlegs
620 2146 704 2211 infra
729 2146 870 2211 assisam.
915 2146 960 2211 Et
985 2146 1160 2213 Gauffidus
1186 2146 1268 2212 dicit

158 2254 240 2339 quod
259 2254 381 2339 hayam
401 2252 491 2317 illam
514 2250 607 2327 unde¹
623 2251 722 2316 assisa
745 2251 903 2316 aramiata
925 2258 976 2315 est
998 2250 1108 2317 tenuit
1130 2250 1200 2337 ipse
1222 2252 1266 2317 xl.

157 2356 247 2421 annis
262 2355 436 2421 transactis
454 2362 489 2419 et
509 2363 559 2417 est
578 2353 636 2418 illa
657 2354 742 2439 haya
763 2353 799 2417 in
820 2352 964 2417 marchia
984 2352 1071 2417 inter
1091 2353 1267 2419 comitatus

157 2460 289 2527 Fmexie
304 2466 339 2523 et
355 2456 542 2523 Hertfordie
558 2463 592 2521 et
607 2455 683 2521 inde
704 2453 848 2543 ponunt⁴
861 2478 896 2521 se
910 2478 1008 2543 super
1020 2456 1080 2521 iur’
1096 2464 1131 2523 et
1146 2457 1266 2523 Henri·

157 2587 211 2632 cus
225 2561 386 2628 similiter.

217 2669 390 2733 Juratores
409 2663 524 2730 dicunt
544 2663 629 2750 quod
650 2662 789 2748 quedam
808 2661 893 2748 haya
906 2663 1086 2728 eommunis
1100 2663 1165 2728 fuit
1178 2663 1267 2730 inter

156 2795 207 2838 eos
222 2773 271 2837 ita
287 2769 374 2857 quod
389 2769 552 2834 Henrious
566 2767 682 2832 hahuit
697 2767 816 2852 hayam
830 2767 920 2830 illum
934 2767 976 2832 ad
991 2790 1095 2832 unum
1109 2769 1215 2854 capud
1229 2778 1267 2835 et

156 2875 333 2942 Gausridus
356 2873 399 2939 ad
419 2873 510 2939 aliud
533 2872 639 2958 capud
661 2881 696 2938 et
719 2871 895 2938 (laufridus
918 2871 1056 2937 intrauit
1080 2873 1115 2935 in
1137 2881 1265 2958 partem

156 2978 303 3044 eiusdem
329 2977 466 3042 Hemiei
491 2985 526 3042 et
551 2976 648 3043 scidit
674 2977 790 3060 haysm
815 2998 908 3040 suam
932 2982 968 3040 et
990 2976 1054 3040 alio
1077 2976 1146 3041 loco
1168 2977 1265 3042 scidit

155 3083 267 3148 salices
290 3081 378 3148 unde
400 3081 515 3146 dicunt
537 3080 623 3166 quod
642 3080 684 3145 de
699 3080 756 3145 illa
770 3089 830 3144 eto.
847 3079 968 3144 iniuste
991 3079 1167 3146 disseisiuit
1188 3104 1264 3146 eum

156 3195 278 3272 etpost
295 3183 480 3250 terminum.
526 3183 570 3248 Et
584 3183 657 3248 ideo
677 3183 916 3248 consideratum
936 3182 1088 3268 estquod
1103 3184 1266 3250 Henricus

114 3315 117 3322 ·
156 3287 362 3374 recuperauit
376 3286 527 3352 seisinam
542 3307 635 3351 suam
650 3293 685 3350 et
700 3285 876 3351 (laufridus
890 3284 925 3348 in
940 3284 1177 3351 misericordin⁶.

46 3395 122 3459 1022.
220 3394 337 3458 Simon
367 3391 407 3455 de
437 3390 656 3456 Berchestona
689 3390 775 3476 petit
807 3411 921 3454 uersus
955 3389 1142 3454 Ysobellam
1176 3391 1266 3455 Guer
1337 3413 1386 3443 1⁰²

158 3495 289 3560 feodum
308 3495 334 3580 j.
358 3494 567 3560 militissam
586 3501 668 3580 pert
689 3493 724 3558 in
747 3491 935 3558 Siwefonlia
955 3501 993 3556 nt
1012 3492 1064 3557 ius
1084 3515 1181 3580 sunm
1203 3502 1265 3561 ete

159 3601 200 3664 Et
223 3600 380 3666 Ysobella
401 3599 494 3664 uenit
520 3605 555 3664 et
580 3597 660 3664 dicit
686 3598 773 3684 quod
798 3620 863 3662 non
889 3596 987 3662 debet
1013 3596 1054 3662 ad
1080 3597 1141 3662 hoo
1164 3599 1265 3664 breue

158 3704 352 3791 respondere
387 3703 465 3790 quia
496 3703 568 3789 ipsa
596 3725 661 3768 non
690 3711 783 3767 tenet
812 3701 942 3766 feodum
967 3701 991 3785 j.
1021 3701 1136 3766 militis
1164 3702 1265 3767 immo

159 3808 317 3894 Magister
331 3805 476 3870 Militum
493 3806 620 3892 Templi
635 3814 727 3870 tenet
737 3805 761 3889 j.
772 3805 854 3892 uirg.
865 3814 951 3868 terre
965 3803 1000 3867 in
1015 3803 1190 3869 elemosina
1203 3813 1265 3871 eto.

221 3915 341 3978 Postea
354 3911 448 3976 uenit
464 3911 616 3976 Ysobella
630 3921 665 3975 et
679 3910 760 3976 dicit
776 3910 862 3996 quod
882 3917 974 3974 tonet
991 3916 1111 3974 terram
1126 3909 1217 3975 illam
1230 3911 1267 3976 in

158 4015 266 4081 dotem
282 4015 370 4081 unde
385 4015 568 4081 Willelmus
591 4014 680 4080 Guer
701 4013 758 4100 qui
778 4021 829 4078 est
844 4020 1007 4078 warantus
1027 4034 1106 4078 suus
1126 4013 1168 4079 de
1189 4014 1267 4080 dote

190 4189 198 4221 ¹
216 4189 287 4238 Corr.
299 4189 402 4252 recepit.
735 4187 791 4235 ideo
800 4187 934 4248 perquirat
945 4190 996 4235 sto.

190 4253 273 4304 ²The
293 4255 401 4318 hymau
423 4251 472 4303 hus
500 4251 612 4315 brought
638 4251 684 4302 the
767 4250 850 4299 ‘flio
1331 4269 1337 4274 ·

160 4317 251 4368 ussine.
285 4319 332 4369 See
359 4318 403 4368 Br.
431 4319 449 4369 1.
480 4317 571 4377 2851),
599 4333 629 4368 ns
656 4321 684 4368 to
767 4314 899 4366 ‘Saena
911 4315 1024 4367 22021).
1049 4314 1182 4365 Patsshnll
1193 4314 1263 4375 hald,

161 4383 313 4434 Pateshull’s
324 4384 443 4446 practice.
734 4380 835 4442 though
851 4395 923 4430 some
939 4380 984 4429 did
1000 4384 1055 4439 not,
1074 4380 1133 4430 that
1154 4380 1200 4430 the
1221 4380 1262 4430 ds

192 4449 289 4500 'cors
312 4451 369 4528 ¹[att
390 4451 479 4500 altinas
505 4450 614 4500 saisitus.
648 4449 684 4498 Et
735 4445 1264 4509 struotionofnboundnrywasdisseisin.
