3167 5075
304 401 348 465 26
617 415 755 477 amnne,
778 417 844 467 nn.
869 404 963 479 1224,
984 418 1048 471 aa
1071 408 1100 475 8.

302 592 435 662 etatem,
457 592 493 651 et
514 585 543 651 si
564 584 634 672 ipse
657 586 692 653 in
714 587 835 655 saisina
854 598 1021 657 terre'sue
1043 590 1108 657 luit
1133 600 1173 657 ut
1196 592 1295 660 homo
1319 595 1421 680 plene

301 690 401 756 etatis
422 697 462 756 ut
483 689 564 755 dicit
585 690 674 756 idem
696 691 788 757 Prior
810 694 864 758 uel
884 694 914 759 si
932 694 1021 763 idem
1040 695 1182 761 Thomas
1201 696 1259 762 de²
1272 697 1330 764 illo
1351 698 1420 765 fuit

300 794 386 861 infra
400 799 524 860 etatem
539 803 574 861 et
588 794 624 859 in
635 794 782 863 eustodia
793 797 945 884 Hugonis
955 798 996 864 de
1008 798 1224 867 Ohaucumba
1233 802 1419 869 fundatoris

300 900 468 965 Prioratus
481 899 522 965 de
538 898 752 967 Ohsuoumba
766 908 806 965 ut
819 900 908 967 idem
923 901 946 967 J
946 902 1090 969 ohannes
1103 902 1193 971 dicit

338 1060 343 1069 ,
366 1002 508 1069 Predicti
523 1010 591 1067 tres
605 1011 707 1069 testes
721 1003 822 1069 iurati
841 1003 956 1070 dicunt
975 1005 1063 1091 quod
1082 1006 1224 1073 Thomas
1238 1008 1305 1073 fuit
1317 1010 1418 1095 plene

300 1107 399 1173 etatis
414 1106 498 1173 etin
513 1106 633 1173 seisina
646 1104 687 1171 de
703 1116 791 1173 terra
805 1130 866 1172 sue
879 1114 915 1172 et
928 1107 1025 1173 homo
1044 1108 1141 1194 plene
1161 1110 1262 1175 etatis
1277 1119 1313 1175 et
1327 1112 1419 1197 quod

178 1198 183 1209 ⁵
299 1234 468 1297 nunquam
490 1211 554 1276 fuit
575 1211 611 1275 in
632 1210 779 1275 custodie
800 1210 952 1298 Hugonis
966 1211 1007 1276 de
1022 1211 1243 1281 Ohsucumba
1288 1215 1418 1283 Dicunt

299 1315 403 1380 eciam
427 1314 515 1401 quod
535 1321 613 1379 ante
635 1322 760 1379 certam
781 1313 873 1378 illam
895 1312 974 1378 feeit
999 1312 1070 1399 ipse
1092 1314 1175 1381 duas
1199 1316 1283 1381 alies
1307 1327 1419 1389 ear-tas

299 1418 372 1484 aliis
401 1418 595 1484 hominibus
655 1418 699 1482 Et
728 1416 803 1483 ideo
830 1416 1070 1482 consideratum
1108 1426 1159 1483 est
1196 1420 1285 1505 quod
1321 1421 1418 1487 Prior

298 1520 505 1607 recuperauit
545 1520 699 1585 seisinam
735 1542 829 1587 suam
864 1520 906 1586 de
942 1521 1090 1606 predicta
1124 1522 1343 1591 eduocecione
1380 1534 1419 1594 et

298 1626 322 1690 J
322 1624 465 1689 ohannes
479 1623 515 1688 in
529 1622 755 1689 misericordia
775 1621 780 1707 Ι

365 1727 550 1793 Willelmus
565 1727 677 1791 Bozun
692 1733 727 1793 ct
741 1726 927 1791 Willelmus
940 1724 981 1792 de
1002 1727 1035 1791 la
1054 1728 1188 1805 Bruere,
1202 1729 1417 1797 Baldewinus

297 1833 339 1898 de
365 1832 541 1898 Balestone
564 1838 599 1895 et
624 1828 783 1897 Ricardus
806 1828 848 1895 de
872 1829 974 1897 Grues
997 1833 1189 1900 summoniti
1212 1835 1350 1901 fiienmt
1372 1834 1417 1901 ed

297 1936 482 2003 laciendum
497 1934 665 2000 reoordum
680 1934 721 1999 de
736 1934 838 1999 asama
851 1957 936 2000 noue
950 1935 1119 2003 disseisine
1133 1961 1198 2025 que
1213 1942 1419 2009 summonita

297 2051 332 2107 at
355 2048 452 2129 capta
477 2040 542 2105 fuit
567 2062 674 2105 coram
700 2038 747 2104 eis
772 2052 838 2125 per‘
853 2047 1043 2126 preceptum
1072 2042 1167 2113 Doni.
1192 2044 1295 2129 Regis
1326 2045 1418 2111 inter

296 2144 500 2209 Willelmum
519 2140 561 2207 de
583 2140 797 2207 Buntindone
817 2149 1009 2226 querentem
1030 2149 1066 2207 et
1087 2142 1284 2209 Geruasium
1306 2145 1417 2219 filium

297 2246 434 2313 Hemici
450 2244 683 2311 defomiantem
703 2243 745 2308 de
765 2250 954 2309 tenemento
973 2245 1009 2310 in
1028 2246 1108 2311 Esse
1127 2246 1214 2312 sicut
1233 2249 1338 2315 assisa
1357 2251 1419 2317 illa

295 2360 394 2437 capta
415 2351 479 2415 fuit
501 2358 564 2415 etc.
609 2349 655 2413 Et
669 2346 856 2413 Willelmus
874 2348 1040 2433 predictus
1053 2351 1275 2417 summonitus
1289 2353 1356 2419 suit
1371 2354 1416 2421 ad

295 2455 496 2521 audiendum
522 2453 692 2518 recordum
714 2451 797 2517 illud
819 2460 879 2518 etc
927 2453 971 2517 Et
992 2477 1104 2520 omnes
1125 2456 1267 2542 predicti
1289 2459 1417 2530 milites

296 2569 405 2647 preter
418 2559 621 2624 Willelmum
637 2556 678 2622 de
693 2556 726 2620 la
740 2557 865 2620 Bruera
879 2555 1018 2622 ueniunt
1032 2567 1067 2623 ct
1086 2560 1301 2627 recordantur
1320 2565 1415 2648 quod

297 2665 462 2751 predictus
476 2661 662 2728 Willelmus
676 2659 756 2725 tulit
770 2659 870 2725 breue
890 2659 988 2726 moise
1007 2685 1092 2729 noue
1112 2664 1283 2732 disseisine
1303 2689 1417 2735 coram

296 2770 344 2834 eis
358 2767 544 2856 perbreuis
558 2767 653 2832 Dom.
664 2765 766 2851 Regis
776 2764 1022 2850 superArcheb'
1032 2767 1163 2834 Flandr'
1174 2778 1210 2834 et
1225 2769 1417 2856 predictum

296 2871 492 2937 Geruasium
512 2869 552 2934 de
576 2875 766 2934 tenemento
787 2866 823 2931 in
845 2867 934 2945 Fsse,
947 2867 996 2933 ita
1017 2868 1104 2955 quod
1126 2870 1306 2940 Gerussius
1328 2875 1416 2940 non⁸

295 2972 390 3038 rrsnit
405 2994 511 3037 coram
526 2971 583 3047 eis,
594 2978 630 3035 et
644 2969 792 3056 quesitus
807 2968 929 3055 siquid
943 2970 1040 3036 sciunt
1060 2971 1168 3038 dicere
1186 2996 1289 3061 quare
1308 2977 1416 3043 asama

294 3081 486 3150 remaneret,
501 3071 587 3138 dixit
608 3071 697 3158 quod
717 3071 835 3137 hahuit
856 3073 1091 3159 cyrographum
1113 3075 1239 3145 factum
1261 3077 1299 3145 in
1320 3081 1417 3153 curia

294 3177 388 3246 Dona
419 3174 520 3262 Regis
549 3195 657 3240 eoram
685 3171 872 3244 iusticiariis
900 3173 1016 3239 ultimo
1052 3175 1286 3247 itinerantibus
1322 3185 1418 3270 apud

295 3278 454 3348 &oniam
470 3285 505 3344 et
519 3277 652 3344 uocauit
666 3276 784 3362 pedem
799 3276 980 3364 cirographi
992 3278 1036 3344 ad
1049 3291 1242 3362 warantum,
1256 3293 1294 3351 et
1312 3286 1417 3356 datus

294 3383 359 3450 fuit
373 3382 405 3450 ei
418 3382 489 3448 dice
503 3381 545 3445 de
559 3380 711 3446 habendo
725 3389 867 3446 waranto
881 3403 948 3459 suo,
961 3381 1003 3447 ad
1013 3405 1112 3468 quem
1127 3384 1216 3452 diem
1231 3388 1417 3460 Gemasius

294 3511 359 3554 non
373 3487 477 3564 uenit,
491 3486 541 3551 ita
554 3485 642 3572 quod
657 3485 758 3550 assisa
776 3491 873 3569 eapte
891 3484 957 3549 luit
975 3507 1034 3571 per
1052 3485 1210 3554 defaltum
1230 3513 1291 3577 per
1311 3516 1416 3580 quam

293 3591 427 3658 assisam
450 3589 538 3657 idem
562 3587 749 3653 Willelmus
774 3586 978 3670 recuperauit
1003 3586 1157 3656 saisinam
1182 3613 1287 3671 suam,
1310 3603 1348 3662 et
1374 3606 1417 3665 ut

294 3694 385 3760 curia
398 3693 481 3758 sciet
494 3691 671 3758 ueritatem
692 3687 732 3754 de
753 3687 882 3773 loquele
900 3687 958 3752 illa
975 3688 1091 3755 dicunt
1110 3693 1198 3778 quod
1219 3694 1416 3783 Stephanus

296 3796 424 3863 Flandr'
440 3804 535 3880 pater
550 3791 690 3880 predicti
710 3789 848 3856 Amheb'
862 3789 955 3854 dedit
973 3792 1158 3876 predictum
1179 3806 1415 3868 tenementum

293 3903 330 3968 in
355 3899 565 3985 maritagium
592 3894 719 3966 Simoni
744 3893 785 3958 de
809 3893 988 3980 Charteray
1013 3898 1177 3981 quondam
1201 3901 1275 3968 uiro
1300 3908 1416 3976 uxone

292 4001 433 4090 predicti
445 3999 594 4066 Geruesii
605 4007 640 4065 et
651 4004 873 4084 postmortem
884 3996 1024 4065 Simonis
1039 4000 1205 4084 predictus
1218 4004 1416 4092 Stephanus

292 4093 386 4170 dedit
400 4101 506 4167 eidem
521 4097 627 4163 Alioie
641 4095 735 4161 uxori
750 4095 899 4160 Gerussii
912 4098 1111 4166 escambium
1125 4101 1167 4168 de
1188 4105 1308 4174 eadem
1323 4117 1416 4180 terra

292 4218 328 4276 et
342 4205 426 4273 illud
440 4211 666 4270 tenementum
681 4199 772 4266 dedit
786 4200 931 4286 predicto
945 4201 1110 4269 Willelmo
1125 4207 1183 4292 qui
1197 4207 1283 4276 illud
1299 4217 1417 4281 tenuit-

291 4331 460 4399 quousque
474 4307 641 4395 predictus
654 4303 752 4370 Areh'
767 4312 802 4368 et
821 4304 996 4372 Gemasius
1012 4329 1071 4394 per
1087 4309 1303 4380 collusionem
1324 4316 1417 4385 inter

405 4439 414 4472 1
432 4438 504 4487 corr.
516 4437 565 4487 die.
701 4434 712 4466 ¹
727 4432 767 4495 By
779 4431 823 4484 the
833 4433 940 4498 copyist.
1071 4436 1082 4471 ¹
1098 4437 1158 4488 om.
1169 4454 1221 4492 noe
1232 4444 1274 4509 (r).
