3167 5075
362 332 426 395 338
668 344 819 405 rmum,
841 344 906 394 sn.
930 330 1023 404 1220,
1045 343 1108 393 nn
1131 331 1159 393 4.

426 516 471 581 Et
493 514 584 581 Ptior
606 514 699 581 uenit
723 523 758 581 et
779 514 925 581 defendit
947 516 998 579 ius
1020 537 1116 579 suum
1137 522 1196 580 etc.
1220 524 1255 579 et
1275 512 1434 599 dicitquod
1527 557 1528 566 η

361 618 454 687 Doni
479 620 551 685 Rex
574 620 736 685 Henricus
758 642 840 685 auus
860 619 955 685 Doni
978 619 1079 706 Regis
1100 619 1191 685 dedit
1211 619 1322 685 domui
1340 618 1435 684 suedo

360 722 476 787 Lenda
488 722 735 788 adnocacionem
749 722 894 809 plurium
908 721 1115 787 ecclesiarum
1133 722 1221 787 inter
1234 745 1313 808 quas
1326 721 1404 787 dedit
1414 721 1436 784 ei

361 826 528 891 ecclesiam
550 826 640 891 illam
661 848 720 913 per
741 834 864 891 certam
885 848 978 890 suom
1000 847 1099 911 quem
1120 826 1240 911 profert
1263 833 1297 890 et
1316 848 1373 911 quc
1392 824 1437 888 hoc
1528 855 1529 868 2

233 954 314 1005 [oct]
361 939 509 1008 testetur,
528 929 532 1018 Ι
553 930 674 997 scilicet
703 931 790 1016 quod
824 930 919 995 Dom
950 931 1021 994 Rex
1051 929 1094 994 H.
1123 928 1214 995 dedit
1244 938 1302 995 etc
1331 929 1438 995 eodone

361 1034 393 1101 S.
409 1034 567 1101 Johcnnis
583 1034 731 1120 Baptiste
746 1034 787 1098 de
803 1033 916 1099 Lsndc
930 1042 964 1099 et
984 1034 1144 1099 canonicis
1163 1044 1222 1100 etc
1239 1033 1396 1099 ecclesiam
1410 1031 1440 1095 dc

361 1138 513 1217 Arnhclc,
528 1146 562 1203 et
577 1138 759 1224 dicitquod
774 1138 867 1203 Doni
883 1138 955 1202 Rex
977 1137 1144 1203 Johannes
1164 1160 1331 1223 nunquam
1352 1144 1444 1223 postes
1529 1141 1530 1170 ³

360 1241 449 1307 illem
468 1242 567 1320 dedit,
583 1242 670 1307 unde
689 1242 823 1308 uidetur
841 1242 929 1329 quod
946 1241 1041 1307 Doni
1057 1242 1129 1307 Rex
1148 1242 1248 1307 debet
1267 1250 1385 1307 cartem
1402 1237 1446 1304 cui

360 1345 412 1410 sui
427 1345 458 1411 ei
472 1346 684 1411 warentizere.
730 1346 809 1411 Dies
823 1345 921 1411 datus
936 1353 986 1411 est
1002 1354 1061 1411 ete

229 1452 321 1517 1366.
427 1449 626 1516 ²Willelmus
648 1450 689 1516 dc
712 1449 895 1536 Oantclupo
916 1450 1002 1535 petit
1022 1472 1135 1515 uersus
1154 1450 1298 1515 Priorem
1318 1448 1368 1514 del
1381 1448 1448 1512 Broc

238 1554 307 1595 Μ
360 1554 516 1641 quosdam
531 1562 635 1621 cartas
654 1554 785 1640 qussRei
804 1553 926 1618 iniuste
947 1552 1074 1618 detinet
1097 1563 1130 1619 et
1151 1577 1217 1640 que
1238 1553 1399 1640 pertinent
1414 1550 1448 1615 cd

361 1658 512 1724 heredem
527 1657 703 1723 Thumtani
717 1656 758 1722 de
773 1656 995 1721 Muntefordis
1007 1656 1067 1743 qui
1085 1665 1136 1723 est
1154 1657 1190 1721 in
1205 1658 1353 1723 custodis
1364 1656 1450 1743 ipsius

361 1763 525 1829 Willolmi

426 1869 470 1933 Et
485 1868 576 1933 Prior
590 1867 683 1933 uenit
698 1874 733 1931 et
747 1864 911 1953 cognoscit
925 1865 1012 1951 quod
1026 1864 1127 1931 hebet
1141 1864 1300 1951 quasdam
1315 1862 1449 1930 esrteoin
1532 1885 1534 1888 ’

361 1995 426 2037 uno
440 1971 542 2037 codno
557 1970 715 2057 sigillatas
729 1969 835 2057 sigillo
850 1967 1009 2034 Johannis
1022 1967 1064 2033 dc
1079 1968 1209 2055 Eyuilla
1226 1976 1261 2033 et
1276 1968 1410 2033 firmatos
1422 1976 1450 2029 ct

361 2076 500 2141 libenter
525 2075 597 2139 illos
623 2074 737 2139 reddet
758 2073 786 2139 si
807 2073 973 2159 predictus
994 2074 1159 2139 Johannes
1181 2072 1391 2159 permitteret,
1408 2080 1451 2134 set

361 2179 448 2245 idem
477 2178 644 2243 «Iohannes
673 2176 855 2262 implacitet
886 2198 962 2241 eum
988 2176 1066 2241 inde
1092 2199 1200 2242 coram
1222 2173 1393 2241 iudicibus¹
1410 2173 1451 2236 its
1533 2205 1535 2208 v

361 2282 448 2369 quod
461 2304 527 2346 non
542 2304 639 2347 ausus
653 2280 717 2345 fuit
731 2280 805 2345 illas
821 2280 942 2344 tulisse
988 2280 1033 2344 Et
1053 2279 1126 2345 ideo
1145 2278 1347 2365 prohibitum
1365 2285 1408 2342 est
1425 2273 1450 2338 ci
1533 2210 1535 2366 Ι

361 2407 402 2449 ne
422 2384 520 2449 alicui
539 2384 610 2449 illas
631 2382 739 2448 tradet
759 2382 822 2447 nisi
841 2381 905 2468 ipsi
928 2381 1092 2447 Willelmo
1114 2390 1173 2447 etc
1218 2382 1264 2446 Et
1285 2374 1450 2447 wilielmus

362 2487 481 2554 habeat
502 2488 601 2554 breue
623 2487 665 2552 sd
686 2487 872 2553 «Iohannem
894 2509 936 2552 ne
961 2494 1116 2572 sequatur
1137 2485 1297 2574 placitum
1321 2485 1354 2551 in
1373 2482 1449 2550 curio
1534 2523 1535 2577 p

361 2590 592 2668 cristianitatis,
622 2597 656 2655 et
682 2589 832 2655 similiter
860 2589 903 2654 ed
931 2589 1054 2654 iudices
1083 2612 1124 2654 ne
1153 2598 1290 2655 teneant
1318 2599 1373 2655 etc
1412 2585 1448 2650 Et

362 2693 487 2759 dictum
516 2703 565 2759 est
594 2693 697 2758 Priori
725 2695 812 2779 quod
839 2693 958 2759 habeat
984 2693 1159 2780 cophinum
1184 2717 1260 2759 cum
1286 2694 1377 2760 cartis
1397 2691 1448 2756 ccli

362 2796 415 2863 die
431 2806 489 2863 etc.

231 2897 325 2966 1367.
428 2899 554 2966 ’Assios
575 2901 668 2966 uenit
690 2901 895 2989 recognitum
916 2902 989 2988 quis
1010 2902 1188 2968 eduooetus
1209 2913 1353 2990 tempore
1374 2899 1447 2987 posis

236 2999 316 3041 ”⁰⁰⁰²
363 3005 564 3092 presentsuit
589 3007 740 3072 ultimam
766 3029 936 3094 personam
961 3007 1004 3072 ed
1028 3008 1196 3073 ecclesiam
1220 3009 1263 3074 de
1289 3005 1447 3078 Wcffeldis,

364 3133 428 3197 que
443 3119 538 3176 uacet
553 3120 592 3177 ut
606 3112 735 3192 dicitur,
749 3112 843 3181 cuius
857 3112 1104 3179 eduocecionem
1119 3113 1304 3178 Willelmus
1321 3113 1349 3177 le
1368 3109 1445 3176 Abbe

364 3215 422 3301 qni
444 3215 528 3282 infre
547 3224 670 3282 etatem
691 3225 740 3282 est
761 3217 880 3284 clamat
896 3240 1009 3282 uersus
1024 3216 1193 3283 Oliuerum
1208 3218 1241 3282 le
1256 3219 1355 3283 Abbe.
1391 3213 1445 3294 Qui

365 3318 457 3384 uenit
472 3328 507 3384 ot
520 3320 604 3385 bene
618 3320 781 3407 cognoscit
800 3321 888 3407 quod
907 3321 1019 3408 Agnes
1038 3319 1115 3385 suis
1132 3342 1192 3385 sna
1211 3329 1246 3385 et
1266 3321 1339 3386 suia
1358 3316 1444 3385 Juelis

364 3423 466 3509 patris
489 3422 591 3508 ipsius
614 3423 772 3489 Willelmi
794 3424 997 3510 presentcuit
1025 3424 1176 3490 ultimam
1205 3447 1367 3512 personam
1390 3442 1440 3506 que

365 3538 493 3594 mortua
517 3537 567 3593 est
593 3537 652 3594 etc.
676 3536 710 3594 et
732 3529 819 3616 quod
841 3529 1003 3596 hereditas
1024 3529 1192 3596 descendit
1213 3529 1352 3616 predicto
1370 3521 1440 3591 Jucli

365 3630 482 3717 petris⁴
496 3630 597 3716 ipsius
612 3631 771 3696 willelmi
786 3639 821 3697 et
836 3631 927 3697 fiatri
941 3654 1000 3697 suo
1017 3639 1087 3709 etc,
1101 3639 1152 3696 set
1172 3629 1252 3698 dicit
1274 3629 1354 3717 quod
1371 3625 1437 3692 idem

366 3735 389 3800 J
390 3733 485 3799 uehel
499 3733 590 3800 dedit
606 3734 636 3800 ei
651 3734 899 3804 aduocacionem
914 3736 1003 3802 illius
1018 3736 1150 3802 ecclesie
1166 3759 1226 3824 per
1239 3745 1353 3802 cartam
1365 3751 1434 3797 susm

366 3859 465 3923 quam
486 3839 607 3924 profert
629 3861 692 3926 que
714 3847 855 3904 testatur
876 3841 963 3926 quod
983 3840 1070 3906 idem
1089 3841 1168 3907 Juel
1181 3841 1274 3908 dedit
1287 3837 1436 3906 eisduccc·

366 3941 491 4007 cionem
515 3943 645 4008 ecclesie
671 3943 712 4008 de
736 3943 912 4009 Waffeldic
934 3953 968 4009 et
994 3952 1101 4009 totum
1130 3944 1182 4010 ius
1207 3943 1293 4031 quod
1318 3941 1356 4008 sd
1379 3957 1437 4004 eum

366 4045 551 4130 pertinebat
574 4047 615 4112 de
638 4047 695 4112 illc.
720 4046 932 4113 sduocsoione
958 4047 993 4111 in
1022 4047 1094 4113 uite
1116 4047 1219 4134 ipsius
1248 4043 1368 4115 Oliueri.
1403 4037 1438 4102 Ei

401 4247 410 4280 ¹
427 4247 458 4296 A.
469 4259 505 4296 m.
518 4249 545 4306 83
562 4247 593 4297 B.
605 4263 640 4298 m.
654 4249 676 4298 1.

400 4313 412 4347 ¹
428 4310 620 4364 Ecclesiasticcl
628 4313 719 4377 iudges
730 4327 773 4365 ere
779 4317 895 4378 judicem
976 4317 988 4350 ⁴

370 4378 414 4428 the
425 4377 497 4441 royol
507 4377 756 4442 judgecjcctr'cc'ortc'.
