<?xml version="1.0" encoding="UTF-8"?>
<!DOCTYPE html PUBLIC "-//W3C//DTD XHTML 1.0 Transitional//EN"
    "http://www.w3.org/TR/xhtml1/DTD/xhtml1-transitional.dtd">
<html xmlns="http://www.w3.org/1999/xhtml" xml:lang="en" lang="en">
 <head>
  <title>
</title>
<meta http-equiv="Content-Type" content="text/html;charset=utf-8" />
  <meta name='ocr-system' content='tesseract 3.04.00' />
  <meta name='ocr-capabilities' content='ocr_page ocr_carea ocr_par ocr_line ocrx_word'/>
</head>
<body>
  <div class='ocr_page' id='page_1' title='image "bractonsnoteboo03maitgoog_0484.png"; bbox 0 0 3167 5075; ppageno 0'>
   <div class='ocr_carea' id='block_1_1' title="bbox 387 385 1180 463">
    <p class='ocr_par' dir='ltr' id='par_1_1' title="bbox 387 385 1180 463">
     <span class='ocr_line' id='line_1_1' title="bbox 387 385 1180 463; baseline -0.001 -12"><span class='ocrx_word' id='word_1_1' title='bbox 387 387 451 457; x_wconf 81' lang='lat'>470</span> <span class='ocrx_word' id='word_1_2' title='bbox 697 402 838 463; x_wconf 74' lang='lat' dir='ltr'>mmm,</span> <span class='ocrx_word' id='word_1_3' title='bbox 860 401 923 450; x_wconf 74' lang='lat' dir='ltr'>nn.</span> <span class='ocrx_word' id='word_1_4' title='bbox 949 386 1042 462; x_wconf 78' lang='lat'>1223,</span> <span class='ocrx_word' id='word_1_5' title='bbox 1064 401 1127 451; x_wconf 68' lang='lat' dir='ltr'>sn</span> <span class='ocrx_word' id='word_1_6' title='bbox 1151 385 1180 454; x_wconf 89' lang='lat'>7.</span> 
     </span>
    </p>
   </div>
   <div class='ocr_carea' id='block_1_2' title="bbox 246 569 1469 3881">
    <p class='ocr_par' dir='ltr' id='par_1_2' title="bbox 246 569 1469 3881">
     <span class='ocr_line' id='line_1_2' title="bbox 385 569 1465 662; baseline -0.003 -25"><span class='ocrx_word' id='word_1_7' title='bbox 385 572 458 637; x_wconf 82' lang='lat' dir='ltr'>iure</span> <span class='ocrx_word' id='word_1_8' title='bbox 471 578 507 636; x_wconf 88' lang='lat' dir='ltr'>et</span> <span class='ocrx_word' id='word_1_9' title='bbox 521 570 690 662; x_wconf 72' lang='lat' dir='ltr'>libertates</span> <span class='ocrx_word' id='word_1_10' title='bbox 703 570 789 636; x_wconf 81' lang='lat' dir='ltr'>infre</span> <span class='ocrx_word' id='word_1_11' title='bbox 803 571 928 636; x_wconf 81' lang='lat' dir='ltr'>leucam</span> <span class='ocrx_word' id='word_1_12' title='bbox 944 593 1025 656; x_wconf 83' lang='lat' dir='ltr'>quus</span> <span class='ocrx_word' id='word_1_13' title='bbox 1039 569 1132 638; x_wconf 91' lang='lat' dir='ltr'>Dom.</span> <span class='ocrx_word' id='word_1_14' title='bbox 1149 571 1220 636; x_wconf 86' lang='lat' dir='ltr'>Rex</span> <span class='ocrx_word' id='word_1_15' title='bbox 1241 571 1357 638; x_wconf 80' lang='lat' dir='ltr'>hebere</span> <span class='ocrx_word' id='word_1_16' title='bbox 1376 571 1465 658; x_wconf 83' lang='lat' dir='ltr'>possit,</span> 
     </span>
     <span class='ocr_line' id='line_1_3' title="bbox 386 672 1466 761; baseline -0.001 -22"><span class='ocrx_word' id='word_1_17' title='bbox 386 683 421 740; x_wconf 92' lang='lat' dir='ltr'>et</span> <span class='ocrx_word' id='word_1_18' title='bbox 446 675 532 760; x_wconf 91' lang='lat' dir='ltr'>quod</span> <span class='ocrx_word' id='word_1_19' title='bbox 558 675 670 739; x_wconf 86' lang='lat' dir='ltr'>Abbes</span> <span class='ocrx_word' id='word_1_20' title='bbox 692 673 837 738; x_wconf 89' lang='lat' dir='ltr'>eiusdem</span> <span class='ocrx_word' id='word_1_21' title='bbox 860 672 920 738; x_wconf 86' lang='lat' dir='ltr'>loci</span> <span class='ocrx_word' id='word_1_22' title='bbox 943 673 986 737; x_wconf 90' lang='lat' dir='ltr'>sit</span> <span class='ocrx_word' id='word_1_23' title='bbox 1007 673 1106 738; x_wconf 83' lang='lat' dir='ltr'>iudex</span> <span class='ocrx_word' id='word_1_24' title='bbox 1128 673 1169 739; x_wconf 92' lang='lat' dir='ltr'>de</span> <span class='ocrx_word' id='word_1_25' title='bbox 1191 675 1342 740; x_wconf 89' lang='lat' dir='ltr'>omnibus</span> <span class='ocrx_word' id='word_1_26' title='bbox 1362 675 1466 761; x_wconf 77' lang='lat' dir='ltr'>placitis</span> 
     </span>
     <span class='ocr_line' id='line_1_4' title="bbox 386 777 1399 844; baseline 0.001 -1"><span class='ocrx_word' id='word_1_27' title='bbox 386 778 470 843; x_wconf 76' lang='lat' dir='ltr'>infru</span> <span class='ocrx_word' id='word_1_28' title='bbox 483 777 609 843; x_wconf 78' lang='lat' dir='ltr'>leucam</span> <span class='ocrx_word' id='word_1_29' title='bbox 622 778 721 844; x_wconf 82' lang='lat' dir='ltr'>illem.</span> <span class='ocrx_word' id='word_1_30' title='bbox 761 779 806 842; x_wconf 87' lang='lat' dir='ltr'>Et</span> <span class='ocrx_word' id='word_1_31' title='bbox 820 778 893 843; x_wconf 90' lang='lat' dir='ltr'>ideo</span> <span class='ocrx_word' id='word_1_32' title='bbox 908 778 1019 843; x_wconf 81' lang='lat' dir='ltr'>Abbes</span> <span class='ocrx_word' id='word_1_33' title='bbox 1033 779 1153 844; x_wconf 77' lang='lat' dir='ltr'>habeut</span> <span class='ocrx_word' id='word_1_34' title='bbox 1167 779 1290 844; x_wconf 75' lang='lat' dir='ltr'>curium</span> <span class='ocrx_word' id='word_1_35' title='bbox 1304 801 1399 844; x_wconf 80' lang='lat' dir='ltr'>suern</span> 
     </span>
     <span class='ocr_line' id='line_1_5' title="bbox 256 879 1466 959; baseline 0 -13"><span class='ocrx_word' id='word_1_36' title='bbox 256 895 347 959; x_wconf 75' lang='lat'>1599,</span> <span class='ocrx_word' id='word_1_37' title='bbox 452 879 617 946; x_wconf 81' lang='lat' dir='ltr'>¹Decenus</span> <span class='ocrx_word' id='word_1_38' title='bbox 638 889 673 945; x_wconf 87' lang='lat' dir='ltr'>et</span> <span class='ocrx_word' id='word_1_39' title='bbox 695 880 948 946; x_wconf 82' lang='lat' dir='ltr'>Archidiaconus</span> <span class='ocrx_word' id='word_1_40' title='bbox 975 879 1140 946; x_wconf 89' lang='lat' dir='ltr'>Londonie</span> <span class='ocrx_word' id='word_1_41' title='bbox 1165 881 1338 946; x_wconf 81' lang='lat' dir='ltr'>attechisti</span> <span class='ocrx_word' id='word_1_42' title='bbox 1359 882 1466 946; x_wconf 82' lang='lat' dir='ltr'>fuerunt</span> 
     </span>
     <span class='ocr_line' id='line_1_6' title="bbox 267 983 1466 1071; baseline 0 -23"><span class='ocrx_word' id='word_1_43' title='bbox 267 994 332 1034; x_wconf 61' lang='grc' dir='ltr'><strong>Μ</strong></span> <span class='ocrx_word' id='word_1_44' title='bbox 386 983 429 1048; x_wconf 82' lang='lat' dir='ltr'>ed</span> <span class='ocrx_word' id='word_1_45' title='bbox 443 983 702 1068; x_wconf 84' lang='lat' dir='ltr'>respondendum</span> <span class='ocrx_word' id='word_1_46' title='bbox 717 983 862 1050; x_wconf 79' lang='lat' dir='ltr'>Waltero</span> <span class='ocrx_word' id='word_1_47' title='bbox 876 983 917 1049; x_wconf 90' lang='lat' dir='ltr'>de</span> <span class='ocrx_word' id='word_1_48' title='bbox 934 983 1158 1050; x_wconf 76' lang='lat' dir='ltr'>&#39;Ilubereuilla</span> <span class='ocrx_word' id='word_1_49' title='bbox 1176 1007 1277 1071; x_wconf 77' lang='lat' dir='ltr'>quare</span> <span class='ocrx_word' id='word_1_50' title='bbox 1299 993 1404 1050; x_wconf 81' lang='lat' dir='ltr'>oontru</span> <span class='ocrx_word' id='word_1_51' title='bbox 1422 993 1466 1048; x_wconf 81' lang='lat' dir='ltr'>etc</span> 
     </span>
     <span class='ocr_line' id='line_1_7' title="bbox 387 1085 1466 1172; baseline -0.001 -21"><span class='ocrx_word' id='word_1_52' title='bbox 387 1096 563 1152; x_wconf 87' lang='lat' dir='ltr'>tenuerunt</span> <span class='ocrx_word' id='word_1_53' title='bbox 578 1086 735 1172; x_wconf 79' lang='lat' dir='ltr'>placitum</span> <span class='ocrx_word' id='word_1_54' title='bbox 749 1085 785 1150; x_wconf 92' lang='lat' dir='ltr'>in</span> <span class='ocrx_word' id='word_1_55' title='bbox 800 1085 890 1151; x_wconf 82' lang='lat' dir='ltr'>curie</span> <span class='ocrx_word' id='word_1_56' title='bbox 903 1085 1127 1152; x_wconf 75' lang='lat' dir='ltr'>cristianitatis</span> <span class='ocrx_word' id='word_1_57' title='bbox 1145 1088 1187 1152; x_wconf 91' lang='lat' dir='ltr'>de</span> <span class='ocrx_word' id='word_1_58' title='bbox 1207 1087 1333 1153; x_wconf 79' lang='lat' dir='ltr'>catallis</span> <span class='ocrx_word' id='word_1_59' title='bbox 1347 1086 1466 1152; x_wconf 84' lang='lat' dir='ltr'>eiusdem</span> 
     </span>
     <span class='ocr_line' id='line_1_8' title="bbox 279 1190 1449 1276; baseline -0.002 -20"><span class='ocrx_word' id='word_1_60' title='bbox 279 1216 334 1267; x_wconf 70' lang='lat' dir='ltr'>[uc]</span> <span class='ocrx_word' id='word_1_61' title='bbox 386 1190 524 1256; x_wconf 81' lang='lat' dir='ltr'>Walteri</span> <span class='ocrx_word' id='word_1_62' title='bbox 538 1213 601 1276; x_wconf 89' lang='lat' dir='ltr'>que</span> <span class='ocrx_word' id='word_1_63' title='bbox 615 1213 680 1255; x_wconf 91' lang='lat' dir='ltr'>non</span> <span class='ocrx_word' id='word_1_64' title='bbox 693 1199 772 1256; x_wconf 89' lang='lat' dir='ltr'>sunt</span> <span class='ocrx_word' id='word_1_65' title='bbox 786 1190 828 1255; x_wconf 90' lang='lat' dir='ltr'>de</span> <span class='ocrx_word' id='word_1_66' title='bbox 843 1199 1040 1256; x_wconf 74' lang='lat' dir='ltr'>testamento</span> <span class='ocrx_word' id='word_1_67' title='bbox 1055 1191 1109 1256; x_wconf 88' lang='lat' dir='ltr'>uel</span> <span class='ocrx_word' id='word_1_68' title='bbox 1124 1192 1165 1256; x_wconf 89' lang='lat' dir='ltr'>de</span> <span class='ocrx_word' id='word_1_69' title='bbox 1185 1191 1390 1256; x_wconf 78' lang='lat' dir='ltr'>matrimonio</span> <span class='ocrx_word' id='word_1_70' title='bbox 1402 1203 1449 1256; x_wconf 85' lang='lat' dir='ltr'>etc</span> 
     </span>
     <span class='ocr_line' id='line_1_9' title="bbox 387 1292 1468 1360; baseline -0.001 -3"><span class='ocrx_word' id='word_1_71' title='bbox 387 1293 430 1357; x_wconf 85' lang='lat' dir='ltr'>Et</span> <span class='ocrx_word' id='word_1_72' title='bbox 452 1293 603 1358; x_wconf 85' lang='lat' dir='ltr'>Decunus</span> <span class='ocrx_word' id='word_1_73' title='bbox 624 1304 660 1357; x_wconf 87' lang='lat' dir='ltr'>et</span> <span class='ocrx_word' id='word_1_74' title='bbox 682 1292 936 1358; x_wconf 80' lang='lat' dir='ltr'>Archidisconus</span> <span class='ocrx_word' id='word_1_75' title='bbox 957 1293 1097 1359; x_wconf 88' lang='lat' dir='ltr'>ueniunt</span> <span class='ocrx_word' id='word_1_76' title='bbox 1122 1301 1156 1358; x_wconf 90' lang='lat' dir='ltr'>et</span> <span class='ocrx_word' id='word_1_77' title='bbox 1178 1293 1359 1360; x_wconf 87' lang='lat' dir='ltr'>defendunt</span> <span class='ocrx_word' id='word_1_78' title='bbox 1378 1303 1468 1358; x_wconf 83' lang='lat' dir='ltr'>oontm</span> 
     </span>
     <span class='ocr_line' id='line_1_10' title="bbox 385 1397 1467 1484; baseline -0.002 -22"><span class='ocrx_word' id='word_1_79' title='bbox 385 1421 461 1463; x_wconf 88' lang='lat' dir='ltr'>eum</span> <span class='ocrx_word' id='word_1_80' title='bbox 487 1406 522 1462; x_wconf 88' lang='lat' dir='ltr'>et</span> <span class='ocrx_word' id='word_1_81' title='bbox 547 1406 660 1463; x_wconf 81' lang='lat' dir='ltr'>contra</span> <span class='ocrx_word' id='word_1_82' title='bbox 683 1405 806 1463; x_wconf 79' lang='lat' dir='ltr'>sectam</span> <span class='ocrx_word' id='word_1_83' title='bbox 832 1420 934 1476; x_wconf 83' lang='lat' dir='ltr'>suam,</span> <span class='ocrx_word' id='word_1_84' title='bbox 959 1398 1046 1484; x_wconf 91' lang='lat' dir='ltr'>quod</span> <span class='ocrx_word' id='word_1_85' title='bbox 1071 1420 1238 1483; x_wconf 79' lang='lat' dir='ltr'>nunquam</span> <span class='ocrx_word' id='word_1_86' title='bbox 1266 1397 1307 1463; x_wconf 90' lang='lat' dir='ltr'>de</span> <span class='ocrx_word' id='word_1_87' title='bbox 1329 1397 1467 1484; x_wconf 72' lang='lat' dir='ltr'>aliquibus</span> 
     </span>
     <span class='ocr_line' id='line_1_11' title="bbox 384 1500 1466 1587; baseline -0.002 -21"><span class='ocrx_word' id='word_1_88' title='bbox 384 1501 511 1567; x_wconf 78' lang='lat' dir='ltr'>catellis</span> <span class='ocrx_word' id='word_1_89' title='bbox 535 1501 602 1566; x_wconf 87' lang='lat' dir='ltr'>suis</span> <span class='ocrx_word' id='word_1_90' title='bbox 627 1509 806 1566; x_wconf 87' lang='lat' dir='ltr'>tenuerunt</span> <span class='ocrx_word' id='word_1_91' title='bbox 831 1501 997 1587; x_wconf 80' lang='lat' dir='ltr'>placitum,</span> <span class='ocrx_word' id='word_1_92' title='bbox 1022 1508 1073 1566; x_wconf 87' lang='lat' dir='ltr'>set</span> <span class='ocrx_word' id='word_1_93' title='bbox 1099 1523 1214 1566; x_wconf 90' lang='lat' dir='ltr'>uerum</span> <span class='ocrx_word' id='word_1_94' title='bbox 1235 1501 1353 1566; x_wconf 89' lang='lat' dir='ltr'>uolunt</span> <span class='ocrx_word' id='word_1_95' title='bbox 1374 1500 1466 1566; x_wconf 75' lang='lat' dir='ltr'>dicere</span> 
     </span>
     <span class='ocr_line' id='line_1_12' title="bbox 385 1604 1467 1693; baseline -0.003 -22"><span class='ocrx_word' id='word_1_96' title='bbox 385 1607 509 1672; x_wconf 87' lang='lat' dir='ltr'>Dicunt</span> <span class='ocrx_word' id='word_1_97' title='bbox 531 1606 617 1693; x_wconf 93' lang='lat' dir='ltr'>quod</span> <span class='ocrx_word' id='word_1_98' title='bbox 639 1605 730 1672; x_wconf 87' lang='lat' dir='ltr'>Prior</span> <span class='ocrx_word' id='word_1_99' title='bbox 750 1605 932 1692; x_wconf 75' lang='lat' dir='ltr'><strong>Hospitalis</strong></span> <span class='ocrx_word' id='word_1_100' title='bbox 953 1605 1143 1671; x_wconf 85' lang='lat' dir='ltr'>Jerosolime</span> <span class='ocrx_word' id='word_1_101' title='bbox 1164 1604 1200 1669; x_wconf 89' lang='lat' dir='ltr'>in</span> <span class='ocrx_word' id='word_1_102' title='bbox 1221 1605 1344 1690; x_wconf 80' lang='lat' dir='ltr'>Anglie</span> <span class='ocrx_word' id='word_1_103' title='bbox 1356 1613 1467 1690; x_wconf 83' lang='lat' dir='ltr'>questos</span> 
     </span>
     <span class='ocr_line' id='line_1_13' title="bbox 384 1710 1467 1796; baseline -0.004 -20"><span class='ocrx_word' id='word_1_104' title='bbox 384 1711 448 1776; x_wconf 87' lang='lat' dir='ltr'>fuit</span> <span class='ocrx_word' id='word_1_105' title='bbox 470 1733 576 1776; x_wconf 80' lang='lat' dir='ltr'>coram</span> <span class='ocrx_word' id='word_1_106' title='bbox 598 1711 645 1776; x_wconf 90' lang='lat' dir='ltr'>eis</span> <span class='ocrx_word' id='word_1_107' title='bbox 666 1711 861 1777; x_wconf 78' lang='lat' dir='ltr'>auctoritate</span> <span class='ocrx_word' id='word_1_108' title='bbox 885 1711 1068 1776; x_wconf 85' lang='lat' dir='ltr'>litterarum</span> <span class='ocrx_word' id='word_1_109' title='bbox 1090 1710 1182 1775; x_wconf 89' lang='lat' dir='ltr'>Dom.</span> <span class='ocrx_word' id='word_1_110' title='bbox 1200 1711 1288 1796; x_wconf 85' lang='lat' dir='ltr'>Pepe</span> <span class='ocrx_word' id='word_1_111' title='bbox 1311 1711 1394 1796; x_wconf 89' lang='lat' dir='ltr'>quod</span> <span class='ocrx_word' id='word_1_112' title='bbox 1412 1731 1467 1794; x_wconf 85' lang='lat' dir='ltr'>pre·</span> 
     </span>
     <span class='ocr_line' id='line_1_14' title="bbox 383 1811 1466 1902; baseline -0.005 -21"><span class='ocrx_word' id='word_1_113' title='bbox 383 1816 491 1882; x_wconf 90' lang='lat' dir='ltr'>dictus</span> <span class='ocrx_word' id='word_1_114' title='bbox 499 1816 663 1881; x_wconf 81' lang='lat' dir='ltr'>Walterus</span> <span class='ocrx_word' id='word_1_115' title='bbox 677 1823 813 1881; x_wconf 79' lang='lat' dir='ltr'>uenerat</span> <span class='ocrx_word' id='word_1_116' title='bbox 828 1825 973 1902; x_wconf 85' lang='lat' dir='ltr'>tempore</span> <span class='ocrx_word' id='word_1_117' title='bbox 988 1816 1076 1902; x_wconf 82' lang='lat' dir='ltr'>penis</span> <span class='ocrx_word' id='word_1_118' title='bbox 1090 1815 1132 1880; x_wconf 83' lang='lat' dir='ltr'>ad</span> <span class='ocrx_word' id='word_1_119' title='bbox 1146 1815 1281 1880; x_wconf 90' lang='lat' dir='ltr'>domum</span> <span class='ocrx_word' id='word_1_120' title='bbox 1295 1837 1385 1880; x_wconf 79' lang='lat' dir='ltr'>susm</span> <span class='ocrx_word' id='word_1_121' title='bbox 1397 1811 1466 1900; x_wconf 87' lang='lat' dir='ltr'>spud</span> 
     </span>
     <span class='ocr_line' id='line_1_15' title="bbox 384 1917 1467 2007; baseline -0.005 -21"><span class='ocrx_word' id='word_1_122' title='bbox 384 1919 558 1986; x_wconf 84' lang='lat' dir='ltr'>Henestie&#39;</span> <span class='ocrx_word' id='word_1_123' title='bbox 572 1930 607 1986; x_wconf 89' lang='lat' dir='ltr'>et</span> <span class='ocrx_word' id='word_1_124' title='bbox 622 1920 669 1985; x_wconf 91' lang='lat' dir='ltr'>ibi</span> <span class='ocrx_word' id='word_1_125' title='bbox 683 1921 782 2007; x_wconf 84' lang='lat' dir='ltr'>fregit</span> <span class='ocrx_word' id='word_1_126' title='bbox 797 1929 924 2007; x_wconf 78' lang='lat' dir='ltr'>portem</span> <span class='ocrx_word' id='word_1_127' title='bbox 939 1943 1031 1986; x_wconf 84' lang='lat' dir='ltr'>suem</span> <span class='ocrx_word' id='word_1_128' title='bbox 1052 1929 1086 1986; x_wconf 86' lang='lat' dir='ltr'>et</span> <span class='ocrx_word' id='word_1_129' title='bbox 1107 1921 1221 1986; x_wconf 68' lang='lat' dir='ltr'>lintres</span> <span class='ocrx_word' id='word_1_130' title='bbox 1242 1943 1355 1986; x_wconf 92' lang='lat' dir='ltr'>eorum</span> <span class='ocrx_word' id='word_1_131' title='bbox 1375 1917 1467 1984; x_wconf 83' lang='lat' dir='ltr'>uerbe-</span> 
     </span>
     <span class='ocr_line' id='line_1_16' title="bbox 383 2021 1467 2109; baseline -0.006 -19"><span class='ocrx_word' id='word_1_132' title='bbox 383 2025 471 2090; x_wconf 80' lang='lat' dir='ltr'>rauit</span> <span class='ocrx_word' id='word_1_133' title='bbox 486 2034 519 2089; x_wconf 87' lang='lat' dir='ltr'>et</span> <span class='ocrx_word' id='word_1_134' title='bbox 534 2024 619 2088; x_wconf 87' lang='lat' dir='ltr'>mele</span> <span class='ocrx_word' id='word_1_135' title='bbox 634 2024 790 2089; x_wconf 78' lang='lat' dir='ltr'>tractauit</span> <span class='ocrx_word' id='word_1_136' title='bbox 805 2033 839 2088; x_wconf 91' lang='lat' dir='ltr'>et</span> <span class='ocrx_word' id='word_1_137' title='bbox 854 2023 972 2088; x_wconf 77' lang='lat' dir='ltr'>cotella</span> <span class='ocrx_word' id='word_1_138' title='bbox 991 2045 1050 2089; x_wconf 84' lang='lat' dir='ltr'>sue</span> <span class='ocrx_word' id='word_1_139' title='bbox 1068 2023 1250 2109; x_wconf 76' lang='lat' dir='ltr'>asporteuit</span> <span class='ocrx_word' id='word_1_140' title='bbox 1272 2023 1314 2088; x_wconf 90' lang='lat' dir='ltr'>de</span> <span class='ocrx_word' id='word_1_141' title='bbox 1336 2022 1388 2087; x_wconf 91' lang='lat' dir='ltr'>illo</span> <span class='ocrx_word' id='word_1_142' title='bbox 1407 2021 1467 2092; x_wconf 83' lang='lat' dir='ltr'>loco,</span> 
     </span>
     <span class='ocr_line' id='line_1_17' title="bbox 382 2123 1468 2204; baseline -0.007 -10"><span class='ocrx_word' id='word_1_143' title='bbox 382 2129 508 2194; x_wconf 90' lang='lat' dir='ltr'>desicut</span> <span class='ocrx_word' id='word_1_144' title='bbox 538 2128 625 2192; x_wconf 88' lang='lat' dir='ltr'>locus</span> <span class='ocrx_word' id='word_1_145' title='bbox 654 2127 845 2192; x_wconf 85' lang='lat' dir='ltr'>benedictus</span> <span class='ocrx_word' id='word_1_146' title='bbox 875 2135 924 2192; x_wconf 86' lang='lat' dir='ltr'>est</span> <span class='ocrx_word' id='word_1_147' title='bbox 953 2126 1038 2191; x_wconf 86' lang='lat' dir='ltr'>sicut</span> <span class='ocrx_word' id='word_1_148' title='bbox 1068 2126 1274 2204; x_wconf 82' lang='lat' dir='ltr'>cimiterium,</span> <span class='ocrx_word' id='word_1_149' title='bbox 1301 2134 1336 2192; x_wconf 92' lang='lat' dir='ltr'>et</span> <span class='ocrx_word' id='word_1_150' title='bbox 1362 2125 1400 2190; x_wconf 87' lang='lat' dir='ltr'>de</span> <span class='ocrx_word' id='word_1_151' title='bbox 1424 2123 1468 2186; x_wconf 79' lang='lat' dir='ltr'>itu</span> 
     </span>
     <span class='ocr_line' id='line_1_18' title="bbox 382 2229 1467 2318; baseline -0.007 -20"><span class='ocrx_word' id='word_1_152' title='bbox 382 2232 542 2298; x_wconf 85' lang='lat' dir='ltr'>uiolencie</span> <span class='ocrx_word' id='word_1_153' title='bbox 556 2229 660 2318; x_wconf 80' lang='lat' dir='ltr'>plac&#39;&#39;,</span> <span class='ocrx_word' id='word_1_154' title='bbox 676 2231 725 2296; x_wconf 83' lang='lat' dir='ltr'>ite</span> <span class='ocrx_word' id='word_1_155' title='bbox 738 2231 826 2318; x_wconf 92' lang='lat' dir='ltr'>quod</span> <span class='ocrx_word' id='word_1_156' title='bbox 842 2231 1004 2296; x_wconf 76' lang='lat' dir='ltr'>Wolterus</span> <span class='ocrx_word' id='word_1_157' title='bbox 1019 2231 1113 2296; x_wconf 87' lang='lat' dir='ltr'>uenit</span> <span class='ocrx_word' id='word_1_158' title='bbox 1127 2253 1233 2296; x_wconf 84' lang='lat' dir='ltr'>eorem</span> <span class='ocrx_word' id='word_1_159' title='bbox 1254 2231 1303 2296; x_wconf 90' lang='lat' dir='ltr'>eis</span> <span class='ocrx_word' id='word_1_160' title='bbox 1323 2239 1356 2296; x_wconf 89' lang='lat' dir='ltr'>et</span> <span class='ocrx_word' id='word_1_161' title='bbox 1373 2237 1467 2315; x_wconf 81' lang='lat' dir='ltr'>sponte</span> 
     </span>
     <span class='ocr_line' id='line_1_19' title="bbox 382 2334 1468 2422; baseline -0.006 -22"><span class='ocrx_word' id='word_1_162' title='bbox 382 2337 520 2402; x_wconf 86' lang='lat' dir='ltr'>intrauit</span> <span class='ocrx_word' id='word_1_163' title='bbox 544 2337 581 2402; x_wconf 92' lang='lat' dir='ltr'>in</span> <span class='ocrx_word' id='word_1_164' title='bbox 604 2359 803 2422; x_wconf 89' lang='lat' dir='ltr'>responsum,</span> <span class='ocrx_word' id='word_1_165' title='bbox 828 2345 863 2402; x_wconf 88' lang='lat' dir='ltr'>et</span> <span class='ocrx_word' id='word_1_166' title='bbox 889 2336 1022 2401; x_wconf 78' lang='lat' dir='ltr'>tandem</span> <span class='ocrx_word' id='word_1_167' title='bbox 1047 2334 1277 2400; x_wconf 79' lang='lat' dir='ltr'>attestaciones</span> <span class='ocrx_word' id='word_1_168' title='bbox 1303 2334 1468 2421; x_wconf 78' lang='lat' dir='ltr'>pupplicetc</span> 
     </span>
     <span class='ocr_line' id='line_1_20' title="bbox 382 2437 1469 2527; baseline -0.005 -23"><span class='ocrx_word' id='word_1_169' title='bbox 382 2441 517 2506; x_wconf 84' lang='lat' dir='ltr'>fuerunt</span> <span class='ocrx_word' id='word_1_170' title='bbox 538 2450 573 2506; x_wconf 89' lang='lat' dir='ltr'>et</span> <span class='ocrx_word' id='word_1_171' title='bbox 595 2441 753 2527; x_wconf 82' lang='lat' dir='ltr'>placitum</span> <span class='ocrx_word' id='word_1_172' title='bbox 775 2440 907 2506; x_wconf 90' lang='lat' dir='ltr'>finitum</span> <span class='ocrx_word' id='word_1_173' title='bbox 930 2440 994 2505; x_wconf 83' lang='lat' dir='ltr'>llrit</span> <span class='ocrx_word' id='word_1_174' title='bbox 1015 2440 1203 2526; x_wconf 79' lang='lat' dir='ltr'>priusquam</span> <span class='ocrx_word' id='word_1_175' title='bbox 1224 2461 1379 2525; x_wconf 77' lang='lat' dir='ltr'>umquem</span> <span class='ocrx_word' id='word_1_176' title='bbox 1398 2437 1469 2501; x_wconf 86' lang='lat' dir='ltr'>idem</span> 
     </span>
     <span class='ocr_line' id='line_1_21' title="bbox 382 2540 1469 2633; baseline -0.005 -24"><span class='ocrx_word' id='word_1_177' title='bbox 382 2546 547 2612; x_wconf 78' lang='lat' dir='ltr'>walterus</span> <span class='ocrx_word' id='word_1_178' title='bbox 562 2546 690 2612; x_wconf 84' lang='lat' dir='ltr'>tulisset</span> <span class='ocrx_word' id='word_1_179' title='bbox 704 2545 967 2633; x_wconf 79' lang='lat' dir='ltr'>prohibicionem,</span> <span class='ocrx_word' id='word_1_180' title='bbox 976 2556 1026 2611; x_wconf 88' lang='lat' dir='ltr'>set</span> <span class='ocrx_word' id='word_1_181' title='bbox 1035 2546 1113 2632; x_wconf 84' lang='lat' dir='ltr'>quie</span> <span class='ocrx_word' id='word_1_182' title='bbox 1123 2545 1209 2611; x_wconf 92' lang='lat' dir='ltr'>uidit</span> <span class='ocrx_word' id='word_1_183' title='bbox 1223 2544 1312 2630; x_wconf 90' lang='lat' dir='ltr'>quod</span> <span class='ocrx_word' id='word_1_184' title='bbox 1326 2540 1469 2609; x_wconf 73' lang='lat' dir='ltr'>sentencia</span> 
     </span>
     <span class='ocr_line' id='line_1_22' title="bbox 380 2645 1468 2736; baseline -0.005 -23"><span class='ocrx_word' id='word_1_185' title='bbox 380 2649 489 2734; x_wconf 91' lang='lat' dir='ltr'>ipsum</span> <span class='ocrx_word' id='word_1_186' title='bbox 503 2659 664 2736; x_wconf 78' lang='lat' dir='ltr'>grauaret,</span> <span class='ocrx_word' id='word_1_187' title='bbox 675 2648 749 2715; x_wconf 88' lang='lat' dir='ltr'>ideo</span> <span class='ocrx_word' id='word_1_188' title='bbox 763 2650 841 2715; x_wconf 83' lang='lat' dir='ltr'>fecit</span> <span class='ocrx_word' id='word_1_189' title='bbox 855 2650 896 2715; x_wconf 90' lang='lat' dir='ltr'>de</span> <span class='ocrx_word' id='word_1_190' title='bbox 911 2651 958 2715; x_wconf 88' lang='lat' dir='ltr'>eis</span> <span class='ocrx_word' id='word_1_191' title='bbox 972 2650 1144 2735; x_wconf 82' lang='lat' dir='ltr'>querelam.</span> <span class='ocrx_word' id='word_1_192' title='bbox 1189 2650 1234 2714; x_wconf 88' lang='lat' dir='ltr'>Et</span> <span class='ocrx_word' id='word_1_193' title='bbox 1249 2649 1408 2713; x_wconf 80' lang='lat' dir='ltr'>Wnltems</span> <span class='ocrx_word' id='word_1_194' title='bbox 1420 2645 1468 2709; x_wconf 83' lang='lat' dir='ltr'>hoc</span> 
     </span>
     <span class='ocr_line' id='line_1_23' title="bbox 380 2754 1468 2841; baseline -0.006 -24"><span class='ocrx_word' id='word_1_195' title='bbox 380 2760 488 2818; x_wconf 89' lang='lat' dir='ltr'>totum</span> <span class='ocrx_word' id='word_1_196' title='bbox 517 2756 689 2841; x_wconf 84' lang='lat' dir='ltr'>cognoscit,</span> <span class='ocrx_word' id='word_1_197' title='bbox 717 2762 754 2819; x_wconf 90' lang='lat' dir='ltr'>et</span> <span class='ocrx_word' id='word_1_198' title='bbox 781 2754 864 2820; x_wconf 91' lang='lat' dir='ltr'>dicit</span> <span class='ocrx_word' id='word_1_199' title='bbox 892 2754 979 2840; x_wconf 85' lang='lat' dir='ltr'>quod</span> <span class='ocrx_word' id='word_1_200' title='bbox 1009 2761 1230 2840; x_wconf 80' lang='lat' dir='ltr'>apposuerunt</span> <span class='ocrx_word' id='word_1_201' title='bbox 1266 2754 1412 2819; x_wconf 83' lang='lat' dir='ltr'>felonism</span> <span class='ocrx_word' id='word_1_202' title='bbox 1441 2765 1468 2813; x_wconf 83' lang='lat' dir='ltr'>et</span> 
     </span>
     <span class='ocr_line' id='line_1_24' title="bbox 379 2856 1469 2944; baseline -0.004 -23"><span class='ocrx_word' id='word_1_203' title='bbox 379 2856 547 2935; x_wconf 78' lang='lat' dir='ltr'>roberiem,</span> <span class='ocrx_word' id='word_1_204' title='bbox 571 2865 606 2923; x_wconf 87' lang='lat' dir='ltr'>et</span> <span class='ocrx_word' id='word_1_205' title='bbox 631 2858 719 2944; x_wconf 89' lang='lat' dir='ltr'>quod</span> <span class='ocrx_word' id='word_1_206' title='bbox 741 2857 907 2923; x_wconf 80' lang='lat' dir='ltr'>Walterus</span> <span class='ocrx_word' id='word_1_207' title='bbox 930 2858 1045 2923; x_wconf 87' lang='lat' dir='ltr'>debuit</span> <span class='ocrx_word' id='word_1_208' title='bbox 1069 2858 1197 2923; x_wconf 85' lang='lat' dir='ltr'>uenisse</span> <span class='ocrx_word' id='word_1_209' title='bbox 1225 2880 1302 2923; x_wconf 88' lang='lat' dir='ltr'>cum</span> <span class='ocrx_word' id='word_1_210' title='bbox 1332 2856 1417 2943; x_wconf 90' lang='lat' dir='ltr'>equis</span> <span class='ocrx_word' id='word_1_211' title='bbox 1441 2863 1469 2918; x_wconf 83' lang='lat' dir='ltr'>et</span> 
     </span>
     <span class='ocr_line' id='line_1_25' title="bbox 378 2960 1468 3027; baseline -0.006 0"><span class='ocrx_word' id='word_1_212' title='bbox 378 2962 477 3027; x_wconf 84' lang='lat' dir='ltr'>ermis</span> <span class='ocrx_word' id='word_1_213' title='bbox 491 2962 533 3027; x_wconf 84' lang='lat' dir='ltr'>ed</span> <span class='ocrx_word' id='word_1_214' title='bbox 547 2962 679 3027; x_wconf 89' lang='lat' dir='ltr'>domum</span> <span class='ocrx_word' id='word_1_215' title='bbox 694 2960 784 3027; x_wconf 79' lang='lat' dir='ltr'>illem</span> <span class='ocrx_word' id='word_1_216' title='bbox 800 2970 859 3026; x_wconf 89' lang='lat' dir='ltr'>etc.</span> <span class='ocrx_word' id='word_1_217' title='bbox 906 2962 950 3025; x_wconf 88' lang='lat' dir='ltr'>Et</span> <span class='ocrx_word' id='word_1_218' title='bbox 964 2961 1021 3025; x_wconf 88' lang='lat' dir='ltr'>alii</span> <span class='ocrx_word' id='word_1_219' title='bbox 1040 2961 1101 3027; x_wconf 93' lang='lat' dir='ltr'>hoc</span> <span class='ocrx_word' id='word_1_220' title='bbox 1118 2961 1300 3027; x_wconf 87' lang='lat' dir='ltr'>defendunt</span> <span class='ocrx_word' id='word_1_221' title='bbox 1317 2970 1350 3027; x_wconf 89' lang='lat' dir='ltr'>et</span> <span class='ocrx_word' id='word_1_222' title='bbox 1370 2960 1468 3025; x_wconf 85' lang='lat' dir='ltr'>dicunt</span> 
     </span>
     <span class='ocr_line' id='line_1_26' title="bbox 379 3062 1467 3152; baseline -0.003 -23"><span class='ocrx_word' id='word_1_223' title='bbox 379 3066 465 3151; x_wconf 91' lang='lat' dir='ltr'>quod</span> <span class='ocrx_word' id='word_1_224' title='bbox 479 3088 646 3152; x_wconf 77' lang='lat' dir='ltr'>nunquam</span> <span class='ocrx_word' id='word_1_225' title='bbox 660 3076 881 3152; x_wconf 81' lang='lat' dir='ltr'>opposuerunt</span> <span class='ocrx_word' id='word_1_226' title='bbox 895 3066 1046 3131; x_wconf 83' lang='lat' dir='ltr'>feloniem</span> <span class='ocrx_word' id='word_1_227' title='bbox 1061 3088 1121 3131; x_wconf 90' lang='lat' dir='ltr'>nec</span> <span class='ocrx_word' id='word_1_228' title='bbox 1132 3066 1320 3131; x_wconf 88' lang='lat' dir='ltr'>huiusmodi</span> <span class='ocrx_word' id='word_1_229' title='bbox 1330 3066 1422 3131; x_wconf 91' lang='lat' dir='ltr'>immo</span> <span class='ocrx_word' id='word_1_230' title='bbox 1435 3062 1467 3126; x_wconf 87' lang='lat' dir='ltr'>de</span> 
     </span>
     <span class='ocr_line' id='line_1_27' title="bbox 378 3170 1467 3257; baseline -0.004 -22"><span class='ocrx_word' id='word_1_231' title='bbox 378 3170 537 3235; x_wconf 80' lang='lat' dir='ltr'>uiolencie</span> <span class='ocrx_word' id='word_1_232' title='bbox 550 3171 609 3235; x_wconf 82' lang='lat' dir='ltr'>ille</span> <span class='ocrx_word' id='word_1_233' title='bbox 622 3178 682 3237; x_wconf 78' lang='lat' dir='ltr'>ete</span> <span class='ocrx_word' id='word_1_234' title='bbox 697 3171 785 3235; x_wconf 89' lang='lat' dir='ltr'>unde</span> <span class='ocrx_word' id='word_1_235' title='bbox 800 3170 887 3237; x_wconf 87' lang='lat' dir='ltr'>idem</span> <span class='ocrx_word' id='word_1_236' title='bbox 907 3170 999 3237; x_wconf 91' lang='lat' dir='ltr'>Prior</span> <span class='ocrx_word' id='word_1_237' title='bbox 1017 3172 1168 3257; x_wconf 81' lang='lat' dir='ltr'>probauit</span> <span class='ocrx_word' id='word_1_238' title='bbox 1189 3172 1366 3257; x_wconf 78' lang='lat' dir='ltr'>dompnum</span> <span class='ocrx_word' id='word_1_239' title='bbox 1385 3190 1467 3235; x_wconf 82' lang='lat' dir='ltr'>suum</span> 
     </span>
     <span class='ocr_line' id='line_1_28' title="bbox 377 3272 1468 3365; baseline -0.001 -26"><span class='ocrx_word' id='word_1_240' title='bbox 377 3274 420 3339; x_wconf 79' lang='lat' dir='ltr'>ed</span> <span class='ocrx_word' id='word_1_241' title='bbox 434 3272 614 3340; x_wconf 79' lang='lat' dir='ltr'>uelenciam</span> <span class='ocrx_word' id='word_1_242' title='bbox 630 3274 670 3339; x_wconf 84' lang='lat' dir='ltr'>lx.</span> <span class='ocrx_word' id='word_1_243' title='bbox 687 3274 756 3339; x_wconf 86' lang='lat' dir='ltr'>libr.</span> <span class='ocrx_word' id='word_1_244' title='bbox 773 3283 834 3341; x_wconf 86' lang='lat' dir='ltr'>etc.</span> <span class='ocrx_word' id='word_1_245' title='bbox 880 3276 923 3341; x_wconf 88' lang='lat' dir='ltr'>Et</span> <span class='ocrx_word' id='word_1_246' title='bbox 938 3277 1016 3362; x_wconf 75' lang='lat' dir='ltr'>quie</span> <span class='ocrx_word' id='word_1_247' title='bbox 1030 3276 1193 3344; x_wconf 80' lang='lat' dir='ltr'>Wolterus</span> <span class='ocrx_word' id='word_1_248' title='bbox 1214 3278 1374 3365; x_wconf 84' lang='lat' dir='ltr'>cognoscit</span> <span class='ocrx_word' id='word_1_249' title='bbox 1393 3272 1468 3361; x_wconf 89' lang='lat' dir='ltr'>quod</span> 
     </span>
     <span class='ocr_line' id='line_1_29' title="bbox 378 3378 1466 3464; baseline -0.001 -22"><span class='ocrx_word' id='word_1_250' title='bbox 378 3379 419 3442; x_wconf 91' lang='lat' dir='ltr'>de</span> <span class='ocrx_word' id='word_1_251' title='bbox 433 3378 491 3443; x_wconf 83' lang='lat' dir='ltr'>ille</span> <span class='ocrx_word' id='word_1_252' title='bbox 504 3378 663 3443; x_wconf 80' lang='lat' dir='ltr'>uiolencia</span> <span class='ocrx_word' id='word_1_253' title='bbox 676 3378 762 3443; x_wconf 87' lang='lat' dir='ltr'>sicut</span> <span class='ocrx_word' id='word_1_254' title='bbox 776 3378 839 3464; x_wconf 89' lang='lat' dir='ltr'>ipsi</span> <span class='ocrx_word' id='word_1_255' title='bbox 854 3379 968 3444; x_wconf 90' lang='lat' dir='ltr'>dicunt</span> <span class='ocrx_word' id='word_1_256' title='bbox 983 3389 1106 3447; x_wconf 77' lang='lat' dir='ltr'>tructus</span> <span class='ocrx_word' id='word_1_257' title='bbox 1121 3382 1184 3447; x_wconf 86' lang='lat' dir='ltr'>fuit</span> <span class='ocrx_word' id='word_1_258' title='bbox 1203 3382 1238 3447; x_wconf 91' lang='lat' dir='ltr'>in</span> <span class='ocrx_word' id='word_1_259' title='bbox 1258 3405 1391 3457; x_wconf 79' lang='lat' dir='ltr'>censam,</span> <span class='ocrx_word' id='word_1_260' title='bbox 1404 3402 1466 3443; x_wconf 89' lang='lat' dir='ltr'>oon·</span> 
     </span>
     <span class='ocr_line' id='line_1_30' title="bbox 377 3480 1468 3568; baseline -0.001 -23"><span class='ocrx_word' id='word_1_261' title='bbox 377 3480 556 3545; x_wconf 83' lang='lat' dir='ltr'>sideretum</span> <span class='ocrx_word' id='word_1_262' title='bbox 570 3490 620 3547; x_wconf 84' lang='lat' dir='ltr'>est</span> <span class='ocrx_word' id='word_1_263' title='bbox 634 3480 722 3567; x_wconf 91' lang='lat' dir='ltr'>quod</span> <span class='ocrx_word' id='word_1_264' title='bbox 735 3480 859 3547; x_wconf 82' lang='lat' dir='ltr'>iudices</span> <span class='ocrx_word' id='word_1_265' title='bbox 873 3482 949 3547; x_wconf 88' lang='lat' dir='ltr'>inde</span> <span class='ocrx_word' id='word_1_266' title='bbox 964 3483 1068 3568; x_wconf 88' lang='lat' dir='ltr'>quieti</span> <span class='ocrx_word' id='word_1_267' title='bbox 1083 3492 1118 3549; x_wconf 87' lang='lat' dir='ltr'>et</span> <span class='ocrx_word' id='word_1_268' title='bbox 1132 3484 1298 3549; x_wconf 82' lang='lat' dir='ltr'>Walterus</span> <span class='ocrx_word' id='word_1_269' title='bbox 1312 3484 1344 3549; x_wconf 89' lang='lat' dir='ltr'>in</span> <span class='ocrx_word' id='word_1_270' title='bbox 1359 3480 1468 3548; x_wconf 84' lang='lat' dir='ltr'>miseri-</span> 
     </span>
     <span class='ocr_line' id='line_1_31' title="bbox 377 3583 560 3649; baseline 0.011 -2"><span class='ocrx_word' id='word_1_271' title='bbox 377 3583 486 3647; x_wconf 80' lang='lat' dir='ltr'>cordie</span> <span class='ocrx_word' id='word_1_272' title='bbox 500 3592 560 3649; x_wconf 79' lang='lat' dir='ltr'>otc</span> 
     </span>
     <span class='ocr_line' id='line_1_32' title="bbox 246 3680 1463 3777; baseline 0.001 -25"><span class='ocrx_word' id='word_1_273' title='bbox 246 3710 338 3773; x_wconf 45' lang='lat'>1600·</span> <span class='ocrx_word' id='word_1_274' title='bbox 441 3688 559 3753; x_wconf 81' lang='lat' dir='ltr'>‘Lucia</span> <span class='ocrx_word' id='word_1_275' title='bbox 573 3712 637 3775; x_wconf 93' lang='lat' dir='ltr'>que</span> <span class='ocrx_word' id='word_1_276' title='bbox 652 3689 715 3752; x_wconf 86' lang='lat' dir='ltr'>fnit</span> <span class='ocrx_word' id='word_1_277' title='bbox 729 3711 812 3754; x_wconf 84' lang='lat' dir='ltr'>uxor</span> <span class='ocrx_word' id='word_1_278' title='bbox 826 3689 961 3754; x_wconf 86' lang='lat' dir='ltr'>Henrici</span> <span class='ocrx_word' id='word_1_279' title='bbox 972 3690 1013 3754; x_wconf 89' lang='lat' dir='ltr'>de</span> <span class='ocrx_word' id='word_1_280' title='bbox 1024 3690 1057 3754; x_wconf 83' lang='lat' dir='ltr'>le</span> <span class='ocrx_word' id='word_1_281' title='bbox 1069 3691 1146 3756; x_wconf 89' lang='lat' dir='ltr'>Sere</span> <span class='ocrx_word' id='word_1_282' title='bbox 1157 3690 1302 3777; x_wconf 78' lang='lat' dir='ltr'>appellat</span> <span class='ocrx_word' id='word_1_283' title='bbox 1313 3680 1463 3757; x_wconf 76' lang='lat' dir='ltr'>(lolinum&#39;</span> 
     </span>
     <span class='ocr_line' id='line_1_33' title="bbox 254 3790 1465 3881; baseline -0.001 -26"><span class='ocrx_word' id='word_1_284' title='bbox 254 3809 321 3848; x_wconf 68' lang='lat' dir='ltr'>fluet</span> <span class='ocrx_word' id='word_1_285' title='bbox 376 3791 417 3855; x_wconf 91' lang='lat' dir='ltr'>de</span> <span class='ocrx_word' id='word_1_286' title='bbox 432 3790 465 3855; x_wconf 83' lang='lat' dir='ltr'>le</span> <span class='ocrx_word' id='word_1_287' title='bbox 479 3790 588 3857; x_wconf 88' lang='lat' dir='ltr'>Penne</span> <span class='ocrx_word' id='word_1_288' title='bbox 603 3792 690 3877; x_wconf 90' lang='lat' dir='ltr'>quod</span> <span class='ocrx_word' id='word_1_289' title='bbox 705 3791 790 3857; x_wconf 64' lang='lat' dir='ltr'>sicum</span> <span class='ocrx_word' id='word_1_290' title='bbox 807 3791 969 3857; x_wconf 86' lang='lat' dir='ltr'>Heurious</span> <span class='ocrx_word' id='word_1_291' title='bbox 985 3792 1036 3857; x_wconf 90' lang='lat' dir='ltr'>uir</span> <span class='ocrx_word' id='word_1_292' title='bbox 1050 3816 1127 3859; x_wconf 89' lang='lat' dir='ltr'>suus</span> <span class='ocrx_word' id='word_1_293' title='bbox 1147 3794 1211 3859; x_wconf 89' lang='lat' dir='ltr'>iuit</span> <span class='ocrx_word' id='word_1_294' title='bbox 1230 3794 1265 3859; x_wconf 92' lang='lat' dir='ltr'>in</span> <span class='ocrx_word' id='word_1_295' title='bbox 1287 3816 1362 3881; x_wconf 81' lang='lat' dir='ltr'>poce</span> <span class='ocrx_word' id='word_1_296' title='bbox 1382 3794 1465 3857; x_wconf 88' lang='lat' dir='ltr'>Dom</span> 
     </span>
    </p>
   </div>
   <div class='ocr_carea' id='block_1_3' title="bbox 375 3893 1465 4087">
    <p class='ocr_par' dir='ltr' id='par_1_3' title="bbox 375 3890 1528 4087">
     <span class='ocr_line' id='line_1_34' title="bbox 375 3893 1465 3983; baseline -0.001 -23"><span class='ocrx_word' id='word_1_297' title='bbox 375 3895 476 3981; x_wconf 83' lang='lat' dir='ltr'>Regis</span> <span class='ocrx_word' id='word_1_298' title='bbox 490 3894 524 3959; x_wconf 91' lang='lat' dir='ltr'>in</span> <span class='ocrx_word' id='word_1_299' title='bbox 539 3918 652 3980; x_wconf 79' lang='lat' dir='ltr'>compo</span> <span class='ocrx_word' id='word_1_300' title='bbox 666 3894 707 3959; x_wconf 89' lang='lat' dir='ltr'>de</span> <span class='ocrx_word' id='word_1_301' title='bbox 723 3893 970 3961; x_wconf 80' lang='lat' dir='ltr'>Benekefeldie⁶</span> <span class='ocrx_word' id='word_1_302' title='bbox 984 3895 1026 3960; x_wconf 83' lang='lat' dir='ltr'>ad</span> <span class='ocrx_word' id='word_1_303' title='bbox 1041 3896 1242 3982; x_wconf 88' lang='lat' dir='ltr'>querendum</span> <span class='ocrx_word' id='word_1_304' title='bbox 1254 3919 1370 3983; x_wconf 91' lang='lat' dir='ltr'>equum</span> <span class='ocrx_word' id='word_1_305' title='bbox 1379 3916 1465 3959; x_wconf 89' lang='lat' dir='ltr'>suum</span> 
     </span>
     <span class='ocr_line' id='line_1_35' title="bbox 375 3998 1465 4087; baseline -0.002 -24"><span class='ocrx_word' id='word_1_306' title='bbox 375 3999 435 4063; x_wconf 82' lang='lat' dir='ltr'>teli</span> <span class='ocrx_word' id='word_1_307' title='bbox 449 3998 502 4063; x_wconf 88' lang='lat' dir='ltr'>die</span> <span class='ocrx_word' id='word_1_308' title='bbox 516 4006 576 4063; x_wconf 79' lang='lat' dir='ltr'>etc</span> <span class='ocrx_word' id='word_1_309' title='bbox 593 3998 677 4063; x_wconf 84' lang='lat' dir='ltr'>circe</span> <span class='ocrx_word' id='word_1_310' title='bbox 690 3998 832 4065; x_wconf 74' lang='lat' dir='ltr'>medium</span> <span class='ocrx_word' id='word_1_311' title='bbox 847 4008 984 4078; x_wconf 90' lang='lat' dir='ltr'>noctem,</span> <span class='ocrx_word' id='word_1_312' title='bbox 1000 4000 1092 4065; x_wconf 88' lang='lat' dir='ltr'>uenit</span> <span class='ocrx_word' id='word_1_313' title='bbox 1107 4001 1272 4087; x_wconf 88' lang='lat' dir='ltr'>predictus</span> <span class='ocrx_word' id='word_1_314' title='bbox 1293 4000 1418 4069; x_wconf 85' lang='lat' dir='ltr'>Colinus</span> <span class='ocrx_word' id='word_1_315' title='bbox 1435 4006 1465 4062; x_wconf 87' lang='lat' dir='ltr'>et</span> 
     </span>
    </p>
   </div>
   <div class='ocr_carea' id='block_1_4' title="bbox 371 4148 1464 4477">
    <p class='ocr_par' dir='ltr' id='par_1_4' title="bbox 371 4148 1527 4477">
     <span class='ocr_line' id='line_1_36' title="bbox 392 4148 1464 4229; baseline -0.005 -28"><span class='ocrx_word' id='word_1_316' title='bbox 392 4150 462 4229; x_wconf 37' lang='lat' dir='ltr'><strong>¹¹¹B.</strong></span> <span class='ocrx_word' id='word_1_317' title='bbox 481 4152 575 4201; x_wconf 85' lang='lat' dir='ltr'>m.18.</span> <span class='ocrx_word' id='word_1_318' title='bbox 609 4150 674 4201; x_wconf 75' lang='lat' dir='ltr'>This</span> <span class='ocrx_word' id='word_1_319' title='bbox 690 4150 714 4201; x_wconf 83' lang='lat' dir='ltr'>is</span> <span class='ocrx_word' id='word_1_320' title='bbox 729 4150 797 4201; x_wconf 72' lang='lat' dir='ltr'>sic.</span> <span class='ocrx_word' id='word_1_321' title='bbox 811 4152 900 4203; x_wconf 79' lang='lat' dir='ltr'>Proti-</span> <span class='ocrx_word' id='word_1_322' title='bbox 984 4148 1094 4201; x_wconf 71' lang='lat' dir='ltr'>⁸tenent</span> <span class='ocrx_word' id='word_1_323' title='bbox 1113 4152 1246 4215; x_wconf 71' lang='lat' dir='ltr'>placitum,</span> <span class='ocrx_word' id='word_1_324' title='bbox 1265 4152 1296 4203; x_wconf 87' lang='lat' dir='ltr'>B.</span> <span class='ocrx_word' id='word_1_325' title='bbox 1328 4151 1370 4202; x_wconf 61' lang='grc' dir='ltr'>ΒΞ</span> <span class='ocrx_word' id='word_1_326' title='bbox 1383 4150 1428 4200; x_wconf 83' lang='lat' dir='ltr'>Br.</span> <span class='ocrx_word' id='word_1_327' title='bbox 1448 4148 1464 4197; x_wconf 89' lang='lat' dir='ltr'>l.</span> 
     </span>
     <span class='ocr_line' id='line_1_37' title="bbox 373 4218 1145 4345; baseline 0 -14"><span class='ocrx_word' id='word_1_328' title='bbox 373 4218 575 4344; x_wconf 45' lang='lat' dir='ltr'>cucumam,</span> <span class='ocrx_word' id='word_1_329' title='bbox 589 4281 620 4331; x_wconf 81' lang='lat' dir='ltr'>B.</span> <span class='ocrx_word' id='word_1_330' title='bbox 653 4280 736 4332; x_wconf 77' lang='lat' dir='ltr'>There</span> <span class='ocrx_word' id='word_1_331' title='bbox 747 4296 827 4333; x_wconf 74' lang='lat' dir='ltr'>waso</span> <span class='ocrx_word' id='word_1_332' title='bbox 843 4296 897 4345; x_wconf 83' lang='lat' dir='ltr'>pre·</span> <span class='ocrx_word' id='word_1_333' title='bbox 951 4218 1040 4333; x_wconf 54' lang='grc' dir='ltr'>40ΞἸΞ.</span> <span class='ocrx_word' id='word_1_334' title='bbox 1055 4296 1089 4332; x_wconf 87' lang='lat' dir='ltr'>m.</span> <span class='ocrx_word' id='word_1_335' title='bbox 1105 4282 1145 4331; x_wconf 87' lang='grc'>16.</span> 
     </span>
     <span class='ocr_line' id='line_1_38' title="bbox 371 4344 1213 4423; baseline 0.001 -27"><span class='ocrx_word' id='word_1_336' title='bbox 371 4350 476 4409; x_wconf 79' lang='lat' dir='ltr'>ceptory</span> <span class='ocrx_word' id='word_1_337' title='bbox 492 4351 521 4396; x_wconf 76' lang='lat' dir='ltr'>nt</span> <span class='ocrx_word' id='word_1_338' title='bbox 536 4347 633 4423; x_wconf 49' lang='lat' dir='ltr'>Anates</span> <span class='ocrx_word' id='word_1_339' title='bbox 651 4346 679 4395; x_wconf 91' lang='lat' dir='ltr'>in</span> <span class='ocrx_word' id='word_1_340' title='bbox 690 4346 775 4409; x_wconf 87' lang='lat' dir='ltr'>Wilts,</span> <span class='ocrx_word' id='word_1_341' title='bbox 789 4348 900 4399; x_wconf 74' lang='lat' dir='ltr'>another</span> <span class='ocrx_word' id='word_1_342' title='bbox 983 4344 994 4377; x_wconf 78' lang='lat'>⁵</span> <span class='ocrx_word' id='word_1_343' title='bbox 1010 4348 1168 4407; x_wconf 78' lang='lat' dir='ltr'>Nicholuum,</span> <span class='ocrx_word' id='word_1_344' title='bbox 1182 4348 1213 4397; x_wconf 92' lang='lat' dir='ltr'>B.</span> 
     </span>
     <span class='ocr_line' id='line_1_39' title="bbox 371 4410 1222 4477; baseline -0.001 -15"><span class='ocrx_word' id='word_1_345' title='bbox 371 4420 399 4462; x_wconf 82' lang='lat' dir='ltr'>et</span> <span class='ocrx_word' id='word_1_346' title='bbox 410 4413 544 4475; x_wconf 77' lang='lat' dir='ltr'>Hnmpton</span> <span class='ocrx_word' id='word_1_347' title='bbox 556 4427 584 4462; x_wconf 89' lang='lat' dir='ltr'>m</span> <span class='ocrx_word' id='word_1_348' title='bbox 596 4412 745 4462; x_wconf 82' lang='lat' dir='ltr'>Mrddlesex.</span> <span class='ocrx_word' id='word_1_349' title='bbox 982 4410 992 4443; x_wconf 77' lang='lat'>⁸</span> <span class='ocrx_word' id='word_1_350' title='bbox 1008 4412 1176 4477; x_wconf 77' lang='lat' dir='ltr'>Belencsclcl’,</span> <span class='ocrx_word' id='word_1_351' title='bbox 1190 4413 1222 4462; x_wconf 87' lang='lat' dir='ltr'>B.</span> 
     </span>
    </p>
   </div>
   <div class='ocr_carea' id='block_1_5' title="bbox 0 0 1588 5075">
    <p class='ocr_par' dir='ltr' id='par_1_5' title="bbox 0 0 1588 5075">
     <span class='ocr_line' id='line_1_40' title="bbox 0 0 1588 5075; baseline 0 1"><span class='ocrx_word' id='word_1_352' title='bbox 0 0 1588 5075; x_wconf 95' lang='lat' dir='ltr'> </span> 
     </span>
    </p>
   </div>
  </div>
 </body>
</html>
