3167 5075
352 394 417 457 398
439 409 441 412 ·
658 404 809 465 nuum,
831 401 895 451 nn.
922 388 1015 465 1220,
1036 402 1100 450 nn
1126 390 1155 449 4.

350 588 487 644 uentum
502 577 602 643 estin
617 576 722 642 tribus
736 575 856 641 rotulis
872 574 959 661 quod
978 575 1048 640 dies
1067 575 1131 639 fuit
1151 573 1228 639 tulis
1249 582 1319 651 ete,
1335 573 1436 638 dietum

349 692 400 747 eet
415 679 604 746 essoniatori
618 678 705 765 quod
719 679 764 743 sit
779 678 821 743 nd
836 677 923 742 diem
938 677 1032 742 illum
1048 677 1119 744 ete¹

216 795 309 859 1456,
413 784 593 849 'Henricus
613 783 654 849 de
676 782 845 847 Londonie
864 781 1012 868 queritur
1032 782 1118 868 quod
1136 782 1222 847 sicut
1242 781 1307 847 fuit
1326 781 1359 845 in
1376 802 1438 867 paee
1528 804 1529 809 ¹

232 898 292 937 Μ
348 889 443 954 Dum.
455 887 555 975 Regis
569 909 643 951 eum
658 885 859 950 mereendise
873 908 932 950 sue
943 886 1040 949 simul
1056 908 1129 951 eum
1146 886 1244 951 fmtre
1259 908 1319 950 sun
1330 884 1438 957 dambe,

348 993 442 1059 uenit
456 993 479 1057 J
480 992 623 1057 ohannes
636 990 678 1055 de
694 990 839 1055 Gemonn
853 998 888 1054 et
903 1011 979 1054 eum
993 990 1168 1055 assultauit
1183 998 1218 1054 et
1233 1011 1310 1053 eum
1325 989 1359 1053 in
1376 1008 1438 1073 paee
1528 1006 1529 1009 ’

348 1098 441 1163 Dum.
454 1097 554 1185 Regis
568 1097 756 1162 uulnerauit
771 1096 807 1160 in
821 1096 901 1160 uilla
915 1096 957 1160 de
973 1096 1116 1159 Gertona
1130 1103 1165 1159 et
1180 1095 1212 1159 ei
1226 1094 1384 1160 mbernuit
1395 1114 1438 1159 nex

348 1224 471 1265 marene
485 1210 520 1265 et
534 1201 575 1267 in
592 1199 647 1265 sul.
663 1201 698 1264 in
712 1199 855 1264 denariis
869 1206 904 1264 et
919 1222 1021 1263 unum
1037 1222 1159 1285 equum
1177 1198 1209 1263 ei
1229 1198 1346 1264 occidit
1359 1196 1439 1284 precii
1528 1244 1529 1250 κ

348 1305 445 1391 xxxij
460 1305 525 1382 eol„
540 1313 574 1369 et
589 1304 709 1369 iterum
725 1304 802 1389 quin
817 1303 981 1389 querelam
997 1303 1074 1369 fecit
1089 1302 1275 1367 uieeuomiti
1289 1324 1354 1377 suo,
1363 1299 1439 1365 uenit

347 1408 434 1473 idem
450 1408 616 1474 Johannes
636 1429 711 1471 eum
731 1406 831 1471 forcia
851 1428 911 1470 sue
933 1414 968 1470 et
989 1428 1065 1471 eum
1087 1406 1209 1471 iterum
1230 1404 1396 1471 uesultuuit
1413 1414 1439 1466 et

348 1512 535 1579 uulnerauit
550 1534 626 1577 eum
640 1511 676 1575 in
696 1534 788 1577 omre
808 1519 843 1575 et
863 1510 942 1575 alibi
962 1510 1011 1576 ita
1029 1511 1113 1575 mule
1137 1510 1225 1597 quod
1248 1511 1351 1575 eredit
1370 1506 1440 1595 qnod

350 1616 567 1682 muhemiatus
591 1623 649 1680 est,
702 1615 745 1679 Et
768 1615 912 1680 «Iacobus
935 1615 1134 1679 detersum
1157 1614 1214 1700 qui
1238 1636 1314 1678 eum
1337 1636 1372 1678 eo
1391 1610 1440 1675 suit
1528 1660 1529 1663 η

351 1721 445 1785 offert
459 1719 593 1805 probare
608 1740 722 1783 uersus
736 1718 844 1803 ipsum
858 1719 1045 1783 «Iohannem
1059 1741 1248 1805 percorpus
1263 1740 1358 1783 suum
1371 1713 1441 1802 quod

351 1823 412 1888 hoe
426 1822 503 1887 fecit
518 1821 552 1884 in
567 1842 646 1905 pace
666 1820 761 1884 Dum.
775 1820 877 1906 Regis
896 1828 957 1886 ete
973 1829 1008 1886 et
1026 1821 1062 1885 in
1082 1820 1208 1899 felonim
1223 1821 1310 1886 sicut
1329 1820 1379 1885 ille
1396 1818 1440 1904 qui

351 1926 501 1991 interfuit
516 1932 552 1991 et
566 1925 627 1989 hoc
641 1924 734 1989 uidit.
1528 1972 1529 1977 1

418 2030 462 2094 Et
487 2029 655 2094 ‚Iohannes
680 2027 773 2093 uenit
799 2036 834 2093 et
859 2027 1005 2093 defendit
1031 2050 1143 2115 paoem
1172 2028 1267 2093 Dum,
1299 2027 1392 2115 Regis
1414 2034 1441 2091 et
1528 2072 1529 2082 η

352 2133 504 2199 feloniam
533 2142 568 2197 et
592 2131 751 2197 roberium
777 2154 892 2196 uersus
915 2132 1022 2218 ipsum
1046 2133 1215 2211 Jueobum,
1239 2133 1324 2198 sicut
1348 2152 1442 2197 nemu

352 2259 428 2302 eum
442 2236 500 2322 qui
514 2235 555 2299 de
569 2236 704 2299 ulterius
718 2235 844 2301 roberiu
858 2258 934 2301 eum
948 2236 1092 2322 appellnt
1112 2244 1147 2301 et
1161 2236 1262 2302 nichil
1278 2236 1441 2324 apponitin

352 2340 480 2427 appello
494 2362 552 2404 suo
566 2339 607 2404 de
622 2339 731 2426 aliquo
746 2338 887 2424 dampno
902 2339 933 2403 ei
948 2339 1047 2405 illuto.
1092 2340 1172 2405 Dies
1187 2340 1285 2405 datus
1299 2350 1348 2406 eet
1362 2348 1413 2404 ete
1528 2384 1529 2395 i

221 2450 314 2517 1457.
418 2443 595 2508 'Robertm
609 2442 651 2507 de
665 2442 851 2508 Brimhurst
866 2443 954 2508 filius
968 2452 1003 2509 et
1018 2444 1111 2509 heres
1132 2445 1294 2511 Beatiicie
1314 2467 1374 2531 que
1391 2442 1442 2507 fuit
1528 2494 1529 2499 ,

241 2559 294 2598 ¹⁶¹⁶·
353 2571 434 2613 uxor
458 2547 607 2612 Gnufn'di
630 2548 660 2612 le
689 2548 783 2613 Abbe
814 2548 1013 2614 attachietus
1041 2549 1105 2615 fuit
1133 2550 1176 2615 ud
1204 2549 1443 2636 respondendum

353 2650 492 2716 Rudulfo
507 2649 548 2714 de
564 2650 775 2715 Gememuwe
790 2658 825 2715 et
839 2650 944 2715 Alicie
965 2651 1057 2716 uxori
1077 2651 1147 2717 eius
1166 2673 1267 2738 quare
1287 2673 1351 2717 non
1369 2657 1444 2715 tenet

353 2754 401 2819 eis
429 2754 527 2818 finem
558 2755 680 2818 fectum
710 2777 815 2819 coram
851 2754 1036 2820 iusticim'iie
1064 2755 1157 2821 Dom
1188 2757 1221 2822 J.
1250 2756 1348 2842 Regis
1375 2755 1445 2819 inter
1528 2789 1529 2792 =

353 2858 514 2946 predictos
544 2859 737 2924 Guufn'dum
767 2866 802 2924 et
827 2860 1024 2925 Bentrieiam
1054 2869 1089 2926 et
1111 2860 1199 2947 ipsos
1225 2860 1397 2927 Radulfum
1417 2867 1444 2921 et

354 2964 493 3030 Aliciam
508 2964 548 3028 de
564 2963 690 3029 duabus
705 2963 820 3029 marcis
840 2964 987 3030 redditus
1006 2987 1080 3030 eum
1101 2973 1182 3051 pert.
1198 2965 1234 3029 in
1249 2965 1406 3050 Braytonu
1417 2969 1445 3025 et
1528 3031 1529 3044 ἦ

354 3069 390 3134 in
412 3067 605 3145 Bn'mhurst,
627 3068 714 3133 unde
737 3069 971 3155 cyrogmphum
994 3077 1053 3134 ete.
1076 3068 1163 3155 quod
1184 3070 1358 3155 proferunt,
1375 3063 1445 3154 qnod
1528 3131 1529 3146 ¹

355 3179 497 3240 testatur
532 3172 618 3258 quod
654 3172 741 3237 idem
777 3172 925 3237 redditus
961 3173 1100 3238 duarum
1136 3195 1317 3238 mamni-um
1346 3169 1445 3236 debuit
1528 3147 1529 3168 ¹

355 3297 521 3342 remanere
536 3275 642 3339 eidem
662 3275 803 3340 Radulfo
824 3284 859 3340 et
877 3276 983 3341 Alieie
1004 3285 1073 3355 ete,
1088 3277 1176 3342 unde
1195 3277 1283 3342 idem
1302 3274 1446 3341 Rudulfus

356 3389 391 3446 et
412 3379 519 3445 Alicia
540 3379 716 3444 ostendunt
738 3381 825 3466 quod
847 3402 920 3444 eum
943 3379 1005 3466 ipsi
1027 3387 1252 3446 tenementum
1274 3379 1356 3444 illud
1375 3375 1446 3444 unde

355 3483 502 3549 redditus
517 3483 667 3569 prouenit
682 3483 913 3548 commiserunt
932 3482 974 3546 ud
996 3483 1122 3548 fixmam
1145 3483 1286 3548 Robeitu
1309 3483 1340 3547 le
1359 3479 1448 3553 Abte,

356 3587 443 3652 idem
458 3587 621 3652 Robertns
635 3586 676 3650 de
690 3587 875 3652 Brimhurst
890 3586 983 3672 pauit
999 3595 1093 3672 prate
1106 3609 1165 3650 sua
1175 3593 1211 3651 et
1221 3584 1318 3651 blada
1328 3593 1363 3651 et
1375 3581 1449 3669 oepit

359 3690 471 3757 aueriu
485 3714 544 3756 sua
559 3700 592 3756 et
608 3691 707 3777 peciit
721 3691 859 3756 seruicia
873 3700 907 3756 et
922 3714 997 3756 eum
1017 3691 1053 3756 in
1072 3697 1203 3755 tentum
1223 3691 1358 3755 uexauit
1376 3685 1448 3774 quod

357 3794 445 3859 idem
474 3794 636 3859 Robertue
665 3794 696 3859 le
725 3795 820 3860 Abbe
849 3794 981 3882 reliquit
1004 3795 1131 3859 firmum
1154 3815 1255 3872 snum,
1276 3815 1338 3858 nee
1360 3793 1450 3858 ullum

358 3899 556 3964 inuenerunt
584 3897 642 3983 qui
667 3898 749 3962 illud
773 3899 881 3985 cupiat
905 3900 946 3964 de
970 3899 1024 3975 eie,
1048 3899 1135 3963 unde
1158 3898 1271 3963 dieunt
1295 3897 1382 3982 quod
1403 3915 1450 3979 per

359 4001 567 4068 uexeeionem
582 4000 672 4066 illam
686 4011 798 4067 contra
812 4003 910 4068 finem
924 4003 1017 4067 illum
1032 4010 1092 4068 ete
1107 3998 1292 4066 deteriorati
1307 4009 1384 4064 sunt
1401 4005 1450 4063 ete

361 4162 889 4279 tenementum
940 4160 1450 4281 umentem

361 4298 408 4344 not
419 4265 522 4356 elipeir,
533 4265 586 4343 end
596 4292 660 4342 then
670 4293 693 4343 it
703 4307 757 4343 wne
767 4245 849 4343 fouiid
860 4294 888 4343 in
960 4268 982 4326 '¹
997 4245 1027 4346 Al
1041 4244 1136 4354 mid&
1152 4244 1231 4344 Bon&
1243 4244 1282 4342 ii.

361 4359 434 4409 three
450 4358 513 4408 tolle
529 4357 588 4408 that
606 4356 652 4408 the
673 4357 723 4422 day
738 4358 813 4420 given
835 4373 888 4409 wne
970 4359 1027 4408 ³A.
1039 4374 1076 4409 m.
1088 4360 1135 4418 243
1152 4359 1183 4409 B.
1195 4375 1229 4409 m.
1243 4357 1304 4407 14d.

361 4423 529 4474 Michaelmue
545 4424 605 4472 four
615 4422 706 4472 weelu.
741 4422 771 4474 B.
791 4425 888 4486 merely
