3167 5075
505 438 571 490 nn.
595 425 690 500 1221,
711 439 776 488 nn
800 427 829 488 5.
1156 427 1221 491 699

119 608 304 696 eligendum
325 609 391 696 xij}
414 609 502 678 inter
523 611 725 677 Willelmum
747 611 853 676 filium
873 611 1034 678 Johannis
1055 622 1224 700 petentem
1237 642 1334 682 rame

118 722 151 778 et
165 713 367 778 Willelmum
383 715 475 779 Grim
490 723 659 781 tenentem
670 715 711 780 de
726 738 793 782 una
807 714 889 802 uirg.
901 726 987 782 terre
1001 739 1077 782 oum
1092 719 1224 803 pertin
1236 693 1390 776 ffel-⁶¹23*

119 818 296 882 Newetona
310 818 397 884 unde
412 818 501 883 idem
516 819 702 886 Willelmus
721 821 779 906 qui
799 827 917 885 tenens
935 829 987 886 est
1001 822 1110 907 posuit
1133 845 1169 888 se
1189 823 1224 886 in
1237 781 1369 923 ἓξὲξ

57 916 59 926 ’
117 944 267 1009 magnam
276 923 414 988 ,assisam
430 932 466 988 et
480 923 581 1009 peciit
601 932 661 990 eta
682 932 794 989 utrum
814 925 884 1011 ipse
908 925 1015 992 maius
1034 926 1086 992 ius
1105 927 1226 992 habeat
1238 922 1376 1016 ἓξὲξ

117 1026 250 1090 tenendi
264 1035 386 1092 terram
400 1027 490 1092 illam
506 1027 547 1094 de
562 1029 633 1114 ipso
647 1029 814 1094 Willelmo
828 1029 896 1094 filio
906 1031 930 1095 J
930 1030 1067 1096 ohannis
1080 1053 1124 1096 an
1137 1029 1226 1096 idem
1238 1016 1272 1055 ¹¹*

117 1129 300 1196 Willelmus
314 1139 385 1210 ete,
399 1142 563 1198 uenerunt
582 1142 617 1198 et
638 1134 809 1220 elegerunt
827 1133 908 1199 istos
927 1141 987 1200 ete
1032 1135 1111 1200 Post
1132 1134 1227 1200 uenit

117 1233 298 1300 Willelmus
313 1236 400 1301 filius
414 1236 575 1302 Johannis
589 1245 624 1302 et
646 1237 800 1324 cognouit
821 1237 909 1324 quod
930 1237 1018 1324 cepit
1037 1237 1226 1324 homagium

116 1339 217 1425 ipsius
246 1341 403 1405 Willelmi
434 1341 526 1406 Grim
556 1341 598 1406 de
627 1340 742 1406 eadem
771 1349 859 1408 terra
896 1363 1004 1406 eoram
1038 1341 1226 1408 iustioimiis

116 1444 232 1510 ultimo
247 1445 479 1512 itinerantibus
493 1445 581 1532 apud
597 1445 810 1512 Oouintriarn
846 1446 892 1511 Et
902 1446 976 1511 ideo
986 1445 1225 1512 consideratum

117 1557 164 1613 est
179 1549 268 1636 quod
282 1550 383 1616 assisa
397 1558 573 1626 remaneat,
594 1558 629 1614 et
648 1549 833 1614 Willelmus
849 1549 942 1614 Grim
965 1556 999 1614 et
1019 1549 1155 1614 heredes
1173 1550 1225 1615 sui

117 1663 251 1719 teneant
265 1653 300 1718 in
314 1675 393 1740 paee
409 1653 450 1718 de
470 1653 540 1738 ipso
558 1652 722 1718 Willelmo
742 1652 812 1717 filio
827 1653 988 1718 Johannie
1001 1660 1037 1718 et
1052 1652 1226 1718 heredibus

115 1757 181 1824 suis
197 1757 280 1823 eto'.

62 1863 82 1922 '.
179 1861 294 1928 Assisa
317 1861 410 1927 uenit
436 1861 640 1949 reoognitura
670 1861 698 1926 si
727 1883 832 1925 unum
860 1859 1066 1946 mesuagium
1095 1868 1130 1925 et
1159 1882 1226 1926 una

118 1965 248 2051 uirgato
261 1972 345 2031 terre
361 1972 420 2029 ete
436 1964 471 2028 in
487 1964 659 2028 Northona
677 1963 720 2028 sit
741 1962 844 2028 libera
864 1962 1041 2028 elemosina
1058 1963 1226 2048 pertinens

116 2067 158 2134 ad
179 2067 349 2134 eeclesiam
371 2067 412 2132 de
433 2066 559 2154 (huby,
575 2066 662 2132 unde
682 2067 824 2132 Thomas
844 2065 989 2132 Clericus
1008 2076 1059 2132 est
1077 2089 1224 2153 persona,

116 2195 157 2238 an
172 2173 292 2239 laicum
308 2171 438 2238 feodum
453 2172 576 2236 Thome
592 2171 710 2237 Maufe.
1237 2232 1390 2272 mm

182 2278 228 2342 Et
243 2277 382 2342 Thomas
396 2275 508 2342 Maufe
527 2275 585 2361 qui
604 2283 725 2340 terram
745 2275 836 2340 illam
853 2283 947 2341 tenet
969 2275 1063 2342 uenit
1086 2285 1121 2341 et
1144 2275 1225 2343 dioit
1236 2279 1385 2320 mum

115 2381 202 2468 quod
217 2381 259 2446 de
273 2379 420 2467 predicta
434 2387 522 2445 terra
536 2380 570 2444 in
586 2379 620 2444 N
622 2379 760 2444 orthona
773 2379 998 2465 implacitatur
1011 2380 1046 2444 in
1065 2380 1223 2447 comitatu
1236 2326 1378 2459 ffidlss

114 2509 171 2573 per
186 2487 288 2553 breue
303 2485 456 2564 derecto,
471 2492 506 2550 et
521 2483 607 2572 petit
621 2483 780 2549 iudicium
800 2484 829 2549 si
849 2483 968 2550 debeat
987 2483 1029 2551 ad
1049 2484 1110 2551 hoo
1124 2484 1223 2552 breue
1235 2465 1377 2562 llfflttt.

1235 2560 1309 2599 lultah
1317 2560 1389 2601 auom

114 2592 306 2679 respondere
318 2590 445 2656 desieut
459 2589 550 2655 aliud
564 2588 663 2655 breue
679 2589 743 2653 suit
757 2589 847 2675 prius
862 2589 1083 2675 impetratum.
1235 2606 1381 2695 gomagno

178 2696 226 2761 Et
240 2694 318 2781 quia
330 2716 467 2782 persona
481 2716 545 2758 non
561 2693 682 2759 dedicit
697 2692 784 2779 quod
798 2694 899 2758 breue
921 2693 961 2759 de
976 2701 1065 2759 recto
1080 2716 1145 2760 non
1158 2694 1223 2759 fuit
1234 2664 1300 2741 ὀἳ

113 2801 205 2887 prius
233 2800 454 2888 impetratum,
483 2798 721 2865 oonsideratum
758 2806 809 2863 est
845 2799 934 2883 quod
968 2798 1010 2864 de
1046 2807 1134 2866 terra
1165 2801 1224 2865 illa

114 2913 281 2970 remaneat
295 2904 397 2969 assisa
411 2913 473 2969 eto.

35 3016 79 3082 lo.
178 3010 292 3075 Amisa
306 3009 399 3075 uenit
413 3008 619 3096 recognitum
632 3005 660 3072 si
671 3006 836 3073 Robertus
850 3007 1026 3094 Spigurnel
1037 3016 1072 3073 et
1083 3008 1224 3073 Isohella
1235 3022 1380 3111 goffloffi

114 3138 196 3181 uxor
223 3114 295 3179 eius
318 3114 440 3179 iniuste
466 3122 527 3179 ete.
556 3112 804 3179 disseisiuerunt
832 3113 1015 3178 Robertum
1044 3112 1152 3199 copsy
1181 3112 1221 3178 de
1234 3118 1374 3203 lgm*

114 3218 215 3284 libero
231 3226 419 3283 tenemento
434 3240 493 3283 suo
507 3217 542 3283 in
558 3217 744 3283 Shaustona
757 3225 832 3302 post
847 3224 907 3281 ete
1233 3210 1384 3305 {imm

178 3322 348 3387 Juratores
377 3321 492 3386 dieunt
525 3320 612 3406 quod
644 3342 709 3385 non
745 3318 992 3384 disseisiuerunt
1028 3342 1113 3398 eum,
1145 3303 1368 3407 quiawm‘*

114 3426 278 3491 Robertus
300 3447 469 3512 nunquam
494 3424 611 3491 habuit
634 3424 796 3501 eeisinam,
825 3431 876 3488 set
904 3422 968 3509 ipsi
996 3423 1159 3489 Robertus
1187 3433 1222 3490 et

113 3528 278 3592 Robertus
295 3527 382 3592 inter
402 3549 436 3593 se
457 3527 603 3592 fecerunt
625 3526 833 3592 collusionem
855 3534 895 3591 ut
916 3526 1056 3591 Isohella
1076 3526 1223 3612 predicta

113 3631 207 3695 ouius
221 3630 431 3717 maritagium
445 3639 533 3695 terra
548 3638 597 3695 est
609 3630 867 3695 exheredaretur.
905 3630 951 3694 Et
961 3630 1022 3695 hoe
1036 3631 1222 3697 conuictum

114 3744 164 3801 est
179 3758 239 3822 per
253 3722 338 3821 ipsos
353 3734 535 3799 Robertum
549 3742 584 3799 et
596 3734 786 3812 Robertum,
798 3734 872 3799 ideo
882 3734 978 3799 ambo
988 3734 1223 3814 custodiantur,

114 3848 148 3905 et
162 3840 305 3905 Isohella
318 3847 432 3904 teneat
446 3847 567 3903 terram
583 3861 675 3903 suam
690 3839 726 3903 in
737 3860 817 3924 pace
832 3845 893 3902 ete

35 3954 77 4021 47,
180 3940 293 4006 Assisa
314 3940 409 4005 uenit
433 3940 640 4026 recognitum
663 3940 692 4004 si
717 3938 825 4004 Adam
851 3938 988 4004 Telebot
1012 3937 1134 4003 iniuste
1159 3947 1221 4007 eta

113 4043 292 4109 disseisiuit
314 4044 421 4109 Eliam
445 4042 486 4109 de
510 4044 668 4109 Beletona
692 4043 733 4109 de
758 4044 859 4108 libero
888 4051 1076 4109 tenemento
1097 4066 1157 4109 suo
1184 4044 1220 4110 in

115 4146 304 4213 Suanitona
316 4155 391 4233 post
405 4154 466 4213 eto.

181 4249 225 4315 Et
254 4250 361 4316 Adam
390 4250 484 4316 uenit
510 4258 545 4317 et
570 4250 671 4317 nichil
693 4250 774 4316 dicit
796 4273 895 4337 quare
917 4250 1018 4316 assisa
1045 4260 1220 4331 remaneat,

133 4420 157 4499 ‘¹
176 4420 276 4485 Supply
297 4422 332 4472 od
354 4422 501 4499 [orimum
528 4422 640 4485 recoqu-
724 4422 735 4453 ³
752 4420 930 4473 ThisisFitz.
943 4424 1076 4487 amyton

114 4501 212 4537 otonem
221 4502 307 4550 monne
319 4502 406 4537 marre.
