3167 5075
474 458 614 520 unsrun,
637 456 700 508 an.
725 444 819 520 1224,
841 458 906 509 aa.
929 446 956 509 8.
1249 447 1269 511 9

230 630 274 695 Et
285 629 469 697 Willelmus
480 629 521 695 de
532 629 708 695 Flamniila
717 636 752 693 et
763 637 831 695 tres
844 628 901 694 elii
916 630 1038 695 milites
1051 652 1127 697 cum
1140 631 1270 698 recordo

163 732 304 798 ueniunt
332 755 391 819 pro
420 732 578 799 comitatu
608 741 643 797 et
671 732 882 799 recordantur
910 734 997 821 quod
1025 734 1166 801 Thomas
1191 736 1271 802 tulit

161 836 263 903 breue
292 836 333 901 de
361 843 450 901 recto
480 858 577 922 super
605 835 783 903 Redulfum
812 838 854 903 de
883 837 1112 904 Normanuilla
1143 847 1270 925 patrem

161 939 301 1025 predicti
316 939 447 1007 Redulfi
463 939 504 1004 de
519 940 624 1005 tribus
638 940 720 1027 uirg.
735 949 821 1006 terre
836 949 871 1007 et
890 940 966 1007 dim
983 951 1018 1006 et
1037 941 1103 1027 viij.
1117 965 1181 1008 eor.
1195 951 1230 1009 et
1245 943 1270 1030 j.

159 1044 244 1109 tofto
259 1066 334 1109 cum
348 1051 429 1129 pert.
445 1042 480 1108 in
496 1043 607 1129 Turpe,
622 1052 657 1109 et
676 1045 766 1110 eliud
785 1046 885 1111 breue
905 1067 1004 1132 super
1017 1046 1214 1113 Gilibertum
1229 1048 1271 1113 de

159 1145 292 1213 Bisiche
307 1147 457 1213 detento
473 1156 557 1213 terre
572 1170 646 1213 cum
661 1156 742 1235 pert
758 1148 795 1213 in
814 1149 928 1215 eadem
948 1150 1035 1229 uilla,
1055 1150 1061 1236 Ι
1081 1158 1116 1217 et
1136 1152 1271 1217 tandem

157 1260 233 1339 post
263 1252 373 1319 uisum
401 1259 487 1317 terre
516 1260 650 1339 etpost
674 1254 885 1319 racionabiles
910 1255 1026 1320 easou'¹
1048 1254 1209 1321 Redulfus
1229 1256 1271 1321 de

159 1355 390 1421 Normanuille
403 1356 497 1421 uenit
512 1365 547 1421 et
561 1356 727 1443 respondit
742 1358 828 1443 quod
843 1380 907 1422 non
923 1358 1038 1423 debuit
1048 1357 1136 1424 dicto
1148 1350 1271 1426 Thonie

158 1460 202 1525 ad
215 1458 301 1525 illud
315 1458 417 1525 breue
431 1460 623 1546 respondere
643 1460 721 1547 quie
740 1460 821 1547 ipse·
830 1483 895 1526 non
915 1469 1007 1526 tenet
1027 1470 1131 1528 totum
1151 1471 1271 1529 tenum

158 1564 250 1628 illam
267 1562 368 1628 immo
382 1563 452 1649 ipse
468 1570 502 1627 et
517 1563 683 1650 predictus
698 1563 880 1630 Gilibertus
894 1573 929 1629 et
943 1564 1083 1651 quedam
1094 1566 1201 1631 Alicie
1214 1567 1272 1654 qui

159 1674 240 1731 sunt
261 1666 437 1753 participes
460 1666 513 1731 sui
534 1674 650 1731 tenent
671 1674 775 1732 totam
798 1674 918 1732 tenum
940 1668 1029 1733 illam
1051 1668 1087 1733 in
1108 1670 1272 1736 communi

159 1768 259 1835 simul
282 1792 358 1834 oum
381 1791 427 1846 eo,
449 1768 499 1834 ite
519 1769 606 1855 quod
628 1769 738 1835 nullus
760 1769 857 1835 sciuit
882 1778 1009 1856 partem
1034 1795 1127 1837 suam
1150 1773 1192 1839 de
1214 1772 1272 1839 illa

160 1880 250 1938 terra
277 1894 338 1939 nec
367 1881 456 1938 terre
483 1872 541 1939 illa
568 1896 737 1960 nunquam
762 1874 886 1961 partite
910 1875 983 1953 fuit,
1008 1883 1043 1941 et
1067 1877 1096 1942 si
1121 1878 1181 1943 hoc
1206 1901 1271 1943 non

160 1974 334 2053 sufficeret,
353 1974 438 2041 dixit
458 1975 545 2062 quod
564 1999 631 2041 non
652 1978 762 2064 potuit
784 1985 905 2044 tenum
926 1979 1017 2044 illam
1038 1981 1172 2066 perdere
1194 1981 1272 2067 quia

160 2102 228 2144 non
256 2078 374 2145 hebuit
402 2078 478 2144 inde
508 2079 571 2144 nisi
600 2080 780 2146 custodiam
806 2090 842 2146 et
866 2082 999 2147 uocauit
1023 2082 1065 2147 ed
1090 2092 1270 2150 warantum

159 2180 341 2247 Redulfum
371 2180 476 2246 filium
513 2182 633 2247 suum¹.
693 2182 827 2249 Postee⁸
862 2183 906 2249 ad
941 2184 1043 2249 elium
1078 2186 1271 2253 comitatum

158 2293 327 2351 uenerunt
340 2284 501 2351 Radulfus
515 2294 610 2372 peter
624 2293 658 2351 et
673 2286 834 2353 Radnlsus
848 2287 936 2353 filius
949 2310 1027 2354 suus
1042 2296 1077 2354 et
1092 2289 1271 2357 Gilibertus

158 2395 194 2455 ct
209 2389 326 2466 Alicis,
342 2396 376 2455 et
396 2390 557 2456 Radulfus
576 2391 684 2457 iunior
702 2392 927 2457 werentimuit
946 2392 1034 2479 petri
1052 2415 1110 2458 suo
1130 2394 1274 2463 Radulfo.

156 2502 194 2560 et
225 2492 340 2560 eodem
369 2491 465 2560 modo
493 2494 661 2582 respondit
686 2495 772 2562 sicut
798 2504 1003 2583 paterenus,
1028 2505 1063 2563 et
1092 2498 1271 2567 Gilibertus

156 2596 276 2662 eodem
297 2595 392 2662 modo
412 2597 587 2683 respondit,
602 2607 637 2663 et
658 2598 766 2664 Alicia
786 2621 918 2685 presens
939 2599 1004 2665 fuit
1025 2609 1060 2665 et
1081 2601 1272 2668 reclamauit

154 2726 218 2790 pro
243 2703 316 2768 iure
339 2725 398 2768 suo
422 2703 532 2769 dicens
555 2704 642 2791 quod
667 2729 732 2770 non
758 2706 874 2772 debuit
899 2706 1024 2793 aliquid
1053 2708 1186 2793 perdere
1215 2710 1270 2774 uel

154 2809 279 2876 lucrari
292 2808 419 2874 desicut
433 2809 525 2874 nulle
538 2809 602 2874 fuit
617 2811 743 2876 mencio
757 2811 845 2876 faeta
859 2811 901 2876 de
915 2811 971 2876 eo⁴
986 2811 1022 2876 in
1036 2813 1191 2878 breuibus
1210 2836 1270 2879 nec

154 2914 271 3002 posuit
292 2937 327 2980 se
350 2915 386 2978 in
407 2914 592 2980 defensione
615 2937 726 2980 eorum
749 2914 804 2981 uel
825 2938 937 2980 eorum
960 2916 1057 2994 lucro,
1074 2925 1109 2981 et
1131 2918 1271 2984 Thomas

153 3016 328 3103 respondit
351 3017 438 3103 quod
459 3017 520 3082 hoc
542 3040 606 3082 non
630 3017 746 3084 debuit
772 3019 803 3083 ei
827 3041 943 3084 nocere
968 3020 1047 3104 quie
1070 3019 1142 3106 ipsa
1164 3021 1272 3086 Alicia

153 3142 328 3206 nunquam
343 3119 408 3184 fuit
421 3119 457 3185 in
471 3119 590 3185 seisine
603 3120 644 3186 de
659 3121 818 3186 termille
832 3130 867 3187 et
881 3121 958 3187 inde
973 3122 1110 3209 optulit⁸
1124 3147 1159 3190 se
1173 3147 1271 3211 super

154 3225 310 3313 patriem
355 3225 400 3289 Et
421 3223 582 3289 Radulfus
601 3233 636 3290 et
658 3225 837 3292 Gilibertus
852 3226 1009 3293 similiter.
1054 3227 1099 3292 Et
1112 3227 1270 3294 iudicium

154 3329 304 3418 positum
326 3329 390 3395 fuit
413 3329 448 3394 in
470 3337 654 3416 respectum
676 3353 778 3418 usque
800 3331 844 3396 sd
864 3332 1047 3418 proximum
1068 3333 1270 3412 comitatum,

153 3433 342 3522 ‘predictus
362 3433 502 3499 Thomas
520 3457 586 3499 non
606 3434 708 3514 uenit,
728 3435 816 3501 unde
836 3436 1075 3503 consideratum
1097 3437 1162 3503 fuit
1184 3437 1271 3525 quod

154 3537 217 3604 alii
232 3538 318 3602 irent
333 3535 402 3601 sine
417 3535 471 3602 die
485 3559 543 3623 pro
558 3537 687 3603 defectu
704 3538 836 3605 Thome.

226 3641 272 3706 Et
284 3639 427 3705 Thomas
441 3639 534 3706 uenit
550 3649 584 3706 et
603 3641 683 3707 dicit
704 3643 790 3729 quod
809 3644 844 3709 in
858 3652 951 3729 pmte
965 3646 1175 3711 recordentur
1186 3645 1271 3712 bene

155 3755 193 3813 et
224 3745 260 3811 in
290 3754 382 3832 perte
411 3768 485 3822 non,
515 3745 593 3832 quie
620 3746 767 3833 predicta
796 3748 903 3813 Alicie
931 3771 1097 3836 nunquam
1127 3750 1270 3837 aliquem

155 3857 288 3938 partem
303 3849 421 3914 hebuit
436 3849 471 3915 in
486 3858 573 3916 terre
587 3851 644 3917 ille
663 3874 723 3918 uec
743 3852 862 3918 hebere
882 3853 998 3919 debuit
1017 3854 1097 3941 quia
1114 3855 1186 3942 ipsa
1204 3879 1269 3921 non

156 3951 225 4016 fuit
247 3951 341 4016 heres
364 3951 512 4017 Gaufridi
535 3952 643 4017 fratris
664 3953 805 4040 Agnetis
826 3961 861 4018 et
880 3954 1015 4020 Mabilie
1035 3965 1178 4021 matrum
1197 3979 1270 4043 pre-

157 4055 323 4120 dictorum
340 4053 488 4120 deulfi'
508 4063 543 4121 et
564 4055 716 4121 Giliberti
738 4057 817 4143 quia
838 4057 909 4143 ipse
930 4058 1036 4123 Alicie
1056 4081 1121 4124 non
1143 4059 1207 4124 fuit
1228 4060 1270 4126 de

195 4227 596 4278 ¹1·r(to.rueiombiiaelerrouiu.
772 4228 927 4279 ⁴Gomea.

195 4291 435 4342 ’Thismcksesi
384 4291 606 4368 esietRalphth
592 4293 691 4344 eereld
773 4293 1007 4391 :ue-Spplyporrer

161 4356 359 4420 uryastenentb
366 4360 469 4420 ‹ryurtes
469 4357 621 4421 ‚rraberngh
622 4357 690 4410 band
773 4357 1193 4422 Supplyudquemcomitatum.

162 4423 252 4472 orme(
263 4422 347 4473 ottho
358 4421 523 4472 coirheesees.
773 4423 884 4474 ⁷m'See
877 4423 1234 4487 triecenglyRalphthyung

197 4486 578 4541 ’Themcordumcontinuea
