3167 5075
433 403 499 455 aa
522 385 681 465 mse-7,
703 401 768 453 aa
793 390 932 456 10-11
950 387 956 396 ’
1173 391 1236 458 665

193 577 238 643 Ει
267 577 379 644 Abbas
406 577 501 642 uenit
530 585 565 642 et
593 576 674 642 dicit
703 575 790 692 quod
819 576 907 663 cepit
935 576 1048 643 aueria
1071 599 1132 643 sua
1159 601 1238 664 qma
1249 587 1342 675 Nmogd
1346 595 1402 674 ᾗ

126 689 291 767 peusrunt
312 682 444 746 boscum
467 703 572 758 suum,
588 687 622 744 et
642 701 708 744 non
731 679 809 765 quia
828 688 993 765 peuerunt
1012 689 1180 767 pasturam
1201 681 1237 746 in
1249 682 1372 768 ffib,
1347 685 1401 721 Μ*

129 785 243 850 eodem
258 786 359 850 bosca
1249 786 1400 908 §agatha

194 889 239 953 Et
255 889 372 954 Petrus
387 889 479 954 uenit
495 897 529 953 et
544 887 624 953 dicit
639 887 725 974 quod
739 887 851 953 aueria
870 910 929 952 sua
950 910 1077 974 semper
1090 879 1262 955 solebant
1249 916 1374 1001 ιιιιιιιῶιι
1358 915 1402 956 ιιι

127 1013 258 1077 pascere
279 993 315 1056 in
336 1014 467 1056 nemore
490 991 546 1055 illo
568 990 754 1076 ubicunque
774 991 940 1055 noluerint
961 999 996 1056 et
1017 1000 1184 1078 pasturam
1202 1002 1371 1102 etffffl'g,

128 1095 294 1172 bruillum,
309 1103 343 1160 et
358 1095 434 1160 inde
449 1094 542 1181 ponit
557 1117 591 1160 se
607 1116 704 1180 super
718 1093 867 1158 iuratam.
1249 1101 1401 1189 fflgffi

163 1199 362 1264 ·Juratores
387 1199 502 1264 dieunt
528 1197 615 1284 quod
641 1198 753 1262 Abbas
781 1197 959 1262 disseisiuit
987 1198 1123 1263 Petrum
1151 1199 1237 1265 sicut

128 1302 228 1367 breue
243 1302 330 1368 dicit.
376 1302 421 1366 Et
435 1301 508 1366 ideo
523 1300 761 1366 consideratum
777 1309 828 1366 est
843 1309 903 1366 etc.

41 1407 93 1474 387.
192 1406 306 1470 Assisa
327 1405 421 1470 uenit
442 1405 648 1491 recognitum
665 1403 693 1468 si
708 1403 892 1468 Willelmus
914 1403 1173 1488 [Thesaruarius]
1194 1401 1236 1469 de
1271 1431 1381 1475 masur.

126 1508 369 1574 Richerfeuldia
390 1507 511 1572 iniuste
535 1515 593 1572 etc.
617 1506 794 1572 disseisiuit
819 1506 1016 1571 Nicholaum
1037 1507 1142 1571 filium
1164 1507 1237 1573 Ade
1284 1495 1360 1536 Μ·

125 1615 166 1679 de
183 1615 286 1679 libero
302 1622 491 1678 tenemento
506 1636 564 1678 suo
579 1613 614 1678 in
629 1611 706 1678 Aco'
722 1613 808 1677 infre
821 1612 962 1677 assisam

193 1718 238 1782 Et
254 1717 438 1782 Willelmus
453 1717 546 1782 uenit
567 1724 601 1782 et
621 1717 701 1783 dicit
724 1717 811 1803 quod
832 1717 933 1782 assisa
953 1740 1019 1782 non
1040 1717 1139 1783 debet
1161 1717 1237 1782 inde

125 1821 206 1898 fieri,
230 1821 307 1906 quia
329 1819 416 1884 idem
444 1820 622 1885 Nicholaus
647 1819 789 1885 uillanus
815 1828 872 1897 est,
895 1829 930 1884 et
955 1821 1129 1906 aliquando
1158 1821 1238 1886 tulit

124 1925 228 1989 breue
259 1923 300 1989 de
330 1923 481 1989 libertate
507 1945 567 1988 sua
595 1923 769 2009 prebende,
795 1931 830 1988 et
855 1923 995 1989 libenter
1022 1925 1135 1990 audiet
1164 1948 1286 2040 pro·⁰⁶¹>
1249 1943 1373 1985 rosum

124 2029 297 2094 bacionem
319 2050 412 2092 suam
435 2027 521 2145 quod
543 2027 685 2092 sillanus
707 2027 813 2112 [n0n⁸]
835 2028 886 2092 sit.
932 2028 976 2092 Et
989 2029 1111 2113 profert
1125 2050 1269 2134 omnesp⁰
1248 2002 1286 2078 ¹
1257 1992 1371 2126 Μειηέξω

123 2143 280 2222 parentes
296 2133 375 2197 dict
351 2143 378 2197 tr
393 2133 434 2197 N.
438 2130 518 2218 ‚qui
532 2141 730 2219 cognoscunt
744 2153 779 2196 se
795 2154 863 2196 esse
880 2131 1015 2196 uillanos
1030 2141 1089 2198 etc.
1248 2086 1382 2227 ἓξὲξ·

192 2239 239 2302 Ει
268 2237 447 2301 Nicholaus
476 2236 570 2300 uenit
600 2242 634 2300 et
660 2235 807 2300 defendit
833 2257 928 2300 omne
957 2235 1171 2322 uillenegium
1200 2244 1312 2320 etqua„
1248 2225 1400 2311 “mffl’

120 2339 329 2427 parentelam
351 2339 496 2403 omnium
518 2337 736 2424 predictorum
758 2347 966 2424 preterquam
985 2339 1026 2403 de
1042 2338 1236 2405 Constancia
1247 2282 1370 2408 umida
1352 2319 1399 2360 ⁸⁶

119 2445 230 2510 amita
259 2465 327 2520 sua,
357 2465 421 2528 que
450 2443 520 2507 sine
555 2464 688 2507 assensu
723 2441 827 2527 patris
862 2443 915 2507 sui
950 2443 1080 2508 cuidam
1115 2445 1238 2510 uillano

120 2551 322 2637 desponsata
344 2549 416 2614 fuit.
463 2549 507 2613 Et
529 2548 616 2635 quod
638 2546 722 2612 liber
742 2547 839 2611 homo
861 2548 913 2625 sit,
935 2556 970 2613 et
992 2547 1078 2635 quod
1099 2548 1238 2634 predicti

119 2663 280 2741 parentes
302 2654 372 2719 eius
395 2675 459 2717 non
481 2662 559 2718 sunt
581 2652 666 2718 sicut
687 2652 802 2718 dicunt
823 2654 918 2739 ponit
936 2676 971 2719 se
986 2677 1083 2740 super
1096 2653 1237 2720 iuratam

118 2770 183 2825 ete.

190 2863 237 2927 Et
262 2861 493 2926 Thesaurarius
516 2862 610 2946 ponit
635 2883 670 2925 se
696 2860 848 2925 similiter
869 2851 966 2947 super
986 2861 1126 2947 patriam
1150 2861 1237 2948 quod

116 2968 270 3033 uillanus
296 2975 346 3031 est
373 2975 406 3031 et
434 2966 520 3053 quod
545 2966 684 3051 predicti
710 2974 788 3031 sunt
813 2974 965 3052 parentes
989 2966 1060 3031 eius
1088 2966 1173 3031 sicut
1201 2988 1236 3031 se

116 3067 286 3155 faciunt}

189 3176 238 3239 Et
264 3172 342 3259 quia
367 3172 454 3238 idem
481 3173 660 3238 Nicholaus
682 3174 807 3239 nullam
833 3182 954 3239 sectam
976 3172 1125 3260 producit
1151 3174 1237 3260 quod

115 3279 207 3344 liber
234 3278 331 3341 homo
354 3277 408 3356 sit,
433 3275 671 3341 consideratum
697 3278 784 3363 quod
810 3277 919 3341 iurata
939 3277 1014 3341 inde
1039 3277 1162 3342 fiatad
1187 3301 1237 3343 re-

114 3377 384 3469 cognoscendum
411 3377 439 3442 si
467 3378 606 3463 predicti
635 3379 781 3443 homines
810 3387 961 3464 parentes
991 3379 1142 3443 Nicholai
1170 3380 1238 3446 sint

113 3486 208 3551 sieut
238 3506 272 3547 se
297 3482 428 3547 faciunt.
474 3482 519 3546 Et
548 3481 706 3546 iuratores
734 3482 849 3547 dicunt
877 3505 975 3569 super
999 3493 1236 3549 sacramentum

112 3611 221 3655 suum
246 3586 333 3672 quod
355 3608 466 3651 omnes
487 3586 627 3672 predicti
647 3586 795 3651 homines
809 3595 844 3651 et
859 3587 979 3651 femine
993 3596 1071 3651 sunt
1085 3597 1237 3673 parentes

110 3693 229 3779 ipsius
252 3690 406 3756 Nicholai
427 3691 511 3755 sicut
533 3714 567 3756 se
590 3691 714 3756 faciunt
735 3692 821 3757 sicut
842 3715 900 3778 pro
924 3701 1013 3757 certo
1037 3692 1236 3779 intelligunt.

114 3798 161 3863 Et
187 3795 273 3883 quia
295 3803 493 3882 cognoscunt
515 3818 549 3860 se
572 3818 641 3861 esse
664 3797 812 3874 uillanos,
827 3798 1065 3862 consideratum
1085 3797 1238 3883 estquod

112 3900 216 3965 nulla
233 3897 335 3962 assisa
349 3897 436 3962 iacet
450 3898 537 3962 inter
552 3921 606 3963 eos
618 3906 651 3963 et
664 3900 750 3986 quod
762 3900 940 3966 Nicholaus
951 3900 1117 3966 conuictus
1132 3909 1182 3966 est
1197 3902 1239 3968 ad

112 4004 288 4069 uillanum
305 4008 365 4067 etc.

38 4120 71 4182 ,8,
185 4106 335 4171 Thomas
359 4106 388 4171 le
416 4106 561 4172 Orbatur
583 4116 618 4172 et
644 4108 755 4195 Agnes
780 4130 861 4173 uxor
885 4108 955 4173 eius
979 4115 1100 4194 petunt
1124 4132 1238 4176 uersus
1335 4106 1339 4112 ’

146 4313 156 4345 ¹
176 4308 316 4373 Probabl
324 4308 398 4359 thess
409 4308 493 4359 words
505 4308 599 4359 should
610 4309 656 4359 tol
709 4310 804 4370 omae,
816 4310 856 4360 4³.

110 4380 165 4431 low
182 4374 348 4427 Willetmus
342 4390 370 4425 ιιι
381 4374 427 4424 the
439 4378 504 4424 text.
741 4374 891 4425 ³'Words
883 4390 912 4425 m
928 4376 955 4439 [l
973 4375 1087 4428 inserted
1103 4376 1136 4440 by
1154 4392 1234 4428 anno·

145 4443 228 4492 'Ba
258 4440 276 4489 t.
295 4442 352 4491 sol.
388 4440 484 4491 This
476 4454 500 4490 rs
516 4438 583 4489 Fita.
607 4441 656 4490 vu-
710 4441 788 4489 tator.
