3167 5075
315 400 378 463 160
530 411 648 461 cosan
671 410 770 473 suun,
792 410 858 458 nn.
883 396 1041 469 1235-6,
1062 409 1126 459 nn.
1150 396 1200 457 20.
1275 375 1277 378 ’

312 594 431 651 terram
450 586 575 672 prefato
595 584 717 649 Thome
737 582 863 649 dimisit
883 582 925 647 ad
945 582 1131 659 terminum,
1145 580 1311 647 occasione
1331 580 1426 646 euius

311 690 507 756 dimissionis
530 688 617 755 idem
644 689 785 754 Thomas
806 688 914 773 ipsum
934 686 1119 753 Johannem
1139 685 1179 752 de
1201 686 1317 751 eadem
1337 694 1426 751 terra

313 795 408 861 eiecit
428 803 467 861 ut
487 795 576 873 dicit,
591 803 625 860 et
645 794 732 859 unde
753 792 840 858 idem
860 792 883 858 J
885 793 1027 857 ohsnnes
1047 790 1128 857 dicit
1148 789 1235 877 quod
1257 789 1425 876 predictus

312 897 475 963 Robertus
497 906 615 962 terram
637 896 726 962 iilam
749 896 780 961 ei
802 895 927 961 dimisit
948 919 1007 982 per
1028 904 1151 960 cartam
1173 917 1267 960 suam
1291 904 1328 960 et
1354 895 1425 982 ipse

312 999 459 1067 denarios
478 1000 551 1067 illos
570 1002 602 1067 ei
622 1001 720 1067 soluit
742 1022 800 1087 pro
823 1010 910 1067 terra
930 1000 988 1066 illa
1009 1000 1051 1066 ad
1073 999 1251 1066 terminum
1274 998 1427 1065 habenda

312 1114 371 1171 etc.

379 1210 422 1273 Et
444 1208 583 1273 Thomas
604 1207 697 1273 uenit
719 1215 754 1272 et
776 1206 857 1272 dicit
879 1206 965 1293 quod
988 1214 1108 1272 terram
1130 1206 1220 1272 illam
1244 1206 1277 1272 ei
1302 1206 1427 1272 iniuste

312 1336 377 1379 non
413 1312 575 1393 deforeiat,
612 1314 689 1399 quia
723 1334 838 1377 reuera
874 1311 1048 1398 aliquando
1088 1313 1218 1399 quando
1258 1311 1427 1399 predictus

312 1419 474 1485 Robertus
488 1417 629 1483 denariis
648 1416 818 1505 indigebat
838 1416 974 1484 tradidit
993 1418 1034 1483 de
1055 1426 1143 1483 terra
1162 1418 1220 1483 illa
1233 1418 1320 1483 xxvi.
1336 1439 1427 1482 aeras

312 1531 397 1589 terre
412 1521 538 1588 duobus
553 1520 702 1586 firmariis
717 1520 839 1585 seilicet
855 1520 999 1585 Roberto
1014 1521 1044 1585 le
1064 1520 1179 1586 Seinte
1199 1530 1234 1586 et
1255 1520 1427 1607 Stephano

313 1626 418 1692 Fabro
437 1626 479 1692 ad
499 1625 675 1691 terminum
698 1648 726 1689 v.
742 1647 909 1703 annorum,
925 1633 960 1689 et
980 1624 1186 1711 postmodum
1207 1624 1286 1712 quin
1306 1625 1373 1689 fnit
1391 1624 1426 1688 in

311 1731 482 1797 «Iudaismo
497 1739 532 1795 et
547 1730 624 1815 quie
639 1728 783 1815 oportuit
798 1728 906 1815 ipsum
927 1729 1104 1795 terminum
1124 1730 1218 1795 illum
1234 1730 1428 1817 prolongare

313 1844 348 1901 et
362 1835 508 1901 denarios
522 1834 663 1921 recipere
678 1835 720 1899 ad
735 1858 769 1899 se
784 1835 1036 1921 acquietandum
1051 1836 1092 1901 de
1107 1837 1131 1902 J
1132 1836 1279 1902 udnismo
1290 1836 1428 1902 11111111

312 1939 382 2027 ipse
397 1940 559 2005 Robertus
574 1940 616 2005 ad
631 1939 815 2026 predictum
831 1941 989 2007 Thomam
1004 1949 1039 2006 et
1058 1940 1144 2005 dixit
1158 1940 1190 2005 ei
1210 1940 1299 2027 quod
1319 1941 1428 2006 uoluit

314 2046 345 2111 ei
366 2046 477 2133 pocius
499 2046 627 2111 tradere
649 2054 767 2110 terram
789 2047 879 2111 illam
901 2056 935 2112 et
955 2046 1132 2112 terminum
1153 2046 1306 2135 elongare
1327 2070 1427 2135 quam

313 2150 411 2215 alicui
434 2149 491 2214 alii
514 2149 542 2215 si
567 2157 676 2235 posset
700 2149 818 2215 habere
842 2149 918 2215 inde
945 2172 1136 2215 consensum
1160 2158 1195 2213 et
1218 2150 1429 2215 uoluntatem

315 2254 532 2341 predictorum
558 2252 779 2332 firmeriorum,
806 2254 900 2319 etin
927 2263 1057 2320 tantum
1085 2254 1218 2319 insimul
1247 2253 1351 2319 locuti
1377 2255 1427 2318 su-

316 2368 412 2424 erunt
435 2357 520 2445 quod
546 2358 698 2422 conuenit
721 2358 808 2423 inter
829 2382 884 2424 eos
905 2358 992 2445 quod
1013 2359 1054 2423 de
1079 2381 1236 2423 consensu
1264 2359 1429 2445 predicto-

316 2486 388 2528 rum
408 2462 620 2528 firmariorum
642 2462 778 2528 tradidit
801 2463 870 2550 ipse
894 2464 1057 2530 Robertus
1081 2472 1115 2529 et
1138 2464 1297 2529 concessit
1320 2464 1429 2530 eidem

317 2567 440 2632 Thome
462 2567 623 2653 predictas
645 2567 729 2632 xxvi.
752 2590 841 2632 aeras
864 2577 898 2632 et
919 2578 1068 2655 preterea
1089 2568 1145 2656 iiij.
1168 2591 1258 2634 aeras
1284 2578 1372 2634 terre
1393 2579 1430 2634 et

317 2669 479 2756 quoddam
494 2669 673 2756 mesagium
691 2669 733 2734 ad
753 2670 930 2735 terminum
952 2695 1002 2736 xx.
1018 2693 1177 2736 annorum
1197 2695 1256 2758 pro
1275 2672 1296 2738 t
1312 2673 1430 2737 mareis

318 2774 446 2862 argenti
465 2797 545 2861 quas
566 2773 597 2838 ei
617 2773 716 2852 dedit,
732 2781 767 2838 et
786 2774 836 2838 ita
855 2774 942 2860 quod
961 2774 1150 2841 immediate
1171 2785 1246 2861 post
1265 2775 1430 2862 predictos

318 2880 473 2944 firmarios
498 2887 532 2944 et
555 2877 597 2944 de
618 2901 774 2944 consensu
798 2902 908 2944 eorum
931 2889 966 2945 et
987 2879 1127 2946 durante
1153 2881 1261 2946 adhue
1288 2880 1429 2946 termino

318 2985 459 3071 ipsorum
475 2983 635 3070 usquead
654 2984 711 3070 iiij.
727 3007 829 3050 annos
848 2985 987 3050 intrauit
1007 2986 1076 3071 ipse
1097 2986 1132 3050 in
1152 2985 1306 3051 seisinem
1327 2985 1432 3050 etita

319 3099 369 3155 est
383 3090 418 3155 in
433 3090 550 3156 seisina
565 3099 600 3155 et
619 3113 677 3177 per
696 3091 854 3178 seriptum
875 3092 962 3157 inter
981 3115 1035 3157 eos
1056 3094 1179 3158 fectum
1200 3092 1287 3179 quod
1307 3094 1432 3180 profert

319 3204 354 3260 11
375 3195 461 3282 quod
483 3195 543 3260 hoc
565 3202 714 3262 testatur.
760 3197 804 3262 Et
824 3197 971 3283 quesitus
992 3199 1121 3284 quando
1141 3197 1259 3263 habuit
1275 3199 1430 3264 saisinam

319 3300 399 3367 dicit
421 3301 507 3387 quod
529 3300 584 3387 xij.
604 3299 658 3366 die
681 3300 884 3387 Septembris
903 3325 989 3366 enno
1007 3302 1101 3388 regni
1120 3302 1211 3390 xviij.
1231 3301 1356 3368 scilicet
1373 3301 1432 3368 die

320 3405 435 3471 Martis
455 3404 602 3492 proxime
624 3413 697 3492 post
721 3404 873 3470 Natiuit¹
894 3406 930 3470 B.
948 3406 1050 3471 Meris
1071 3406 1195 3472 scilicet
1215 3409 1266 3473 vm.
1281 3407 1336 3473 die
1356 3417 1435 3494 post

320 3510 439 3576 festum
461 3508 543 3574 illud
566 3518 600 3574 et
621 3509 704 3574 bene
729 3508 876 3574 defendit
901 3509 1053 3575 seisinam
1077 3510 1179 3596 ipsius
1202 3511 1373 3588 Johannis,
1395 3523 1435 3578 et

319 3616 440 3701 profert
458 3622 581 3680 certam
599 3613 817 3701 predictorum
837 3614 1050 3680 firmanorum
1065 3637 1165 3702 quam
1179 3615 1210 3680 ei
1225 3616 1436 3682 tradiderunt

319 3718 361 3784 de
383 3718 521 3783 termino
543 3740 602 3783 suo
622 3740 649 3783 v.
671 3740 838 3796 annorum,
853 3726 889 3782 et
908 3717 993 3804 quod
1015 3718 1065 3784 ita
1085 3719 1129 3784 sit
1151 3718 1329 3806 sicutipse
1351 3720 1435 3787 dicit

320 3825 413 3913 ponit
434 3847 469 3890 se
491 3846 588 3910 super
610 3823 749 3910 patrium
772 3831 807 3888 et
830 3846 928 3910 snper
950 3831 1051 3888 testes
1072 3824 1256 3890 nominatos
1281 3825 1317 3889 in
1342 3837 1436 3892 carta

320 3929 444 3995 scilicet
458 3929 540 3994 tales
555 3937 613 3993 eto.

387 4033 431 4097 Et
460 4031 625 4098 Johennes
655 4031 748 4096 uenit
778 4039 813 4096 et
846 4030 927 4096 dicit
957 4030 1044 4118 quod
1072 4031 1238 4118 predictus
1268 4033 1435 4100 Robertus

321 4136 458 4204 tradidit
472 4145 507 4202 et
521 4136 677 4202 concessit
693 4136 724 4201 11
738 4135 900 4222 predictas
914 4135 970 4223 iiij.
983 4159 1073 4203 acres
1083 4145 1168 4202 terre
1180 4145 1215 4202 et
1225 4139 1434 4226 mesuagium

323 4253 358 4311 et
384 4243 461 4310 fecit
484 4242 515 4308 11
538 4241 659 4308 donum
683 4250 718 4307 et
743 4249 866 4307 certam
891 4240 933 4305 ad
957 4242 1077 4306 festum
1100 4241 1241 4308 Natiuit.
1266 4243 1304 4309 B.
1329 4245 1433 4311 Mario

323 4371 408 4415 anno
427 4346 519 4435 regni
541 4347 639 4433 xviij0.
656 4330 761 4411 etita
782 4343 868 4431 quod
891 4344 1016 4431 positus
1038 4344 1102 4410 fuit
1123 4343 1200 4410 inde
1221 4345 1258 4412 in
1280 4347 1433 4414 seisinnm

687 4471 1070 4537 ¹sSept.aFridsyin1234.
