<?xml version="1.0" encoding="UTF-8"?>
<!DOCTYPE html PUBLIC "-//W3C//DTD XHTML 1.0 Transitional//EN"
    "http://www.w3.org/TR/xhtml1/DTD/xhtml1-transitional.dtd">
<html xmlns="http://www.w3.org/1999/xhtml" xml:lang="en" lang="en">
 <head>
  <title>
</title>
<meta http-equiv="Content-Type" content="text/html;charset=utf-8" />
  <meta name='ocr-system' content='tesseract 3.04.00' />
  <meta name='ocr-capabilities' content='ocr_page ocr_carea ocr_par ocr_line ocrx_word'/>
</head>
<body>
  <div class='ocr_page' id='page_1' title='image "bractonsnoteboo03maitgoog_0102.png"; bbox 0 0 3167 5075; ppageno 0'>
   <div class='ocr_carea' id='block_1_1' title="bbox 333 418 1134 496">
    <p class='ocr_par' dir='ltr' id='par_1_1' title="bbox 333 418 1134 496">
     <span class='ocr_line' id='line_1_1' title="bbox 333 418 1134 496; baseline 0.006 -15"><span class='ocrx_word' id='word_1_1' title='bbox 333 418 376 481; x_wconf 83' lang='lat'>90</span> <span class='ocrx_word' id='word_1_2' title='bbox 647 430 790 493; x_wconf 79' lang='lat' dir='ltr'>mnmr,</span> <span class='ocrx_word' id='word_1_3' title='bbox 813 430 878 481; x_wconf 73' lang='lat' dir='ltr'>nn.</span> <span class='ocrx_word' id='word_1_4' title='bbox 903 420 998 496; x_wconf 79' lang='lat'>1225,</span> <span class='ocrx_word' id='word_1_5' title='bbox 1019 434 1082 485; x_wconf 73' lang='lat' dir='ltr'>nr.</span> <span class='ocrx_word' id='word_1_6' title='bbox 1107 423 1134 485; x_wconf 89' lang='lat'>9.</span> 
     </span>
    </p>
   </div>
   <div class='ocr_carea' id='block_1_2' title="bbox 331 602 1447 4215">
    <p class='ocr_par' dir='ltr' id='par_1_2' title="bbox 331 602 1447 2139">
     <span class='ocr_line' id='line_1_2' title="bbox 332 602 1446 693; baseline 0.004 -24"><span class='ocrx_word' id='word_1_7' title='bbox 332 602 419 691; x_wconf 89' lang='lat' dir='ltr'>qnod</span> <span class='ocrx_word' id='word_1_8' title='bbox 433 624 497 669; x_wconf 91' lang='lat' dir='ltr'>non</span> <span class='ocrx_word' id='word_1_9' title='bbox 508 602 608 669; x_wconf 78' lang='lat' dir='ltr'>debet</span> <span class='ocrx_word' id='word_1_10' title='bbox 618 602 659 667; x_wconf 86' lang='lat' dir='ltr'>ad</span> <span class='ocrx_word' id='word_1_11' title='bbox 671 602 731 668; x_wconf 92' lang='lat' dir='ltr'>hoc</span> <span class='ocrx_word' id='word_1_12' title='bbox 742 604 843 669; x_wconf 82' lang='lat' dir='ltr'>breue</span> <span class='ocrx_word' id='word_1_13' title='bbox 853 604 1047 691; x_wconf 85' lang='lat' dir='ltr'>respondere</span> <span class='ocrx_word' id='word_1_14' title='bbox 1057 606 1136 693; x_wconf 85' lang='lat' dir='ltr'>quie</span> <span class='ocrx_word' id='word_1_15' title='bbox 1145 607 1275 673; x_wconf 81' lang='lat' dir='ltr'>nullum</span> <span class='ocrx_word' id='word_1_16' title='bbox 1286 607 1446 693; x_wconf 78' lang='lat' dir='ltr'>placitum</span> 
     </span>
     <span class='ocr_line' id='line_1_3' title="bbox 332 704 1447 776; baseline 0.004 -5"><span class='ocrx_word' id='word_1_17' title='bbox 332 706 397 772; x_wconf 75' lang='lat' dir='ltr'>fuir</span> <span class='ocrx_word' id='word_1_18' title='bbox 410 706 497 771; x_wconf 78' lang='lat' dir='ltr'>inter</span> <span class='ocrx_word' id='word_1_19' title='bbox 511 728 565 771; x_wconf 88' lang='lat' dir='ltr'>eos</span> <span class='ocrx_word' id='word_1_20' title='bbox 578 704 615 770; x_wconf 91' lang='lat' dir='ltr'>in</span> <span class='ocrx_word' id='word_1_21' title='bbox 628 705 787 771; x_wconf 78' lang='lat' dir='ltr'>comitatu</span> <span class='ocrx_word' id='word_1_22' title='bbox 802 705 843 772; x_wconf 94' lang='lat' dir='ltr'>de</span> <span class='ocrx_word' id='word_1_23' title='bbox 858 707 1004 773; x_wconf 88' lang='lat' dir='ltr'>seruiciis</span> <span class='ocrx_word' id='word_1_24' title='bbox 1024 717 1059 773; x_wconf 81' lang='lat' dir='ltr'>et</span> <span class='ocrx_word' id='word_1_25' title='bbox 1079 708 1371 775; x_wconf 71' lang='lat' dir='ltr'>consuetudinibus</span> <span class='ocrx_word' id='word_1_26' title='bbox 1384 733 1447 776; x_wconf 88' lang='lat' dir='ltr'>nec</span> 
     </span>
     <span class='ocr_line' id='line_1_4' title="bbox 332 808 1446 898; baseline 0.002 -23"><span class='ocrx_word' id='word_1_27' title='bbox 332 833 391 896; x_wconf 89' lang='lat' dir='ltr'>per</span> <span class='ocrx_word' id='word_1_28' title='bbox 410 809 509 875; x_wconf 83' lang='lat' dir='ltr'>breue</span> <span class='ocrx_word' id='word_1_29' title='bbox 529 830 589 874; x_wconf 90' lang='lat' dir='ltr'>nec</span> <span class='ocrx_word' id='word_1_30' title='bbox 609 808 679 873; x_wconf 82' lang='lat' dir='ltr'>sinc</span> <span class='ocrx_word' id='word_1_31' title='bbox 699 808 801 882; x_wconf 88' lang='lat' dir='ltr'>breui,</span> <span class='ocrx_word' id='word_1_32' title='bbox 816 818 868 874; x_wconf 78' lang='lat' dir='ltr'>set</span> <span class='ocrx_word' id='word_1_33' title='bbox 887 832 1003 875; x_wconf 88' lang='lat' dir='ltr'>uemm</span> <span class='ocrx_word' id='word_1_34' title='bbox 1023 811 1098 876; x_wconf 81' lang='lat' dir='ltr'>uult</span> <span class='ocrx_word' id='word_1_35' title='bbox 1118 810 1233 877; x_wconf 80' lang='lat' dir='ltr'>dicere.</span> <span class='ocrx_word' id='word_1_36' title='bbox 1277 811 1348 898; x_wconf 90' lang='lat' dir='ltr'>Ipsi</span> <span class='ocrx_word' id='word_1_37' title='bbox 1366 822 1446 877; x_wconf 83' lang='lat' dir='ltr'>sunt</span> 
     </span>
     <span class='ocr_line' id='line_1_5' title="bbox 332 912 1447 993; baseline 0.003 -14"><span class='ocrx_word' id='word_1_38' title='bbox 332 914 448 979; x_wconf 82' lang='lat' dir='ltr'>uillani</span> <span class='ocrx_word' id='word_1_39' title='bbox 469 914 530 991; x_wconf 87' lang='lat' dir='ltr'>sui,</span> <span class='ocrx_word' id='word_1_40' title='bbox 554 920 588 978; x_wconf 74' lang='lat' dir='ltr'>el</span> <span class='ocrx_word' id='word_1_41' title='bbox 614 912 736 977; x_wconf 73' lang='lat' dir='ltr'>debenl</span> <span class='ocrx_word' id='word_1_42' title='bbox 761 913 793 977; x_wconf 87' lang='lat' dir='ltr'>ei</span> <span class='ocrx_word' id='word_1_43' title='bbox 815 936 926 979; x_wconf 88' lang='lat' dir='ltr'>omnes</span> <span class='ocrx_word' id='word_1_44' title='bbox 947 916 1199 981; x_wconf 79' lang='lat' dir='ltr'>consuetudines</span> <span class='ocrx_word' id='word_1_45' title='bbox 1226 916 1375 993; x_wconf 85' lang='lat' dir='ltr'>uillanas,</span> <span class='ocrx_word' id='word_1_46' title='bbox 1396 916 1447 982; x_wconf 81' lang='lat' dir='ltr'>ita</span> 
     </span>
     <span class='ocr_line' id='line_1_6' title="bbox 333 1017 1447 1106; baseline 0.002 -23"><span class='ocrx_word' id='word_1_47' title='bbox 333 1018 419 1105; x_wconf 91' lang='lat' dir='ltr'>quod</span> <span class='ocrx_word' id='word_1_48' title='bbox 441 1040 506 1083; x_wconf 90' lang='lat' dir='ltr'>non</span> <span class='ocrx_word' id='word_1_49' title='bbox 529 1025 665 1103; x_wconf 72' lang='lat' dir='ltr'>possunt</span> <span class='ocrx_word' id='word_1_50' title='bbox 688 1017 772 1083; x_wconf 78' lang='lat' dir='ltr'>filias</span> <span class='ocrx_word' id='word_1_51' title='bbox 793 1040 869 1083; x_wconf 85' lang='lat' dir='ltr'>suas</span> <span class='ocrx_word' id='word_1_52' title='bbox 890 1020 1044 1085; x_wconf 78' lang='lat' dir='ltr'>maritare</span> <span class='ocrx_word' id='word_1_53' title='bbox 1066 1021 1136 1085; x_wconf 85' lang='lat' dir='ltr'>sine</span> <span class='ocrx_word' id='word_1_54' title='bbox 1159 1020 1303 1100; x_wconf 73' lang='lat' dir='ltr'>licencia,</span> <span class='ocrx_word' id='word_1_55' title='bbox 1324 1028 1360 1085; x_wconf 80' lang='lat' dir='ltr'>et</span> <span class='ocrx_word' id='word_1_56' title='bbox 1382 1020 1447 1106; x_wconf 84' lang='lat' dir='ltr'>ipsi</span> 
     </span>
     <span class='ocr_line' id='line_1_7' title="bbox 332 1120 1446 1207; baseline 0.004 -22"><span class='ocrx_word' id='word_1_57' title='bbox 332 1121 540 1207; x_wconf 80' lang='lat' dir='ltr'>deliquerunt</span> <span class='ocrx_word' id='word_1_58' title='bbox 567 1143 627 1206; x_wconf 90' lang='lat' dir='ltr'>per</span> <span class='ocrx_word' id='word_1_59' title='bbox 655 1120 742 1207; x_wconf 90' lang='lat' dir='ltr'>quod</span> <span class='ocrx_word' id='word_1_60' title='bbox 776 1121 850 1207; x_wconf 89' lang='lat' dir='ltr'>ipsa</span> <span class='ocrx_word' id='word_1_61' title='bbox 883 1122 993 1187; x_wconf 74' lang='lat' dir='ltr'>tenuit</span> <span class='ocrx_word' id='word_1_62' title='bbox 1028 1123 1152 1189; x_wconf 85' lang='lat' dir='ltr'>curiam</span> <span class='ocrx_word' id='word_1_63' title='bbox 1187 1146 1281 1189; x_wconf 82' lang='lat' dir='ltr'>suam</span> <span class='ocrx_word' id='word_1_64' title='bbox 1318 1132 1355 1188; x_wconf 78' lang='lat' dir='ltr'>et</span> <span class='ocrx_word' id='word_1_65' title='bbox 1390 1146 1446 1189; x_wconf 87' lang='lat' dir='ltr'>eos</span> 
     </span>
     <span class='ocr_line' id='line_1_8' title="bbox 331 1226 1445 1313; baseline 0.002 -22"><span class='ocrx_word' id='word_1_66' title='bbox 331 1226 514 1313; x_wconf 75' lang='lat' dir='ltr'>inculpauil</span> <span class='ocrx_word' id='word_1_67' title='bbox 543 1235 578 1292; x_wconf 74' lang='lat' dir='ltr'>ei</span> <span class='ocrx_word' id='word_1_68' title='bbox 607 1250 682 1293; x_wconf 87' lang='lat' dir='ltr'>cum</span> <span class='ocrx_word' id='word_1_69' title='bbox 711 1226 775 1312; x_wconf 88' lang='lat' dir='ltr'>ipsi</span> <span class='ocrx_word' id='word_1_70' title='bbox 805 1226 1045 1312; x_wconf 79' lang='lat' dir='ltr'>respondissent</span> <span class='ocrx_word' id='word_1_71' title='bbox 1075 1236 1111 1293; x_wconf 79' lang='lat' dir='ltr'>et</span> <span class='ocrx_word' id='word_1_72' title='bbox 1139 1228 1298 1293; x_wconf 89' lang='lat' dir='ltr'>iudicium</span> <span class='ocrx_word' id='word_1_73' title='bbox 1323 1228 1445 1293; x_wconf 77' lang='lat' dir='ltr'>habere</span> 
     </span>
     <span class='ocr_line' id='line_1_9' title="bbox 331 1328 1446 1416; baseline 0.002 -23"><span class='ocrx_word' id='word_1_74' title='bbox 331 1329 489 1395; x_wconf 78' lang='lat' dir='ltr'>deberent</span> <span class='ocrx_word' id='word_1_75' title='bbox 517 1328 558 1395; x_wconf 91' lang='lat' dir='ltr'>de</span> <span class='ocrx_word' id='word_1_76' title='bbox 588 1352 738 1415; x_wconf 82' lang='lat' dir='ltr'>responso</span> <span class='ocrx_word' id='word_1_77' title='bbox 767 1352 827 1395; x_wconf 86' lang='lat' dir='ltr'>suo</span> <span class='ocrx_word' id='word_1_78' title='bbox 850 1330 914 1416; x_wconf 84' lang='lat' dir='ltr'>ipsi</span> <span class='ocrx_word' id='word_1_79' title='bbox 937 1338 1014 1396; x_wconf 83' lang='lat' dir='ltr'>ante</span> <span class='ocrx_word' id='word_1_80' title='bbox 1037 1330 1196 1396; x_wconf 89' lang='lat' dir='ltr'>iudicium</span> <span class='ocrx_word' id='word_1_81' title='bbox 1222 1338 1388 1397; x_wconf 79' lang='lat' dir='ltr'>uenerunt</span> <span class='ocrx_word' id='word_1_82' title='bbox 1410 1338 1446 1395; x_wconf 78' lang='lat' dir='ltr'>et</span> 
     </span>
     <span class='ocr_line' id='line_1_10' title="bbox 331 1432 1444 1518; baseline 0 -21"><span class='ocrx_word' id='word_1_83' title='bbox 331 1440 511 1518; x_wconf 79' lang='lat' dir='ltr'>posuerunt</span> <span class='ocrx_word' id='word_1_84' title='bbox 544 1454 578 1498; x_wconf 88' lang='lat' dir='ltr'>se</span> <span class='ocrx_word' id='word_1_85' title='bbox 608 1434 643 1498; x_wconf 92' lang='lat' dir='ltr'>in</span> <span class='ocrx_word' id='word_1_86' title='bbox 672 1433 924 1499; x_wconf 83' lang='lat' dir='ltr'>misericordiam</span> <span class='ocrx_word' id='word_1_87' title='bbox 954 1456 1045 1499; x_wconf 81' lang='lat' dir='ltr'>suam</span> <span class='ocrx_word' id='word_1_88' title='bbox 1075 1442 1111 1499; x_wconf 81' lang='lat' dir='ltr'>et</span> <span class='ocrx_word' id='word_1_89' title='bbox 1141 1432 1328 1498; x_wconf 77' lang='lat' dir='ltr'>habuerunt</span> <span class='ocrx_word' id='word_1_90' title='bbox 1356 1432 1444 1497; x_wconf 86' lang='lat' dir='ltr'>diem</span> 
     </span>
     <span class='ocr_line' id='line_1_11' title="bbox 331 1535 1445 1622; baseline -0.001 -22"><span class='ocrx_word' id='word_1_91' title='bbox 331 1535 470 1601; x_wconf 77' lang='lat' dir='ltr'>faciendi</span> <span class='ocrx_word' id='word_1_92' title='bbox 490 1536 588 1600; x_wconf 87' lang='lat' dir='ltr'>finem</span> <span class='ocrx_word' id='word_1_93' title='bbox 609 1558 683 1601; x_wconf 87' lang='lat' dir='ltr'>cum</span> <span class='ocrx_word' id='word_1_94' title='bbox 704 1536 764 1601; x_wconf 85' lang='lat' dir='ltr'>ea¹.</span> <span class='ocrx_word' id='word_1_95' title='bbox 810 1535 864 1601; x_wconf 91' lang='lat' dir='ltr'>Ad</span> <span class='ocrx_word' id='word_1_96' title='bbox 880 1537 966 1601; x_wconf 92' lang='lat' dir='ltr'>diem</span> <span class='ocrx_word' id='word_1_97' title='bbox 982 1535 1092 1601; x_wconf 78' lang='lat' dir='ltr'>illum‘</span> <span class='ocrx_word' id='word_1_98' title='bbox 1106 1536 1184 1622; x_wconf 84' lang='lat' dir='ltr'>quia</span> <span class='ocrx_word' id='word_1_99' title='bbox 1197 1556 1262 1600; x_wconf 87' lang='lat' dir='ltr'>non</span> <span class='ocrx_word' id='word_1_100' title='bbox 1282 1544 1445 1600; x_wconf 78' lang='lat' dir='ltr'>uenerunt</span> 
     </span>
     <span class='ocr_line' id='line_1_12' title="bbox 331 1636 1443 1724; baseline -0.003 -21"><span class='ocrx_word' id='word_1_101' title='bbox 331 1636 499 1703; x_wconf 75' lang='lat' dir='ltr'>distrinxit</span> <span class='ocrx_word' id='word_1_102' title='bbox 513 1658 568 1702; x_wconf 85' lang='lat' dir='ltr'>eos</span> <span class='ocrx_word' id='word_1_103' title='bbox 581 1658 640 1721; x_wconf 87' lang='lat' dir='ltr'>per</span> <span class='ocrx_word' id='word_1_104' title='bbox 654 1637 764 1703; x_wconf 82' lang='lat' dir='ltr'>aueria</span> <span class='ocrx_word' id='word_1_105' title='bbox 778 1660 839 1703; x_wconf 86' lang='lat' dir='ltr'>sua</span> <span class='ocrx_word' id='word_1_106' title='bbox 852 1646 887 1703; x_wconf 81' lang='lat' dir='ltr'>et</span> <span class='ocrx_word' id='word_1_107' title='bbox 901 1638 965 1724; x_wconf 90' lang='lat' dir='ltr'>ipsi</span> <span class='ocrx_word' id='word_1_108' title='bbox 979 1645 1143 1703; x_wconf 84' lang='lat' dir='ltr'>uenerunt</span> <span class='ocrx_word' id='word_1_109' title='bbox 1160 1638 1203 1702; x_wconf 89' lang='lat' dir='ltr'>ad</span> <span class='ocrx_word' id='word_1_110' title='bbox 1217 1637 1443 1702; x_wconf 78' lang='lat' dir='ltr'>nicecomitem</span> 
     </span>
     <span class='ocr_line' id='line_1_13' title="bbox 332 1740 1445 1828; baseline 0.002 -23"><span class='ocrx_word' id='word_1_111' title='bbox 332 1749 367 1807; x_wconf 79' lang='lat' dir='ltr'>et</span> <span class='ocrx_word' id='word_1_112' title='bbox 396 1741 541 1805; x_wconf 77' lang='lat' dir='ltr'>fecerunt</span> <span class='ocrx_word' id='word_1_113' title='bbox 571 1740 734 1826; x_wconf 81' lang='lat' dir='ltr'>querelam</span> <span class='ocrx_word' id='word_1_114' title='bbox 765 1740 950 1805; x_wconf 80' lang='lat' dir='ltr'>uicecomiti</span> <span class='ocrx_word' id='word_1_115' title='bbox 975 1762 1034 1827; x_wconf 87' lang='lat' dir='ltr'>per</span> <span class='ocrx_word' id='word_1_116' title='bbox 1059 1740 1146 1828; x_wconf 87' lang='lat' dir='ltr'>quod</span> <span class='ocrx_word' id='word_1_117' title='bbox 1169 1740 1239 1826; x_wconf 91' lang='lat' dir='ltr'>ipse</span> <span class='ocrx_word' id='word_1_118' title='bbox 1264 1740 1445 1807; x_wconf 81' lang='lat' dir='ltr'>uicecomcs</span> 
     </span>
     <span class='ocr_line' id='line_1_14' title="bbox 332 1843 1444 1931; baseline -0.002 -21"><span class='ocrx_word' id='word_1_119' title='bbox 332 1845 419 1931; x_wconf 82' lang='lat' dir='ltr'>cepit</span> <span class='ocrx_word' id='word_1_120' title='bbox 442 1843 553 1909; x_wconf 77' lang='lat' dir='ltr'>suerin</span> <span class='ocrx_word' id='word_1_121' title='bbox 575 1865 634 1909; x_wconf 80' lang='lat' dir='ltr'>sua</span> <span class='ocrx_word' id='word_1_122' title='bbox 658 1851 692 1909; x_wconf 78' lang='lat' dir='ltr'>et</span> <span class='ocrx_word' id='word_1_123' title='bbox 716 1844 793 1909; x_wconf 80' lang='lat' dir='ltr'>fecit</span> <span class='ocrx_word' id='word_1_124' title='bbox 817 1845 929 1911; x_wconf 89' lang='lat' dir='ltr'>uenire</span> <span class='ocrx_word' id='word_1_125' title='bbox 953 1867 1025 1911; x_wconf 83' lang='lat' dir='ltr'>eam</span> <span class='ocrx_word' id='word_1_126' title='bbox 1052 1846 1094 1911; x_wconf 81' lang='lat' dir='ltr'>ad</span> <span class='ocrx_word' id='word_1_127' title='bbox 1120 1846 1314 1911; x_wconf 80' lang='lat' dir='ltr'>comitatum</span> <span class='ocrx_word' id='word_1_128' title='bbox 1336 1854 1374 1911; x_wconf 76' lang='lat' dir='ltr'>et</span> <span class='ocrx_word' id='word_1_129' title='bbox 1396 1845 1444 1909; x_wconf 88' lang='lat' dir='ltr'>ibi</span> 
     </span>
     <span class='ocr_line' id='line_1_15' title="bbox 331 1946 1444 2033; baseline -0.002 -20"><span class='ocrx_word' id='word_1_130' title='bbox 331 1948 464 2013; x_wconf 78' lang='lat' dir='ltr'>durauit</span> <span class='ocrx_word' id='word_1_131' title='bbox 479 1946 561 2012; x_wconf 92' lang='lat' dir='ltr'>illud</span> <span class='ocrx_word' id='word_1_132' title='bbox 576 1946 733 2032; x_wconf 77' lang='lat' dir='ltr'>placitum</span> <span class='ocrx_word' id='word_1_133' title='bbox 748 1947 790 2012; x_wconf 94' lang='lat' dir='ltr'>de</span> <span class='ocrx_word' id='word_1_134' title='bbox 805 1948 957 2033; x_wconf 78' lang='lat' dir='ltr'>capcione</span> <span class='ocrx_word' id='word_1_135' title='bbox 971 1948 1101 2013; x_wconf 90' lang='lat' dir='ltr'>illorum</span> <span class='ocrx_word' id='word_1_136' title='bbox 1119 1948 1304 2013; x_wconf 86' lang='lat' dir='ltr'>aueriorum</span> <span class='ocrx_word' id='word_1_137' title='bbox 1325 1968 1444 2033; x_wconf 89' lang='lat' dir='ltr'>quous·</span> 
     </span>
     <span class='ocr_line' id='line_1_16' title="bbox 331 2050 1356 2139; baseline -0.002 -22"><span class='ocrx_word' id='word_1_138' title='bbox 331 2076 394 2139; x_wconf 89' lang='lat' dir='ltr'>que</span> <span class='ocrx_word' id='word_1_139' title='bbox 409 2052 472 2139; x_wconf 86' lang='lat' dir='ltr'>ipsi</span> <span class='ocrx_word' id='word_1_140' title='bbox 486 2052 692 2138; x_wconf 81' lang='lat' dir='ltr'>protulerunt</span> <span class='ocrx_word' id='word_1_141' title='bbox 708 2050 808 2137; x_wconf 83' lang='lat' dir='ltr'>pone³</span> <span class='ocrx_word' id='word_1_142' title='bbox 823 2074 919 2116; x_wconf 87' lang='lat' dir='ltr'>suum</span> <span class='ocrx_word' id='word_1_143' title='bbox 934 2050 976 2116; x_wconf 88' lang='lat' dir='ltr'>de</span> <span class='ocrx_word' id='word_1_144' title='bbox 991 2052 1121 2137; x_wconf 89' lang='lat' dir='ltr'>loquela</span> <span class='ocrx_word' id='word_1_145' title='bbox 1128 2050 1356 2117; x_wconf 77' lang='lat' dir='ltr'>ammonendo..</span> 
     </span>
    </p>

    <p class='ocr_par' dir='ltr' id='par_1_3' title="bbox 332 2152 1446 2449">
     <span class='ocr_line' id='line_1_17' title="bbox 397 2152 1445 2241; baseline -0.001 -23"><span class='ocrx_word' id='word_1_146' title='bbox 397 2154 441 2218; x_wconf 76' lang='lat' dir='ltr'>Ec</span> <span class='ocrx_word' id='word_1_147' title='bbox 456 2154 573 2219; x_wconf 78' lang='lat' dir='ltr'>Petrus</span> <span class='ocrx_word' id='word_1_148' title='bbox 587 2161 622 2218; x_wconf 74' lang='lat' dir='ltr'>ei</span> <span class='ocrx_word' id='word_1_149' title='bbox 637 2152 693 2218; x_wconf 86' lang='lat' dir='ltr'>alii</span> <span class='ocrx_word' id='word_1_150' title='bbox 708 2154 768 2219; x_wconf 90' lang='lat' dir='ltr'>hoc</span> <span class='ocrx_word' id='word_1_151' title='bbox 782 2162 980 2241; x_wconf 77' lang='lat' dir='ltr'>cognoscunt</span> <span class='ocrx_word' id='word_1_152' title='bbox 992 2162 1045 2219; x_wconf 78' lang='lat' dir='ltr'>aet</span> <span class='ocrx_word' id='word_1_153' title='bbox 1059 2154 1175 2219; x_wconf 78' lang='lat' dir='ltr'>dicunt</span> <span class='ocrx_word' id='word_1_154' title='bbox 1189 2153 1276 2240; x_wconf 91' lang='lat' dir='ltr'>quod</span> <span class='ocrx_word' id='word_1_155' title='bbox 1290 2153 1393 2219; x_wconf 90' lang='lat' dir='ltr'>nichil</span> <span class='ocrx_word' id='word_1_156' title='bbox 1412 2152 1445 2218; x_wconf 91' lang='lat' dir='ltr'>ei</span> 
     </span>
     <span class='ocr_line' id='line_1_18' title="bbox 332 2258 1446 2345; baseline -0.003 -19"><span class='ocrx_word' id='word_1_157' title='bbox 332 2260 453 2326; x_wconf 75' lang='lat' dir='ltr'>debent</span> <span class='ocrx_word' id='word_1_158' title='bbox 478 2258 542 2323; x_wconf 87' lang='lat' dir='ltr'>nisi</span> <span class='ocrx_word' id='word_1_159' title='bbox 565 2267 696 2324; x_wconf 80' lang='lat' dir='ltr'>tantum</span> <span class='ocrx_word' id='word_1_160' title='bbox 720 2282 748 2323; x_wconf 87' lang='lat' dir='ltr'>x.</span> <span class='ocrx_word' id='word_1_161' title='bbox 774 2259 829 2325; x_wconf 89' lang='lat' dir='ltr'>sol</span> <span class='ocrx_word' id='word_1_162' title='bbox 854 2267 890 2324; x_wconf 78' lang='lat' dir='ltr'>et</span> <span class='ocrx_word' id='word_1_163' title='bbox 912 2258 1000 2345; x_wconf 92' lang='lat' dir='ltr'>quod</span> <span class='ocrx_word' id='word_1_164' title='bbox 1023 2259 1117 2324; x_wconf 88' lang='lat' dir='ltr'>liberi</span> <span class='ocrx_word' id='word_1_165' title='bbox 1144 2258 1292 2323; x_wconf 88' lang='lat' dir='ltr'>homines</span> <span class='ocrx_word' id='word_1_166' title='bbox 1317 2258 1387 2323; x_wconf 78' lang='lat' dir='ltr'>sinl</span> <span class='ocrx_word' id='word_1_167' title='bbox 1410 2266 1446 2323; x_wconf 73' lang='lat' dir='ltr'>et</span> 
     </span>
     <span class='ocr_line' id='line_1_19' title="bbox 332 2362 1272 2449; baseline -0.002 -20"><span class='ocrx_word' id='word_1_168' title='bbox 332 2364 432 2429; x_wconf 86' lang='lat' dir='ltr'>libere</span> <span class='ocrx_word' id='word_1_169' title='bbox 447 2370 562 2427; x_wconf 75' lang='lat' dir='ltr'>tenent</span> <span class='ocrx_word' id='word_1_170' title='bbox 576 2362 617 2427; x_wconf 93' lang='lat' dir='ltr'>de</span> <span class='ocrx_word' id='word_1_171' title='bbox 633 2385 678 2427; x_wconf 82' lang='lat' dir='ltr'>ea</span> <span class='ocrx_word' id='word_1_172' title='bbox 722 2363 807 2427; x_wconf 91' lang='lat' dir='ltr'>Inde</span> <span class='ocrx_word' id='word_1_173' title='bbox 820 2371 948 2448; x_wconf 75' lang='lat' dir='ltr'>ponunt</span> <span class='ocrx_word' id='word_1_174' title='bbox 962 2386 996 2428; x_wconf 90' lang='lat' dir='ltr'>se</span> <span class='ocrx_word' id='word_1_175' title='bbox 1011 2386 1109 2449; x_wconf 90' lang='lat' dir='ltr'>super</span> <span class='ocrx_word' id='word_1_176' title='bbox 1122 2363 1272 2449; x_wconf 75' lang='lat' dir='ltr'>patriam.</span> 
     </span>
    </p>

    <p class='ocr_par' dir='ltr' id='par_1_4' title="bbox 331 2465 1447 4005">
     <span class='ocr_line' id='line_1_20' title="bbox 399 2465 1445 2554; baseline 0 -23"><span class='ocrx_word' id='word_1_177' title='bbox 399 2466 443 2531; x_wconf 76' lang='lat' dir='ltr'>El</span> <span class='ocrx_word' id='word_1_178' title='bbox 464 2466 600 2533; x_wconf 75' lang='lat' dir='ltr'>«Iuliana</span> <span class='ocrx_word' id='word_1_179' title='bbox 622 2467 710 2554; x_wconf 75' lang='lat' dir='ltr'>petit</span> <span class='ocrx_word' id='word_1_180' title='bbox 734 2467 902 2548; x_wconf 91' lang='lat' dir='ltr'>iudicium,</span> <span class='ocrx_word' id='word_1_181' title='bbox 926 2475 961 2533; x_wconf 84' lang='lat' dir='ltr'>et</span> <span class='ocrx_word' id='word_1_182' title='bbox 989 2468 1084 2554; x_wconf 73' lang='lat' dir='ltr'>ponit</span> <span class='ocrx_word' id='word_1_183' title='bbox 1112 2488 1147 2531; x_wconf 86' lang='lat' dir='ltr'>ae</span> <span class='ocrx_word' id='word_1_184' title='bbox 1175 2488 1275 2554; x_wconf 85' lang='lat' dir='ltr'>snper</span> <span class='ocrx_word' id='word_1_185' title='bbox 1303 2465 1445 2553; x_wconf 81' lang='lat' dir='ltr'>patriam</span> 
     </span>
     <span class='ocr_line' id='line_1_21' title="bbox 331 2570 1446 2658; baseline -0.002 -20"><span class='ocrx_word' id='word_1_186' title='bbox 331 2580 444 2638; x_wconf 75' lang='lat' dir='ltr'>ulrum</span> <span class='ocrx_word' id='word_1_187' title='bbox 459 2571 553 2636; x_wconf 86' lang='lat' dir='ltr'>liberi</span> <span class='ocrx_word' id='word_1_188' title='bbox 568 2570 714 2636; x_wconf 87' lang='lat' dir='ltr'>homines</span> <span class='ocrx_word' id='word_1_189' title='bbox 728 2571 795 2637; x_wconf 76' lang='lat' dir='ltr'>sint</span> <span class='ocrx_word' id='word_1_190' title='bbox 810 2571 895 2638; x_wconf 80' lang='lat' dir='ltr'>sicut</span> <span class='ocrx_word' id='word_1_191' title='bbox 908 2572 971 2658; x_wconf 88' lang='lat' dir='ltr'>ipsi</span> <span class='ocrx_word' id='word_1_192' title='bbox 991 2572 1105 2638; x_wconf 70' lang='lat' dir='ltr'>dicuni</span> <span class='ocrx_word' id='word_1_193' title='bbox 1125 2573 1179 2638; x_wconf 91' lang='lat' dir='ltr'>uel</span> <span class='ocrx_word' id='word_1_194' title='bbox 1195 2572 1223 2636; x_wconf 87' lang='lat' dir='ltr'>si</span> <span class='ocrx_word' id='word_1_195' title='bbox 1243 2571 1310 2636; x_wconf 77' lang='lat' dir='ltr'>sint</span> <span class='ocrx_word' id='word_1_196' title='bbox 1329 2571 1446 2636; x_wconf 82' lang='lat' dir='ltr'>uillani</span> 
     </span>
     <span class='ocr_line' id='line_1_22' title="bbox 333 2674 1447 2761; baseline 0 -22"><span class='ocrx_word' id='word_1_197' title='bbox 333 2683 368 2740; x_wconf 76' lang='lat' dir='ltr'>et</span> <span class='ocrx_word' id='word_1_198' title='bbox 383 2681 485 2738; x_wconf 76' lang='lat' dir='ltr'>terras</span> <span class='ocrx_word' id='word_1_199' title='bbox 499 2695 573 2738; x_wconf 81' lang='lat' dir='ltr'>suas</span> <span class='ocrx_word' id='word_1_200' title='bbox 588 2681 724 2739; x_wconf 73' lang='lat' dir='ltr'>teneant</span> <span class='ocrx_word' id='word_1_201' title='bbox 738 2674 773 2738; x_wconf 92' lang='lat' dir='ltr'>in</span> <span class='ocrx_word' id='word_1_202' title='bbox 791 2674 954 2761; x_wconf 78' lang='lat' dir='ltr'>uilenagio</span> <span class='ocrx_word' id='word_1_203' title='bbox 974 2674 1022 2739; x_wconf 78' lang='lat' dir='ltr'>ita</span> <span class='ocrx_word' id='word_1_204' title='bbox 1042 2675 1129 2760; x_wconf 93' lang='lat' dir='ltr'>quod</span> <span class='ocrx_word' id='word_1_205' title='bbox 1148 2674 1270 2739; x_wconf 80' lang='lat' dir='ltr'>debent</span> <span class='ocrx_word' id='word_1_206' title='bbox 1290 2674 1366 2739; x_wconf 91' lang='lat' dir='ltr'>inde</span> <span class='ocrx_word' id='word_1_207' title='bbox 1386 2695 1447 2760; x_wconf 88' lang='lat' dir='ltr'>per</span> 
     </span>
     <span class='ocr_line' id='line_1_23' title="bbox 333 2777 1447 2864; baseline -0.002 -20"><span class='ocrx_word' id='word_1_208' title='bbox 333 2801 406 2844; x_wconf 86' lang='lat' dir='ltr'>ann</span> <span class='ocrx_word' id='word_1_209' title='bbox 431 2801 460 2844; x_wconf 85' lang='lat' dir='ltr'>x.</span> <span class='ocrx_word' id='word_1_210' title='bbox 485 2777 549 2854; x_wconf 84' lang='lat' dir='ltr'>sol,</span> <span class='ocrx_word' id='word_1_211' title='bbox 573 2785 607 2842; x_wconf 75' lang='lat' dir='ltr'>el</span> <span class='ocrx_word' id='word_1_212' title='bbox 632 2786 781 2864; x_wconf 84' lang='lat' dir='ltr'>preterea</span> <span class='ocrx_word' id='word_1_213' title='bbox 806 2801 897 2844; x_wconf 84' lang='lat' dir='ltr'>erare</span> <span class='ocrx_word' id='word_1_214' title='bbox 921 2779 947 2864; x_wconf 89' lang='lat' dir='ltr'>j.</span> <span class='ocrx_word' id='word_1_215' title='bbox 970 2801 1078 2843; x_wconf 85' lang='lat' dir='ltr'>acram</span> <span class='ocrx_word' id='word_1_216' title='bbox 1103 2777 1146 2842; x_wconf 85' lang='lat' dir='ltr'>ad</span> <span class='ocrx_word' id='word_1_217' title='bbox 1174 2779 1386 2854; x_wconf 82' lang='lat' dir='ltr'>frumentum,</span> <span class='ocrx_word' id='word_1_218' title='bbox 1410 2785 1447 2842; x_wconf 76' lang='lat' dir='ltr'>et</span> 
     </span>
     <span class='ocr_line' id='line_1_24' title="bbox 333 2880 1445 2968; baseline -0.002 -20"><span class='ocrx_word' id='word_1_219' title='bbox 333 2882 500 2958; x_wconf 83' lang='lat' dir='ltr'>seminare,</span> <span class='ocrx_word' id='word_1_220' title='bbox 515 2889 550 2945; x_wconf 79' lang='lat' dir='ltr'>et</span> <span class='ocrx_word' id='word_1_221' title='bbox 564 2881 677 2946; x_wconf 89' lang='lat' dir='ltr'>uenire</span> <span class='ocrx_word' id='word_1_222' title='bbox 691 2903 749 2968; x_wconf 92' lang='lat' dir='ltr'>pro</span> <span class='ocrx_word' id='word_1_223' title='bbox 763 2881 886 2946; x_wconf 86' lang='lat' dir='ltr'>semine</span> <span class='ocrx_word' id='word_1_224' title='bbox 901 2880 943 2945; x_wconf 86' lang='lat' dir='ltr'>ad</span> <span class='ocrx_word' id='word_1_225' title='bbox 957 2880 1143 2967; x_wconf 84' lang='lat' dir='ltr'>granarium</span> <span class='ocrx_word' id='word_1_226' title='bbox 1158 2903 1255 2945; x_wconf 85' lang='lat' dir='ltr'>suum</span> <span class='ocrx_word' id='word_1_227' title='bbox 1269 2889 1306 2946; x_wconf 79' lang='lat' dir='ltr'>et</span> <span class='ocrx_word' id='word_1_228' title='bbox 1319 2890 1445 2946; x_wconf 79' lang='lat' dir='ltr'>metere</span> 
     </span>
     <span class='ocr_line' id='line_1_25' title="bbox 333 2983 1446 3071; baseline -0.001 -20"><span class='ocrx_word' id='word_1_229' title='bbox 333 2985 467 3051; x_wconf 81' lang='lat' dir='ltr'>bladum</span> <span class='ocrx_word' id='word_1_230' title='bbox 492 2983 580 3048; x_wconf 88' lang='lat' dir='ltr'>illius</span> <span class='ocrx_word' id='word_1_231' title='bbox 602 3007 674 3049; x_wconf 82' lang='lat' dir='ltr'>aere</span> <span class='ocrx_word' id='word_1_232' title='bbox 687 2993 731 3048; x_wconf 76' lang='lat' dir='ltr'>&#39;et</span> <span class='ocrx_word' id='word_1_233' title='bbox 753 2984 874 3050; x_wconf 74' lang='lat' dir='ltr'>cariore</span> <span class='ocrx_word' id='word_1_234' title='bbox 895 2983 939 3048; x_wconf 82' lang='lat' dir='ltr'>ad</span> <span class='ocrx_word' id='word_1_235' title='bbox 959 2983 1128 3071; x_wconf 77' lang='lat' dir='ltr'>grangiam</span> <span class='ocrx_word' id='word_1_236' title='bbox 1152 2992 1187 3049; x_wconf 77' lang='lat' dir='ltr'>et</span> <span class='ocrx_word' id='word_1_237' title='bbox 1208 2984 1257 3049; x_wconf 90' lang='lat' dir='ltr'>ibi</span> <span class='ocrx_word' id='word_1_238' title='bbox 1279 2984 1400 3050; x_wconf 83' lang='lat' dir='ltr'>habere</span> <span class='ocrx_word' id='word_1_239' title='bbox 1419 2985 1446 3071; x_wconf 90' lang='lat' dir='ltr'>j.</span> 
     </span>
     <span class='ocr_line' id='line_1_26' title="bbox 334 3087 1445 3176; baseline 0.001 -22"><span class='ocrx_word' id='word_1_240' title='bbox 334 3089 468 3176; x_wconf 81' lang='lat' dir='ltr'>garbam</span> <span class='ocrx_word' id='word_1_241' title='bbox 482 3088 524 3154; x_wconf 86' lang='lat' dir='ltr'>ad</span> <span class='ocrx_word' id='word_1_242' title='bbox 539 3087 719 3174; x_wconf 74' lang='lat' dir='ltr'>quamlibel</span> <span class='ocrx_word' id='word_1_243' title='bbox 734 3089 896 3175; x_wconf 82' lang='lat' dir='ltr'>uirgatam</span> <span class='ocrx_word' id='word_1_244' title='bbox 912 3096 997 3153; x_wconf 76' lang='lat' dir='ltr'>terre</span> <span class='ocrx_word' id='word_1_245' title='bbox 1012 3095 1047 3152; x_wconf 77' lang='lat' dir='ltr'>et</span> <span class='ocrx_word' id='word_1_246' title='bbox 1062 3087 1122 3152; x_wconf 93' lang='lat' dir='ltr'>hoc</span> <span class='ocrx_word' id='word_1_247' title='bbox 1142 3087 1184 3152; x_wconf 86' lang='lat' dir='ltr'>ad</span> <span class='ocrx_word' id='word_1_248' title='bbox 1204 3089 1316 3154; x_wconf 89' lang='lat' dir='ltr'>cibum</span> <span class='ocrx_word' id='word_1_249' title='bbox 1331 3112 1445 3155; x_wconf 90' lang='lat' dir='ltr'>eorum</span> 
     </span>
     <span class='ocr_line' id='line_1_27' title="bbox 334 3190 1446 3279; baseline 0.003 -23"><span class='ocrx_word' id='word_1_250' title='bbox 334 3191 508 3279; x_wconf 89' lang='lat' dir='ltr'>proprium,</span> <span class='ocrx_word' id='word_1_251' title='bbox 535 3199 569 3256; x_wconf 77' lang='lat' dir='ltr'>et</span> <span class='ocrx_word' id='word_1_252' title='bbox 599 3190 711 3256; x_wconf 90' lang='lat' dir='ltr'>eodem</span> <span class='ocrx_word' id='word_1_253' title='bbox 741 3191 837 3257; x_wconf 90' lang='lat' dir='ltr'>modo</span> <span class='ocrx_word' id='word_1_254' title='bbox 865 3191 987 3256; x_wconf 80' lang='lat' dir='ltr'>debent</span> <span class='ocrx_word' id='word_1_255' title='bbox 1018 3191 1189 3256; x_wconf 78' lang='lat' dir='ltr'>waretere‘</span> <span class='ocrx_word' id='word_1_256' title='bbox 1213 3192 1238 3278; x_wconf 92' lang='lat' dir='ltr'>j.</span> <span class='ocrx_word' id='word_1_257' title='bbox 1264 3215 1374 3258; x_wconf 81' lang='lat' dir='ltr'>acram</span> <span class='ocrx_word' id='word_1_258' title='bbox 1402 3194 1446 3258; x_wconf 86' lang='lat' dir='ltr'>ad</span> 
     </span>
     <span class='ocr_line' id='line_1_28' title="bbox 335 3294 1446 3383; baseline 0 -21"><span class='ocrx_word' id='word_1_259' title='bbox 335 3295 468 3362; x_wconf 89' lang='lat' dir='ltr'>ordeum</span> <span class='ocrx_word' id='word_1_260' title='bbox 484 3303 518 3360; x_wconf 78' lang='lat' dir='ltr'>et</span> <span class='ocrx_word' id='word_1_261' title='bbox 538 3303 651 3380; x_wconf 85' lang='lat' dir='ltr'>postea</span> <span class='ocrx_word' id='word_1_262' title='bbox 673 3316 762 3360; x_wconf 81' lang='lat' dir='ltr'>arere</span> <span class='ocrx_word' id='word_1_263' title='bbox 783 3304 818 3358; x_wconf 80' lang='lat' dir='ltr'>et</span> <span class='ocrx_word' id='word_1_264' title='bbox 837 3294 996 3359; x_wconf 83' lang='lat' dir='ltr'>seminare</span> <span class='ocrx_word' id='word_1_265' title='bbox 1015 3294 1100 3360; x_wconf 77' lang='lat' dir='ltr'>sicut</span> <span class='ocrx_word' id='word_1_266' title='bbox 1114 3295 1212 3382; x_wconf 78' lang='lat' dir='ltr'>priua,</span> <span class='ocrx_word' id='word_1_267' title='bbox 1228 3304 1263 3361; x_wconf 75' lang='lat' dir='ltr'>ct</span> <span class='ocrx_word' id='word_1_268' title='bbox 1277 3297 1365 3383; x_wconf 90' lang='lat' dir='ltr'>quod</span> <span class='ocrx_word' id='word_1_269' title='bbox 1378 3321 1446 3364; x_wconf 92' lang='lat' dir='ltr'>non</span> 
     </span>
     <span class='ocr_line' id='line_1_29' title="bbox 335 3399 1445 3488; baseline 0.003 -23"><span class='ocrx_word' id='word_1_270' title='bbox 335 3408 470 3488; x_wconf 78' lang='lat' dir='ltr'>possunt</span> <span class='ocrx_word' id='word_1_271' title='bbox 485 3399 568 3464; x_wconf 80' lang='lat' dir='ltr'>filias</span> <span class='ocrx_word' id='word_1_272' title='bbox 583 3421 657 3464; x_wconf 85' lang='lat' dir='ltr'>suas</span> <span class='ocrx_word' id='word_1_273' title='bbox 672 3399 825 3464; x_wconf 79' lang='lat' dir='ltr'>maritare</span> <span class='ocrx_word' id='word_1_274' title='bbox 840 3399 910 3464; x_wconf 88' lang='lat' dir='ltr'>sine</span> <span class='ocrx_word' id='word_1_275' title='bbox 932 3399 1066 3464; x_wconf 85' lang='lat' dir='ltr'>licencia</span> <span class='ocrx_word' id='word_1_276' title='bbox 1085 3408 1155 3478; x_wconf 84' lang='lat' dir='ltr'>etc,</span> <span class='ocrx_word' id='word_1_277' title='bbox 1170 3409 1205 3464; x_wconf 79' lang='lat' dir='ltr'>et</span> <span class='ocrx_word' id='word_1_278' title='bbox 1224 3402 1312 3487; x_wconf 91' lang='lat' dir='ltr'>quod</span> <span class='ocrx_word' id='word_1_279' title='bbox 1330 3402 1382 3467; x_wconf 83' lang='lat' dir='ltr'>ita</span> <span class='ocrx_word' id='word_1_280' title='bbox 1399 3402 1445 3468; x_wconf 80' lang='lat' dir='ltr'>sit</span> 
     </span>
     <span class='ocr_line' id='line_1_30' title="bbox 334 3503 1445 3591; baseline 0.002 -23"><span class='ocrx_word' id='word_1_281' title='bbox 334 3504 483 3591; x_wconf 79' lang='lat' dir='ltr'>producit</span> <span class='ocrx_word' id='word_1_282' title='bbox 497 3511 628 3582; x_wconf 83' lang='lat' dir='ltr'>sectam,</span> <span class='ocrx_word' id='word_1_283' title='bbox 644 3511 678 3567; x_wconf 76' lang='lat' dir='ltr'>et</span> <span class='ocrx_word' id='word_1_284' title='bbox 693 3504 721 3568; x_wconf 90' lang='lat' dir='ltr'>si</span> <span class='ocrx_word' id='word_1_285' title='bbox 736 3503 797 3568; x_wconf 91' lang='lat' dir='ltr'>hoc</span> <span class='ocrx_word' id='word_1_286' title='bbox 811 3525 876 3568; x_wconf 91' lang='lat' dir='ltr'>non</span> <span class='ocrx_word' id='word_1_287' title='bbox 890 3503 1010 3568; x_wconf 81' lang='lat' dir='ltr'>sufficit</span> <span class='ocrx_word' id='word_1_288' title='bbox 1024 3503 1118 3589; x_wconf 80' lang='lat' dir='ltr'>ponit</span> <span class='ocrx_word' id='word_1_289' title='bbox 1132 3527 1167 3568; x_wconf 89' lang='lat' dir='ltr'>se</span> <span class='ocrx_word' id='word_1_290' title='bbox 1181 3527 1280 3591; x_wconf 84' lang='lat' dir='ltr'>super</span> <span class='ocrx_word' id='word_1_291' title='bbox 1293 3507 1445 3591; x_wconf 75' lang='lat' dir='ltr'>patriam,</span> 
     </span>
     <span class='ocr_line' id='line_1_31' title="bbox 334 3607 1444 3694; baseline 0 -20"><span class='ocrx_word' id='word_1_292' title='bbox 334 3618 368 3674; x_wconf 78' lang='lat' dir='ltr'>et</span> <span class='ocrx_word' id='word_1_293' title='bbox 382 3617 531 3694; x_wconf 84' lang='lat' dir='ltr'>preterea</span> <span class='ocrx_word' id='word_1_294' title='bbox 544 3607 624 3672; x_wconf 81' lang='lat' dir='ltr'>dicit</span> <span class='ocrx_word' id='word_1_295' title='bbox 639 3607 726 3694; x_wconf 90' lang='lat' dir='ltr'>quod</span> <span class='ocrx_word' id='word_1_296' title='bbox 740 3607 887 3693; x_wconf 79' lang='lat' dir='ltr'>quolibet</span> <span class='ocrx_word' id='word_1_297' title='bbox 907 3629 992 3672; x_wconf 82' lang='lat' dir='ltr'>anno</span> <span class='ocrx_word' id='word_1_298' title='bbox 1006 3615 1116 3693; x_wconf 75' lang='lat' dir='ltr'>potest</span> <span class='ocrx_word' id='word_1_299' title='bbox 1130 3609 1258 3675; x_wconf 82' lang='lat' dir='ltr'>taillare</span> <span class='ocrx_word' id='word_1_300' title='bbox 1272 3631 1328 3674; x_wconf 83' lang='lat' dir='ltr'>eos</span> <span class='ocrx_word' id='word_1_301' title='bbox 1341 3609 1444 3676; x_wconf 88' lang='lat' dir='ltr'>semel</span> 
     </span>
     <span class='ocr_line' id='line_1_32' title="bbox 333 3710 1446 3800; baseline 0 -22"><span class='ocrx_word' id='word_1_302' title='bbox 333 3711 511 3778; x_wconf 82' lang='lat' dir='ltr'>secundum</span> <span class='ocrx_word' id='word_1_303' title='bbox 541 3711 627 3797; x_wconf 91' lang='lat' dir='ltr'>quod</span> <span class='ocrx_word' id='word_1_304' title='bbox 650 3710 888 3776; x_wconf 74' lang='lat' dir='ltr'>racionabiliter</span> <span class='ocrx_word' id='word_1_305' title='bbox 913 3719 1068 3797; x_wconf 80' lang='lat' dir='ltr'>poterunt</span> <span class='ocrx_word' id='word_1_306' title='bbox 1094 3720 1130 3777; x_wconf 80' lang='lat' dir='ltr'>et</span> <span class='ocrx_word' id='word_1_307' title='bbox 1157 3712 1217 3779; x_wconf 89' lang='lat' dir='ltr'>hoc</span> <span class='ocrx_word' id='word_1_308' title='bbox 1242 3713 1327 3778; x_wconf 89' lang='lat' dir='ltr'>bene</span> <span class='ocrx_word' id='word_1_309' title='bbox 1350 3721 1446 3800; x_wconf 76' lang='lat' dir='ltr'>petet</span> 
     </span>
     <span class='ocr_line' id='line_1_33' title="bbox 333 3815 1445 3903; baseline 0.002 -21"><span class='ocrx_word' id='word_1_310' title='bbox 333 3817 412 3903; x_wconf 85' lang='lat' dir='ltr'>quia</span> <span class='ocrx_word' id='word_1_311' title='bbox 425 3824 596 3902; x_wconf 78' lang='lat' dir='ltr'>postnatus</span> <span class='ocrx_word' id='word_1_312' title='bbox 610 3815 696 3880; x_wconf 90' lang='lat' dir='ltr'>filius</span> <span class='ocrx_word' id='word_1_313' title='bbox 710 3837 838 3901; x_wconf 88' lang='lat' dir='ltr'>semper</span> <span class='ocrx_word' id='word_1_314' title='bbox 851 3815 952 3881; x_wconf 82' lang='lat' dir='ltr'>habet</span> <span class='ocrx_word' id='word_1_315' title='bbox 966 3824 1085 3882; x_wconf 76' lang='lat' dir='ltr'>terrem</span> <span class='ocrx_word' id='word_1_316' title='bbox 1101 3818 1205 3903; x_wconf 77' lang='lat' dir='ltr'>patris</span> <span class='ocrx_word' id='word_1_317' title='bbox 1218 3818 1271 3884; x_wconf 86' lang='lat' dir='ltr'>sui</span> <span class='ocrx_word' id='word_1_318' title='bbox 1284 3818 1372 3884; x_wconf 76' lang='lat' dir='ltr'>sient</span> <span class='ocrx_word' id='word_1_319' title='bbox 1385 3819 1445 3884; x_wconf 85' lang='lat' dir='ltr'>alii</span> 
     </span>
     <span class='ocr_line' id='line_1_34' title="bbox 335 3919 633 4005; baseline -0.007 -20"><span class='ocrx_word' id='word_1_320' title='bbox 335 3920 450 3985; x_wconf 85' lang='lat' dir='ltr'>uillani</span> <span class='ocrx_word' id='word_1_321' title='bbox 463 3920 504 3984; x_wconf 89' lang='lat' dir='ltr'>de</span> <span class='ocrx_word' id='word_1_322' title='bbox 519 3919 633 4005; x_wconf 77' lang='lat' dir='ltr'>patria</span> 
     </span>
    </p>

    <p class='ocr_par' dir='ltr' id='par_1_5' title="bbox 335 4020 1446 4215">
     <span class='ocr_line' id='line_1_35' title="bbox 401 4020 1445 4112; baseline 0.005 -24"><span class='ocrx_word' id='word_1_323' title='bbox 401 4025 444 4088; x_wconf 82' lang='lat' dir='ltr'>Et</span> <span class='ocrx_word' id='word_1_324' title='bbox 453 4021 624 4107; x_wconf 85' lang='lat' dir='ltr'>Philippus</span> <span class='ocrx_word' id='word_1_325' title='bbox 635 4020 832 4087; x_wconf 76' lang='lat' dir='ltr'>etaliisicut</span> <span class='ocrx_word' id='word_1_326' title='bbox 842 4021 933 4107; x_wconf 88' lang='lat' dir='ltr'>prius</span> <span class='ocrx_word' id='word_1_327' title='bbox 943 4022 1124 4088; x_wconf 81' lang='lat' dir='ltr'>defendunt</span> <span class='ocrx_word' id='word_1_328' title='bbox 1134 4044 1230 4088; x_wconf 91' lang='lat' dir='ltr'>omne</span> <span class='ocrx_word' id='word_1_329' title='bbox 1241 4023 1445 4112; x_wconf 80' lang='lat' dir='ltr'>uilenagium</span> 
     </span>
     <span class='ocr_line' id='line_1_36' title="bbox 335 4124 1446 4215; baseline 0.004 -21"><span class='ocrx_word' id='word_1_330' title='bbox 335 4137 370 4194; x_wconf 76' lang='lat' dir='ltr'>et</span> <span class='ocrx_word' id='word_1_331' title='bbox 391 4147 502 4192; x_wconf 87' lang='lat' dir='ltr'>omnes</span> <span class='ocrx_word' id='word_1_332' title='bbox 523 4124 662 4190; x_wconf 81' lang='lat' dir='ltr'>uillanas</span> <span class='ocrx_word' id='word_1_333' title='bbox 683 4126 933 4192; x_wconf 84' lang='lat' dir='ltr'>consuetudines</span> <span class='ocrx_word' id='word_1_334' title='bbox 954 4127 1039 4192; x_wconf 79' lang='lat' dir='ltr'>sicut</span> <span class='ocrx_word' id='word_1_335' title='bbox 1060 4127 1151 4215; x_wconf 89' lang='lat' dir='ltr'>prius</span> <span class='ocrx_word' id='word_1_336' title='bbox 1173 4133 1209 4192; x_wconf 77' lang='lat' dir='ltr'>et</span> <span class='ocrx_word' id='word_1_337' title='bbox 1231 4128 1319 4212; x_wconf 89' lang='lat' dir='ltr'>quod</span> <span class='ocrx_word' id='word_1_338' title='bbox 1342 4131 1446 4197; x_wconf 91' lang='lat' dir='ltr'>nichil</span> 
     </span>
    </p>
   </div>
   <div class='ocr_carea' id='block_1_3' title="bbox 366 4314 1341 4510">
    <p class='ocr_par' dir='ltr' id='par_1_6' title="bbox 366 4314 1341 4510">
     <span class='ocr_line' id='line_1_37' title="bbox 368 4314 1341 4381; baseline 0.006 -16"><span class='ocrx_word' id='word_1_339' title='bbox 368 4317 378 4350; x_wconf 87' lang='lat'>1</span> <span class='ocrx_word' id='word_1_340' title='bbox 394 4317 435 4366; x_wconf 85' lang='lat' dir='ltr'>No</span> <span class='ocrx_word' id='word_1_341' title='bbox 445 4317 505 4378; x_wconf 74' lang='lat' dir='ltr'>stop</span> <span class='ocrx_word' id='word_1_342' title='bbox 516 4314 544 4364; x_wconf 90' lang='lat' dir='ltr'>in</span> <span class='ocrx_word' id='word_1_343' title='bbox 556 4315 612 4365; x_wconf 81' lang='lat' dir='ltr'>MS.</span> <span class='ocrx_word' id='word_1_344' title='bbox 912 4315 958 4368; x_wconf 85' lang='lat' dir='ltr'>the</span> <span class='ocrx_word' id='word_1_345' title='bbox 968 4317 1026 4381; x_wconf 75' lang='lat' dir='ltr'>plen</span> <span class='ocrx_word' id='word_1_346' title='bbox 1037 4316 1094 4368; x_wconf 81' lang='lat' dir='ltr'>into</span> <span class='ocrx_word' id='word_1_347' title='bbox 1105 4317 1151 4370; x_wconf 82' lang='lat' dir='ltr'>the</span> <span class='ocrx_word' id='word_1_348' title='bbox 1161 4317 1248 4381; x_wconf 75' lang='lat' dir='ltr'>king’r</span> <span class='ocrx_word' id='word_1_349' title='bbox 1257 4323 1341 4371; x_wconf 74' lang='lat' dir='ltr'>court.</span> 
     </span>
     <span class='ocr_line' id='line_1_38' title="bbox 368 4379 1159 4444; baseline 0 -12"><span class='ocrx_word' id='word_1_350' title='bbox 368 4382 524 4444; x_wconf 78' lang='lat' dir='ltr'>²Fu11stop</span> <span class='ocrx_word' id='word_1_351' title='bbox 537 4379 634 4430; x_wconf 80' lang='lat' dir='ltr'>inMS.</span> <span class='ocrx_word' id='word_1_352' title='bbox 946 4383 1116 4443; x_wconf 61' lang='lat' dir='ltr'>*waraccam</span> <span class='ocrx_word' id='word_1_353' title='bbox 1127 4384 1159 4433; x_wconf 90' lang='lat' dir='ltr'>B.</span> 
     </span>
     <span class='ocr_line' id='line_1_39' title="bbox 366 4443 863 4510; baseline -0.002 -12"><span class='ocrx_word' id='word_1_354' title='bbox 366 4448 378 4482; x_wconf 80' lang='lat'>⁸</span> <span class='ocrx_word' id='word_1_355' title='bbox 395 4447 450 4498; x_wconf 84' lang='lat' dir='ltr'>The</span> <span class='ocrx_word' id='word_1_356' title='bbox 467 4447 536 4498; x_wconf 84' lang='lat' dir='ltr'>Pone</span> <span class='ocrx_word' id='word_1_357' title='bbox 555 4446 579 4496; x_wconf 80' lang='lat' dir='ltr'>ia</span> <span class='ocrx_word' id='word_1_358' title='bbox 595 4444 641 4497; x_wconf 76' lang='lat' dir='ltr'>the</span> <span class='ocrx_word' id='word_1_359' title='bbox 658 4443 715 4496; x_wconf 73' lang='lat' dir='ltr'>writ</span> <span class='ocrx_word' id='word_1_360' title='bbox 730 4445 863 4510; x_wconf 71' lang='lat' dir='ltr'>remoring</span> 
     </span>
    </p>
   </div>
   <div class='ocr_carea' id='block_1_4' title="bbox 0 0 1589 5075">
    <p class='ocr_par' dir='ltr' id='par_1_7' title="bbox 0 0 1589 5075">
     <span class='ocr_line' id='line_1_40' title="bbox 0 0 1589 5075; baseline 0 0"><span class='ocrx_word' id='word_1_361' title='bbox 0 0 1589 5075; x_wconf 95' lang='lat' dir='ltr'> </span> 
     </span>
    </p>
   </div>
  </div>
 </body>
</html>
