3167 5075
339 374 403 437 448
569 385 892 449 montecinisio.
917 372 1009 446 1222,
1031 386 1095 437 aa
1119 371 1212 438 6—7.

336 559 510 625 Isobellam
524 580 588 645 que
603 559 667 623 fuit
682 581 764 624 uxor
777 558 915 623 Aluredi
925 558 966 623 de
978 559 1157 645 Berkinges
1171 558 1302 624 terciam
1318 568 1442 644 partem

335 665 434 729 tercie
448 663 551 750 pertis
566 662 664 727 unius
678 684 781 729 oaruc.
797 671 882 728 terre
898 685 974 728 cum
993 672 1075 750 pert
1091 664 1126 729 in
1140 664 1268 730 Actona
1282 674 1321 729 ut
1335 664 1442 729 dotem

334 788 427 833 suam
443 775 502 831 etc

402 872 447 935 Et
469 871 609 937 Isobella
630 872 724 937 uenit
745 880 781 937 et
806 869 887 937 dicit
911 872 997 959 quod
1022 896 1087 937 non
1110 872 1210 939 debet
1234 873 1310 939 inde
1335 874 1441 939 dotem

335 974 465 1054 habere,
487 976 566 1062 quia
588 976 659 1061 ipsa
684 976 796 1062 Agnes
821 998 936 1041 reuera
957 976 1132 1062 aliquando
1161 977 1226 1042 fuit
1254 977 1443 1063 desponsata

336 1079 443 1145 eidem
457 1079 609 1156 Roberto,
624 1087 674 1143 set
694 1087 808 1163 postea
826 1101 886 1164 per
907 1080 1123 1165 perquisitum
1144 1080 1288 1145 eiusdem
1308 1081 1442 1167 Agnetis

336 1206 396 1269 pro
415 1181 584 1268 parentela
598 1203 696 1267 quam
711 1180 742 1246 ei
756 1181 913 1268 imposuit
928 1182 1052 1267 partita
1071 1182 1134 1249 fuit
1154 1183 1196 1249 de
1214 1184 1285 1270 ipso
1304 1184 1443 1248 Roberto

339 1309 576 1373 percensuram
588 1286 837 1351 ecclesiasticam
850 1287 937 1372 apud
949 1287 982 1352 S.
992 1288 1130 1353 Paulum
1142 1289 1182 1354 de
1192 1287 1367 1353 londonia.
1404 1288 1444 1351 Et

174 1406 327 1492 ”013pr
337 1400 450 1477 postea
463 1391 551 1455 idem
566 1392 729 1455 Robertus
743 1390 881 1456 eandem
896 1392 1070 1457 Isobellam
1085 1393 1295 1479 solempniter
1310 1393 1444 1478 despon-

175 1464 307 1586 E'gg‘fgmvgg
337 1496 425 1561 sauit
439 1495 527 1581 apud
541 1495 743 1560 Londoniam
763 1495 834 1561 sine
854 1496 1111 1561 contradiccione
1131 1496 1277 1563 eiusdem
1299 1496 1445 1583 Agnetis

176 1594 327 1689 ffldffiff
339 1599 383 1663 Et
407 1607 522 1684 postea
544 1622 620 1665 cum
644 1600 716 1686 ipso
739 1600 884 1664 Roberto
907 1600 971 1666 fuit
994 1599 1079 1665 sicut
1104 1622 1177 1665 cum
1204 1600 1274 1665 uiro
1304 1622 1363 1665 suc
1392 1622 1448 1685 per

175 1688 307 1783 {ffiffi
337 1710 462 1788 septem
483 1726 584 1769 anuos
604 1711 639 1768 et
659 1703 842 1779 dimidium,
858 1711 893 1767 et
915 1726 990 1768 cum
1012 1726 1052 1767 ea
1073 1703 1155 1768 obiit
1175 1704 1265 1789 apud
1285 1704 1447 1769 Actonam

337 1817 376 1873 ut
391 1808 534 1873 uirsuus
549 1817 609 1873 etc.

403 1912 447 1976 Et
470 1913 581 1997 Agnes
608 1911 688 1977 dicit
714 1911 801 1999 quod
826 1934 995 1998 nunquam
1021 1912 1144 1997 partita
1169 1912 1242 1989 fuit,
1265 1923 1302 1977 et
1326 1912 1353 1977 si
1380 1913 1450 1999 ipen
1532 1920 1534 1955 ²

337 2015 478 2081 Isobella
498 2015 531 2079 ei
552 2015 748 2101 desponsata
769 2016 834 2080 fuit
858 2016 918 2081 hoc
941 2017 1005 2081 fnit
1027 2016 1158 2094 iniuste,
1179 2017 1257 2103 quia
1278 2040 1450 2103 nunquam

337 2121 461 2207 partita
484 2120 555 2185 fuit.
604 2121 649 2185 Et
673 2121 802 2207 quesita
823 2120 882 2185 ubi
903 2144 1026 2185 moram
1048 2120 1126 2186 fecit
1148 2144 1207 2207 per
1228 2122 1302 2186 illos
1324 2132 1450 2208 septem

338 2249 440 2293 annos
464 2235 498 2291 et
521 2226 703 2302 dimidium,
726 2225 809 2290 dicit
833 2224 921 2311 quod
949 2224 1038 2311 apud
1066 2225 1269 2291 Wintoniam
1300 2235 1336 2291 et
1365 2226 1452 2313 quod

339 2331 502 2395 Robertus
523 2328 675 2393 1111111111
696 2329 787 2394 illam
810 2328 920 2414 posuit
940 2328 996 2405 ibi,
1011 2337 1046 2393 et
1068 2328 1155 2414 quod
1176 2328 1264 2393 idem
1285 2328 1452 2393 Robertus
1533 2386 1534 2409 p

339 2454 462 2498 moram
476 2432 604 2498 fecerit¹
618 2432 751 2497 interim
767 2431 856 2517 apud
870 2430 1039 2497 Actonam.

405 2535 655 2605 Consideratum
677 2544 728 2602 est
750 2534 837 2622 quod
859 2535 1033 2604 mandetur
1053 2535 1212 2622 Episcopo
1230 2534 1452 2602 londoniensi

338 2639 514 2726 quodcum
529 2640 641 2725 Agnes
655 2646 783 2724 peteret
799 2647 858 2703 etc.
874 2638 1021 2723 predicta
1039 2638 1180 2703 Isobella
1199 2638 1321 2704 obiecit
1339 2639 1374 2703 ei
1390 2649 1452 2702 etc.
1532 2675 1533 2728 ᾗ

339 2744 425 2830 quod
440 2744 564 2808 nullam
579 2743 690 2809 dotem
705 2743 823 2808 habere
839 2741 954 2808 debuit
969 2743 1047 2828 quia
1057 2742 1237 2808 diuorcium
1250 2743 1452 2808 celebratum

338 2847 404 2912 fuit
426 2856 486 2912 etc.
502 2847 590 2932 apud
613 2847 645 2912 S.
667 2846 806 2911 Paulum
828 2846 992 2910 intereos
1014 2854 1049 2910 et
1070 2845 1156 2932 quod
1178 2845 1255 2910 inde
1276 2845 1457 2932 diligenter

339 2951 484 3037 inquirat
498 2949 675 3016 ueritatem
689 2959 750 3015 etc

405 3056 573 3121 Johannes
606 3055 695 3120 filius
731 3053 851 3141 Rogeri
881 3053 968 3138 petit
997 3075 1110 3118 uersus
1139 3054 1316 3139 Hugcnem
1345 3053 1457 3117 filium
1531 3057 1532 3100 1

212 3165 246 3194 ⁴⁰
340 3159 477 3225 Roberti
491 3158 572 3224 duas
586 3166 695 3244 partes
710 3158 809 3223 tercie
824 3156 927 3243 pertis
942 3157 1018 3222 dim.
1034 3157 1114 3243 uirg.
1131 3165 1217 3222 terre
1233 3180 1308 3222 cum
1322 3167 1410 3242 pert.
1421 3158 1457 3221 in
1531 3103 1532 3187 i

340 3263 445 3350 Iipen’
457 3272 490 3327 et
506 3285 618 3327 uersus
630 3263 825 3347 Margeriam
840 3269 978 3326 matrem
994 3261 1138 3327 eiusdem
1151 3263 1303 3348 Hugonis
1318 3263 1459 3326 terciam

341 3376 468 3454 partem
494 3366 594 3431 tercie
621 3366 723 3451 partis
747 3365 826 3430 dim.
850 3365 933 3453 uirg.
957 3374 1043 3430 terre
1068 3388 1144 3430 cum
1169 3375 1251 3452 pert
1276 3367 1312 3430 in
1337 3367 1459 3432 eadem
1530 3371 1531 3450 2

341 3473 422 3538 uilla
441 3480 480 3537 ut
501 3473 552 3537 ius
570 3493 676 3547 suum,
690 3471 778 3535 unde
799 3471 944 3536 Hawisia
965 3479 1070 3536 mater
1091 3493 1151 3536 sua
1171 3471 1236 3536 fuit
1258 3471 1375 3536 scisita
1396 3483 1462 3538 etc,
1530 3451 1531 3521 i

341 3588 487 3664 tempore
516 3576 617 3663 Regis
646 3575 777 3641 Rioerdi
807 3575 963 3661 capiendo
993 3575 1070 3640 inde
1100 3583 1171 3650 etc,
1200 3575 1280 3661 quia
1308 3575 1463 3642 Hawisis

341 3682 459 3747 habuit
488 3691 554 3746 tres
583 3679 666 3744 filios
694 3680 819 3745 scilicet
848 3681 956 3766 ipsum
985 3679 1180 3757 Johannem,
1206 3687 1242 3744 et
1269 3679 1463 3745 Robertum

340 3794 468 3872 patrem
490 3785 635 3850 eiusdem
658 3783 818 3870 Hugcnis‚
834 3791 869 3848 et
891 3783 1069 3848 Radulfum
1091 3783 1196 3848 filium
1220 3783 1352 3869 Rogeri,
1369 3785 1466 3849 unde
1529 3770 1530 3854 i

217 3907 245 3945 ·'
341 3889 427 3974 petit
448 3897 568 3953 terram
591 3887 681 3952 illam
703 3886 788 3952 sicut
810 3895 937 3972 partem
960 3909 1061 3963 suam,
1083 3885 1161 3972 quia
1183 3893 1271 3950 terra
1292 3887 1467 3971 partibilis

341 3999 399 4056 est

406 4095 451 4160 Et
471 4093 633 4182 Margania
655 4095 748 4158 uenit
771 4101 805 4158 et
827 4103 923 4158 uocat
944 4093 1127 4179 predictum
1150 4093 1325 4180 Hugonem
1352 4095 1467 4162 filium

340 4221 437 4264 suum
458 4198 502 4262 ad
523 4206 704 4263 warantum
726 4197 767 4262 de
789 4197 848 4261 illa
867 4197 968 4262 tercia
987 4205 1088 4282 parte.
1134 4197 1178 4262 Et
1193 4197 1295 4282 Hugo
1309 4199 1415 4264 uenit
1433 4219 1467 4265 et

342 4303 373 4369 ci
403 4303 602 4381 warentiam,
623 4311 658 4367 et
687 4301 855 4388 respondit
885 4302 925 4365 de
957 4309 1034 4378 toto,
1059 4309 1094 4365 et
1119 4299 1201 4365 dicit
1228 4299 1316 4387 quod
1344 4325 1470 4370 reuera

771 4423 780 4453 ¹
799 4422 871 4472 Corr.
879 4423 953 4486 fecit.
