<?xml version="1.0" encoding="UTF-8"?>
<!DOCTYPE html PUBLIC "-//W3C//DTD XHTML 1.0 Transitional//EN"
    "http://www.w3.org/TR/xhtml1/DTD/xhtml1-transitional.dtd">
<html xmlns="http://www.w3.org/1999/xhtml" xml:lang="en" lang="en">
 <head>
  <title>
</title>
<meta http-equiv="Content-Type" content="text/html;charset=utf-8" />
  <meta name='ocr-system' content='tesseract 3.04.00' />
  <meta name='ocr-capabilities' content='ocr_page ocr_carea ocr_par ocr_line ocrx_word'/>
</head>
<body>
  <div class='ocr_page' id='page_1' title='image "bractonsnoteboo03maitgoog_0121.png"; bbox 0 0 3167 5075; ppageno 0'>
   <div class='ocr_carea' id='block_1_1' title="bbox 433 393 1227 471">
    <p class='ocr_par' dir='ltr' id='par_1_1' title="bbox 433 393 1227 471">
     <span class='ocr_line' id='line_1_1' title="bbox 433 393 1227 471; baseline 0 -12"><span class='ocrx_word' id='word_1_1' title='bbox 433 407 574 470; x_wconf 70' lang='grc' dir='ltr'>ιιειιιιι,</span> <span class='ocrx_word' id='word_1_2' title='bbox 592 406 659 459; x_wconf 73' lang='grc' dir='ltr'>ιιι.</span> <span class='ocrx_word' id='word_1_3' title='bbox 682 393 776 471; x_wconf 77' lang='grc'>1225,</span> <span class='ocrx_word' id='word_1_4' title='bbox 795 408 862 459; x_wconf 78' lang='grc' dir='ltr'><strong>ιιι</strong></span> <span class='ocrx_word' id='word_1_5' title='bbox 885 396 914 463; x_wconf 85' lang='grc'><strong>9.</strong></span> <span class='ocrx_word' id='word_1_6' title='bbox 1164 394 1227 459; x_wconf 81' lang='grc'><strong>109</strong></span> 
     </span>
    </p>
   </div>
   <div class='ocr_carea' id='block_1_2' title="bbox 25 581 1358 3773">
    <p class='ocr_par' dir='ltr' id='par_1_2' title="bbox 130 581 1234 1287">
     <span class='ocr_line' id='line_1_2' title="bbox 191 581 1230 669; baseline -0.002 -20"><span class='ocrx_word' id='word_1_7' title='bbox 191 582 232 649; x_wconf 86' lang='lat' dir='ltr'><strong>Et</strong></span> <span class='ocrx_word' id='word_1_8' title='bbox 246 582 429 649; x_wconf 85' lang='lat' dir='ltr'><strong>Willelmus</strong></span> <span class='ocrx_word' id='word_1_9' title='bbox 443 604 502 669; x_wconf 88' lang='lat' dir='ltr'><strong>pro</strong></span> <span class='ocrx_word' id='word_1_10' title='bbox 515 604 549 649; x_wconf 85' lang='lat' dir='ltr'><strong>se</strong></span> <span class='ocrx_word' id='word_1_11' title='bbox 565 589 600 647; x_wconf 86' lang='lat' dir='ltr'><strong>et</strong></span> <span class='ocrx_word' id='word_1_12' title='bbox 614 603 673 668; x_wconf 88' lang='lat' dir='ltr'><strong>pro</strong></span> <span class='ocrx_word' id='word_1_13' title='bbox 692 581 846 649; x_wconf 86' lang='lat' dir='ltr'><strong>Ricardo¹</strong></span> <span class='ocrx_word' id='word_1_14' title='bbox 861 581 954 649; x_wconf 85' lang='lat' dir='ltr'><strong>cuius</strong></span> <span class='ocrx_word' id='word_1_15' title='bbox 974 581 1044 647; x_wconf 89' lang='lat' dir='ltr'><strong>loco</strong></span> <span class='ocrx_word' id='word_1_16' title='bbox 1060 589 1120 647; x_wconf 82' lang='lat' dir='ltr'><strong>eta</strong></span> <span class='ocrx_word' id='word_1_17' title='bbox 1135 581 1230 647; x_wconf 89' lang='lat' dir='ltr'><strong>uenit</strong></span> 
     </span>
     <span class='ocr_line' id='line_1_3' title="bbox 132 683 1230 769; baseline -0.002 -18"><span class='ocrx_word' id='word_1_18' title='bbox 132 692 163 751; x_wconf 86' lang='lat' dir='ltr'><strong>et</strong></span> <span class='ocrx_word' id='word_1_19' title='bbox 175 686 316 752; x_wconf 88' lang='lat' dir='ltr'><strong>defendit</strong></span> <span class='ocrx_word' id='word_1_20' title='bbox 330 686 383 751; x_wconf 84' lang='lat' dir='ltr'><strong>ius</strong></span> <span class='ocrx_word' id='word_1_21' title='bbox 397 706 494 750; x_wconf 86' lang='lat' dir='ltr'><strong>suum</strong></span> <span class='ocrx_word' id='word_1_22' title='bbox 509 707 596 751; x_wconf 86' lang='lat' dir='ltr'><strong>nunc</strong></span> <span class='ocrx_word' id='word_1_23' title='bbox 611 691 672 751; x_wconf 87' lang='lat' dir='ltr'><strong>etc.</strong></span> <span class='ocrx_word' id='word_1_24' title='bbox 686 692 721 751; x_wconf 92' lang='lat' dir='ltr'><strong>et</strong></span> <span class='ocrx_word' id='word_1_25' title='bbox 735 684 818 751; x_wconf 89' lang='lat' dir='ltr'><strong>dicit</strong></span> <span class='ocrx_word' id='word_1_26' title='bbox 837 684 925 769; x_wconf 88' lang='lat' dir='ltr'><strong>quod</strong></span> <span class='ocrx_word' id='word_1_27' title='bbox 944 707 1010 749; x_wconf 93' lang='lat' dir='ltr'><strong>non</strong></span> <span class='ocrx_word' id='word_1_28' title='bbox 1029 683 1152 749; x_wconf 88' lang='lat' dir='ltr'><strong>debent</strong></span> <span class='ocrx_word' id='word_1_29' title='bbox 1167 683 1230 749; x_wconf 83' lang='lat' dir='ltr'><strong>eis¹</strong></span> 
     </span>
     <span class='ocr_line' id='line_1_4' title="bbox 131 781 1232 871; baseline -0.005 -20"><span class='ocrx_word' id='word_1_30' title='bbox 131 785 200 851; x_wconf 86' lang='lat' dir='ltr'><strong>inde</strong></span> <span class='ocrx_word' id='word_1_31' title='bbox 220 783 412 871; x_wconf 85' lang='lat' dir='ltr'><strong>respondere</strong></span> <span class='ocrx_word' id='word_1_32' title='bbox 435 782 561 870; x_wconf 83' lang='lat' dir='ltr'><strong>quiesi</strong></span> <span class='ocrx_word' id='word_1_33' title='bbox 584 782 736 849; x_wconf 80' lang='lat' dir='ltr'><strong>saisinam</strong></span> <span class='ocrx_word' id='word_1_34' title='bbox 762 781 930 849; x_wconf 75' lang='lat' dir='ltr'>habuisset</span> <span class='ocrx_word' id='word_1_35' title='bbox 954 783 1024 869; x_wconf 87' lang='lat' dir='ltr'><strong>ipse</strong></span> <span class='ocrx_word' id='word_1_36' title='bbox 1047 781 1232 847; x_wconf 85' lang='lat' dir='ltr'><strong>Wiilelmus</strong></span> 
     </span>
     <span class='ocr_line' id='line_1_5' title="bbox 131 886 1232 975; baseline -0.002 -22"><span class='ocrx_word' id='word_1_37' title='bbox 131 888 258 954; x_wconf 88' lang='lat' dir='ltr'><strong>eandem</strong></span> <span class='ocrx_word' id='word_1_38' title='bbox 281 896 402 953; x_wconf 87' lang='lat' dir='ltr'><strong>terram</strong></span> <span class='ocrx_word' id='word_1_39' title='bbox 421 886 628 973; x_wconf 86' lang='lat' dir='ltr'><strong>recuperauit</strong></span> <span class='ocrx_word' id='word_1_40' title='bbox 647 889 683 951; x_wconf 91' lang='lat' dir='ltr'><strong>in</strong></span> <span class='ocrx_word' id='word_1_41' title='bbox 703 887 793 953; x_wconf 89' lang='lat' dir='ltr'><strong>curia</strong></span> <span class='ocrx_word' id='word_1_42' title='bbox 812 887 905 953; x_wconf 88' lang='lat' dir='ltr'><strong>Dom</strong></span> <span class='ocrx_word' id='word_1_43' title='bbox 926 887 1028 975; x_wconf 83' lang='lat' dir='ltr'><strong>Regis</strong></span> <span class='ocrx_word' id='word_1_44' title='bbox 1046 886 1135 973; x_wconf 91' lang='lat' dir='ltr'><strong>apud</strong></span> <span class='ocrx_word' id='word_1_45' title='bbox 1155 886 1232 951; x_wconf 88' lang='lat' dir='ltr'><strong>Lin-</strong></span> 
     </span>
     <span class='ocr_line' id='line_1_6' title="bbox 131 990 1234 1078; baseline -0.002 -21"><span class='ocrx_word' id='word_1_46' title='bbox 131 992 259 1058; x_wconf 89' lang='lat' dir='ltr'><strong>colniam</strong></span> <span class='ocrx_word' id='word_1_47' title='bbox 273 1014 381 1057; x_wconf 88' lang='lat' dir='ltr'><strong>coram</strong></span> <span class='ocrx_word' id='word_1_48' title='bbox 396 990 489 1056; x_wconf 92' lang='lat' dir='ltr'><strong>Dom.</strong></span> <span class='ocrx_word' id='word_1_49' title='bbox 505 991 529 1055; x_wconf 89' lang='lat' dir='ltr'><strong>J</strong></span> <span class='ocrx_word' id='word_1_50' title='bbox 531 990 709 1055; x_wconf 82' lang='lat' dir='ltr'><strong>usticiario⁸</strong></span> <span class='ocrx_word' id='word_1_51' title='bbox 725 999 760 1055; x_wconf 91' lang='lat' dir='ltr'><strong>et</strong></span> <span class='ocrx_word' id='word_1_52' title='bbox 774 991 944 1077; x_wconf 87' lang='lat' dir='ltr'><strong>Stephano</strong></span> <span class='ocrx_word' id='word_1_53' title='bbox 958 992 1000 1058; x_wconf 87' lang='lat' dir='ltr'><strong>de</strong></span> <span class='ocrx_word' id='word_1_54' title='bbox 1016 991 1160 1078; x_wconf 87' lang='lat' dir='ltr'><strong>Segraue</strong></span> <span class='ocrx_word' id='word_1_55' title='bbox 1174 1012 1234 1077; x_wconf 88' lang='lat' dir='ltr'><strong>per</strong></span> 
     </span>
     <span class='ocr_line' id='line_1_7' title="bbox 130 1093 1234 1184; baseline -0.004 -21"><span class='ocrx_word' id='word_1_56' title='bbox 130 1096 279 1164; x_wconf 90' lang='lat' dir='ltr'><strong>iudicium</strong></span> <span class='ocrx_word' id='word_1_57' title='bbox 300 1095 389 1161; x_wconf 85' lang='lat' dir='ltr'><strong>curie</strong></span> <span class='ocrx_word' id='word_1_58' title='bbox 404 1095 498 1161; x_wconf 90' lang='lat' dir='ltr'><strong>Dom.</strong></span> <span class='ocrx_word' id='word_1_59' title='bbox 513 1095 616 1184; x_wconf 85' lang='lat' dir='ltr'><strong>Regis</strong></span> <span class='ocrx_word' id='word_1_60' title='bbox 636 1104 671 1161; x_wconf 87' lang='lat' dir='ltr'><strong>et</strong></span> <span class='ocrx_word' id='word_1_61' title='bbox 691 1095 765 1161; x_wconf 91' lang='lat' dir='ltr'><strong>ideo</strong></span> <span class='ocrx_word' id='word_1_62' title='bbox 783 1096 870 1183; x_wconf 88' lang='lat' dir='ltr'><strong>petit</strong></span> <span class='ocrx_word' id='word_1_63' title='bbox 888 1095 1047 1161; x_wconf 89' lang='lat' dir='ltr'><strong>iudicium</strong></span> <span class='ocrx_word' id='word_1_64' title='bbox 1066 1093 1096 1161; x_wconf 83' lang='lat' dir='ltr'><strong>si</strong></span> <span class='ocrx_word' id='word_1_65' title='bbox 1114 1095 1234 1161; x_wconf 87' lang='lat' dir='ltr'><strong>debeat</strong></span> 
     </span>
     <span class='ocr_line' id='line_1_8' title="bbox 131 1198 417 1287; baseline -0.007 -22"><span class='ocrx_word' id='word_1_66' title='bbox 131 1199 201 1265; x_wconf 92' lang='lat' dir='ltr'><strong>inde</strong></span> <span class='ocrx_word' id='word_1_67' title='bbox 215 1198 417 1287; x_wconf 85' lang='lat' dir='ltr'><strong>respondere.</strong></span> 
     </span>
    </p>

    <p class='ocr_par' dir='ltr' id='par_1_3' title="bbox 130 1300 1236 2215">
     <span class='ocr_line' id='line_1_9' title="bbox 191 1300 1235 1389; baseline 0 -22"><span class='ocrx_word' id='word_1_68' title='bbox 191 1303 233 1367; x_wconf 84' lang='lat' dir='ltr'><strong>Et</strong></span> <span class='ocrx_word' id='word_1_69' title='bbox 259 1300 437 1367; x_wconf 85' lang='lat' dir='ltr'><strong>Ricardus⁴</strong></span> <span class='ocrx_word' id='word_1_70' title='bbox 457 1301 542 1367; x_wconf 92' lang='lat' dir='ltr'><strong>bene</strong></span> <span class='ocrx_word' id='word_1_71' title='bbox 567 1301 731 1389; x_wconf 76' lang='lat' dir='ltr'><strong>cognoscit</strong></span> <span class='ocrx_word' id='word_1_72' title='bbox 752 1301 839 1388; x_wconf 90' lang='lat' dir='ltr'><strong>quod</strong></span> <span class='ocrx_word' id='word_1_73' title='bbox 860 1302 948 1368; x_wconf 91' lang='lat' dir='ltr'><strong>idem</strong></span> <span class='ocrx_word' id='word_1_74' title='bbox 970 1301 1154 1367; x_wconf 86' lang='lat' dir='ltr'><strong>Willelmus</strong></span> <span class='ocrx_word' id='word_1_75' title='bbox 1175 1301 1235 1367; x_wconf 89' lang='lat' dir='ltr'><strong>ali·</strong></span> 
     </span>
     <span class='ocr_line' id='line_1_10' title="bbox 131 1404 1235 1493; baseline -0.001 -23"><span class='ocrx_word' id='word_1_76' title='bbox 131 1406 254 1493; x_wconf 86' lang='lat' dir='ltr'><strong>quando</strong></span> <span class='ocrx_word' id='word_1_77' title='bbox 272 1404 493 1492; x_wconf 83' lang='lat' dir='ltr'><strong>implacitauit</strong></span> <span class='ocrx_word' id='word_1_78' title='bbox 513 1404 654 1471; x_wconf 88' lang='lat' dir='ltr'><strong>eundem</strong></span> <span class='ocrx_word' id='word_1_79' title='bbox 675 1404 882 1471; x_wconf 73' lang='lat' dir='ltr'><strong>Ricardum</strong></span> <span class='ocrx_word' id='word_1_80' title='bbox 872 1428 908 1470; x_wconf 93' lang='lat' dir='ltr'><strong>m</strong></span> <span class='ocrx_word' id='word_1_81' title='bbox 922 1404 1012 1470; x_wconf 89' lang='lat' dir='ltr'><strong>curia</strong></span> <span class='ocrx_word' id='word_1_82' title='bbox 1025 1404 1119 1471; x_wconf 92' lang='lat' dir='ltr'><strong>Dom.</strong></span> <span class='ocrx_word' id='word_1_83' title='bbox 1134 1404 1235 1493; x_wconf 82' lang='lat' dir='ltr'><strong>Regis</strong></span> 
     </span>
     <span class='ocr_line' id='line_1_11' title="bbox 131 1507 1235 1597; baseline -0.002 -22"><span class='ocrx_word' id='word_1_84' title='bbox 131 1511 213 1597; x_wconf 88' lang='lat' dir='ltr'><strong>apud</strong></span> <span class='ocrx_word' id='word_1_85' title='bbox 235 1509 438 1575; x_wconf 88' lang='lat' dir='ltr'><strong>Linoolniam</strong></span> <span class='ocrx_word' id='word_1_86' title='bbox 460 1508 510 1573; x_wconf 87' lang='lat' dir='ltr'><strong>ita</strong></span> <span class='ocrx_word' id='word_1_87' title='bbox 531 1508 650 1595; x_wconf 93' lang='lat' dir='ltr'><strong>quod</strong></span> <span class='ocrx_word' id='word_1_88' title='bbox 639 1530 710 1595; x_wconf 80' lang='lat' dir='ltr'><strong>rpse</strong></span> <span class='ocrx_word' id='word_1_89' title='bbox 733 1509 867 1575; x_wconf 91' lang='lat' dir='ltr'><strong>uocauit</strong></span> <span class='ocrx_word' id='word_1_90' title='bbox 887 1507 964 1574; x_wconf 90' lang='lat' dir='ltr'><strong>inde</strong></span> <span class='ocrx_word' id='word_1_91' title='bbox 986 1508 1030 1574; x_wconf 91' lang='lat' dir='ltr'><strong>ad</strong></span> <span class='ocrx_word' id='word_1_92' title='bbox 1053 1517 1235 1573; x_wconf 77' lang='lat' dir='ltr'><strong>warantum</strong></span> 
     </span>
     <span class='ocr_line' id='line_1_12' title="bbox 131 1611 1235 1701; baseline -0.002 -22"><span class='ocrx_word' id='word_1_93' title='bbox 131 1614 286 1701; x_wconf 89' lang='lat' dir='ltr'><strong>quendam</strong></span> <span class='ocrx_word' id='word_1_94' title='bbox 301 1613 407 1679; x_wconf 83' lang='lat' dir='ltr'><strong>filiurn</strong></span> <span class='ocrx_word' id='word_1_95' title='bbox 421 1612 573 1699; x_wconf 82' lang='lat' dir='ltr'><strong>Hugonis</strong></span> <span class='ocrx_word' id='word_1_96' title='bbox 586 1612 628 1678; x_wconf 87' lang='lat' dir='ltr'><strong>de</strong></span> <span class='ocrx_word' id='word_1_97' title='bbox 643 1612 798 1678; x_wconf 89' lang='lat' dir='ltr'><strong>Neouilla</strong></span> <span class='ocrx_word' id='word_1_98' title='bbox 812 1611 843 1677; x_wconf 85' lang='lat' dir='ltr'><strong>lo</strong></span> <span class='ocrx_word' id='word_1_99' title='bbox 858 1612 940 1678; x_wconf 84' lang='lat' dir='ltr'><strong>Grae</strong></span> <span class='ocrx_word' id='word_1_100' title='bbox 959 1612 1013 1677; x_wconf 92' lang='lat' dir='ltr'><strong>cui</strong></span> <span class='ocrx_word' id='word_1_101' title='bbox 1032 1612 1119 1678; x_wconf 88' lang='lat' dir='ltr'><strong>idern</strong></span> <span class='ocrx_word' id='word_1_102' title='bbox 1134 1612 1235 1699; x_wconf 80' lang='lat' dir='ltr'><strong>Hugo</strong></span> 
     </span>
     <span class='ocr_line' id='line_1_13' title="bbox 130 1713 1235 1801; baseline -0.004 -19"><span class='ocrx_word' id='word_1_103' title='bbox 130 1724 350 1781; x_wconf 78' lang='lat' dir='ltr'><strong>attor-nouerat</strong></span> <span class='ocrx_word' id='word_1_104' title='bbox 375 1714 550 1781; x_wconf 87' lang='lat' dir='ltr'><strong>seruicium</strong></span> <span class='ocrx_word' id='word_1_105' title='bbox 577 1713 722 1779; x_wconf 87' lang='lat' dir='ltr'><strong>eiusdem</strong></span> <span class='ocrx_word' id='word_1_106' title='bbox 748 1713 889 1792; x_wconf 87' lang='lat' dir='ltr'><strong>Ricardi,</strong></span> <span class='ocrx_word' id='word_1_107' title='bbox 912 1721 947 1779; x_wconf 90' lang='lat' dir='ltr'><strong>et</strong></span> <span class='ocrx_word' id='word_1_108' title='bbox 972 1713 1051 1800; x_wconf 89' lang='lat' dir='ltr'><strong>quia</strong></span> <span class='ocrx_word' id='word_1_109' title='bbox 1072 1736 1154 1801; x_wconf 88' lang='lat' dir='ltr'><strong>puer</strong></span> <span class='ocrx_word' id='word_1_110' title='bbox 1178 1713 1235 1779; x_wconf 86' lang='lat' dir='ltr'><strong>ille</strong></span> 
     </span>
     <span class='ocr_line' id='line_1_14' title="bbox 130 1818 1236 1886; baseline -0.002 -1"><span class='ocrx_word' id='word_1_111' title='bbox 130 1842 191 1885; x_wconf 92' lang='lat' dir='ltr'><strong>non</strong></span> <span class='ocrx_word' id='word_1_112' title='bbox 211 1820 322 1886; x_wconf 87' lang='lat' dir='ltr'><strong>tenuit</strong></span> <span class='ocrx_word' id='word_1_113' title='bbox 344 1828 464 1885; x_wconf 73' lang='lat' dir='ltr'><strong>ternam</strong></span> <span class='ocrx_word' id='word_1_114' title='bbox 485 1819 576 1885; x_wconf 89' lang='lat' dir='ltr'><strong>illam</strong></span> <span class='ocrx_word' id='word_1_115' title='bbox 595 1841 655 1885; x_wconf 90' lang='lat' dir='ltr'><strong>nec</strong></span> <span class='ocrx_word' id='word_1_116' title='bbox 675 1820 782 1885; x_wconf 77' lang='lat' dir='ltr'><strong>suerat</strong></span> <span class='ocrx_word' id='word_1_117' title='bbox 801 1818 837 1884; x_wconf 91' lang='lat' dir='ltr'><strong>in</strong></span> <span class='ocrx_word' id='word_1_118' title='bbox 856 1818 976 1884; x_wconf 84' lang='lat' dir='ltr'><strong>saisina</strong></span> <span class='ocrx_word' id='word_1_119' title='bbox 989 1818 1032 1884; x_wconf 88' lang='lat' dir='ltr'><strong>de</strong></span> <span class='ocrx_word' id='word_1_120' title='bbox 1045 1818 1182 1885; x_wconf 89' lang='lat' dir='ltr'><strong>seruicio</strong></span> <span class='ocrx_word' id='word_1_121' title='bbox 1196 1826 1236 1883; x_wconf 90' lang='lat' dir='ltr'><strong>ut</strong></span> 
     </span>
     <span class='ocr_line' id='line_1_15' title="bbox 130 1921 1236 2008; baseline -0.001 -21"><span class='ocrx_word' id='word_1_122' title='bbox 130 1922 249 1989; x_wconf 90' lang='lat' dir='ltr'><strong>dictum</strong></span> <span class='ocrx_word' id='word_1_123' title='bbox 276 1923 352 2002; x_wconf 81' lang='lat' dir='ltr'><strong>fuit,</strong></span> <span class='ocrx_word' id='word_1_124' title='bbox 375 1922 614 1988; x_wconf 86' lang='lat' dir='ltr'><strong>consideratum</strong></span> <span class='ocrx_word' id='word_1_125' title='bbox 640 1922 705 1987; x_wconf 82' lang='lat' dir='ltr'><strong>fuit</strong></span> <span class='ocrx_word' id='word_1_126' title='bbox 730 1921 819 2008; x_wconf 88' lang='lat' dir='ltr'><strong>quod</strong></span> <span class='ocrx_word' id='word_1_127' title='bbox 843 1943 926 2008; x_wconf 88' lang='lat' dir='ltr'><strong>puer</strong></span> <span class='ocrx_word' id='word_1_128' title='bbox 950 1922 1006 1987; x_wconf 89' lang='lat' dir='ltr'><strong>ille</strong></span> <span class='ocrx_word' id='word_1_129' title='bbox 1032 1944 1098 1987; x_wconf 91' lang='lat' dir='ltr'><strong>nou</strong></span> <span class='ocrx_word' id='word_1_130' title='bbox 1120 1922 1236 1987; x_wconf 79' lang='lat' dir='ltr'>debuit</span> 
     </span>
     <span class='ocr_line' id='line_1_16' title="bbox 130 2023 1235 2111; baseline -0.001 -22"><span class='ocrx_word' id='word_1_131' title='bbox 130 2024 342 2103; x_wconf 68' lang='lat' dir='ltr'><strong>warrantizare,</strong></span> <span class='ocrx_word' id='word_1_132' title='bbox 362 2032 397 2089; x_wconf 89' lang='lat' dir='ltr'><strong>et</strong></span> <span class='ocrx_word' id='word_1_133' title='bbox 418 2046 477 2111; x_wconf 87' lang='lat' dir='ltr'><strong>per</strong></span> <span class='ocrx_word' id='word_1_134' title='bbox 498 2024 559 2089; x_wconf 89' lang='lat' dir='ltr'><strong>hoc</strong></span> <span class='ocrx_word' id='word_1_135' title='bbox 580 2023 690 2089; x_wconf 83' lang='lat' dir='ltr'><strong>amisit</strong></span> <span class='ocrx_word' id='word_1_136' title='bbox 712 2023 866 2089; x_wconf 86' lang='lat' dir='ltr'><strong>seisinam</strong></span> <span class='ocrx_word' id='word_1_137' title='bbox 886 2046 979 2090; x_wconf 86' lang='lat' dir='ltr'><strong>suam</strong></span> <span class='ocrx_word' id='word_1_138' title='bbox 1001 2023 1127 2089; x_wconf 83' lang='lat' dir='ltr'><strong>desicut</strong></span> <span class='ocrx_word' id='word_1_139' title='bbox 1147 2024 1235 2090; x_wconf 91' lang='lat' dir='ltr'><strong>idem</strong></span> 
     </span>
     <span class='ocr_line' id='line_1_17' title="bbox 130 2126 888 2215; baseline 0 -22"><span class='ocrx_word' id='word_1_140' title='bbox 130 2128 224 2215; x_wconf 87' lang='lat' dir='ltr'><strong>Hugo</strong></span> <span class='ocrx_word' id='word_1_141' title='bbox 238 2128 356 2195; x_wconf 87' lang='lat' dir='ltr'><strong>debuit</strong></span> <span class='ocrx_word' id='word_1_142' title='bbox 371 2127 595 2193; x_wconf 82' lang='lat' dir='ltr'><strong>terramillam</strong></span> <span class='ocrx_word' id='word_1_143' title='bbox 611 2127 642 2193; x_wconf 91' lang='lat' dir='ltr'><strong>ei</strong></span> <span class='ocrx_word' id='word_1_144' title='bbox 657 2126 888 2193; x_wconf 81' lang='lat' dir='ltr'><strong>warantizasse.</strong></span> 
     </span>
    </p>

    <p class='ocr_par' dir='ltr' id='par_1_4' title="bbox 127 2231 1237 2838">
     <span class='ocr_line' id='line_1_18' title="bbox 190 2231 1235 2317; baseline -0.002 -20"><span class='ocrx_word' id='word_1_145' title='bbox 190 2232 233 2298; x_wconf 89' lang='lat' dir='ltr'><strong>Et</strong></span> <span class='ocrx_word' id='word_1_146' title='bbox 259 2231 446 2297; x_wconf 84' lang='lat' dir='ltr'><strong>Willelmus</strong></span> <span class='ocrx_word' id='word_1_147' title='bbox 471 2232 552 2298; x_wconf 89' lang='lat' dir='ltr'><strong>dicit</strong></span> <span class='ocrx_word' id='word_1_148' title='bbox 578 2231 664 2317; x_wconf 91' lang='lat' dir='ltr'><strong>quod</strong></span> <span class='ocrx_word' id='word_1_149' title='bbox 691 2254 806 2298; x_wconf 89' lang='lat' dir='ltr'><strong>reuera</strong></span> <span class='ocrx_word' id='word_1_150' title='bbox 830 2231 963 2297; x_wconf 85' lang='lat' dir='ltr'><strong>uocauit</strong></span> <span class='ocrx_word' id='word_1_151' title='bbox 987 2231 1031 2297; x_wconf 90' lang='lat' dir='ltr'><strong>ad</strong></span> <span class='ocrx_word' id='word_1_152' title='bbox 1054 2239 1235 2296; x_wconf 77' lang='lat' dir='ltr'><strong>warantum</strong></span> 
     </span>
     <span class='ocr_line' id='line_1_19' title="bbox 129 2333 1236 2423; baseline -0.001 -23"><span class='ocrx_word' id='word_1_153' title='bbox 129 2334 283 2401; x_wconf 86' lang='lat' dir='ltr'><strong>iuniorem</strong></span> <span class='ocrx_word' id='word_1_154' title='bbox 299 2335 406 2401; x_wconf 89' lang='lat' dir='ltr'><strong>filium</strong></span> <span class='ocrx_word' id='word_1_155' title='bbox 421 2336 559 2422; x_wconf 75' lang='lat' dir='ltr'><strong>predicti</strong></span> <span class='ocrx_word' id='word_1_156' title='bbox 574 2336 724 2423; x_wconf 81' lang='lat' dir='ltr'><strong>Hugonis</strong></span> <span class='ocrx_word' id='word_1_157' title='bbox 739 2344 778 2402; x_wconf 91' lang='lat' dir='ltr'><strong>ut</strong></span> <span class='ocrx_word' id='word_1_158' title='bbox 788 2337 838 2402; x_wconf 87' lang='lat' dir='ltr'><strong>ita</strong></span> <span class='ocrx_word' id='word_1_159' title='bbox 852 2336 988 2402; x_wconf 89' lang='lat' dir='ltr'><strong>haberet</strong></span> <span class='ocrx_word' id='word_1_160' title='bbox 1002 2343 1126 2401; x_wconf 87' lang='lat' dir='ltr'><strong>etatem</strong></span> <span class='ocrx_word' id='word_1_161' title='bbox 1141 2333 1236 2414; x_wconf 75' lang='lat' dir='ltr'><strong>eius&#39;,</strong></span> 
     </span>
     <span class='ocr_line' id='line_1_20' title="bbox 129 2439 1237 2526; baseline 0.002 -23"><span class='ocrx_word' id='word_1_162' title='bbox 129 2450 160 2503; x_wconf 92' lang='lat' dir='ltr'><strong>et</strong></span> <span class='ocrx_word' id='word_1_163' title='bbox 174 2440 250 2526; x_wconf 88' lang='lat' dir='ltr'><strong>quia</strong></span> <span class='ocrx_word' id='word_1_164' title='bbox 264 2440 355 2505; x_wconf 89' lang='lat' dir='ltr'><strong>idem</strong></span> <span class='ocrx_word' id='word_1_165' title='bbox 369 2462 452 2526; x_wconf 87' lang='lat' dir='ltr'><strong>puer</strong></span> <span class='ocrx_word' id='word_1_166' title='bbox 465 2462 633 2526; x_wconf 91' lang='lat' dir='ltr'><strong>nunquam</strong></span> <span class='ocrx_word' id='word_1_167' title='bbox 648 2439 800 2505; x_wconf 82' lang='lat' dir='ltr'><strong>saisinam</strong></span> <span class='ocrx_word' id='word_1_168' title='bbox 815 2440 933 2506; x_wconf 81' lang='lat' dir='ltr'><strong>habuit</strong></span> <span class='ocrx_word' id='word_1_169' title='bbox 947 2461 1007 2505; x_wconf 91' lang='lat' dir='ltr'><strong>nec</strong></span> <span class='ocrx_word' id='word_1_170' title='bbox 1020 2439 1062 2505; x_wconf 92' lang='lat' dir='ltr'><strong>de</strong></span> <span class='ocrx_word' id='word_1_171' title='bbox 1078 2448 1164 2505; x_wconf 86' lang='lat' dir='ltr'><strong>terra</strong></span> <span class='ocrx_word' id='word_1_172' title='bbox 1177 2462 1237 2505; x_wconf 85' lang='lat' dir='ltr'><strong>nec</strong></span> 
     </span>
     <span class='ocr_line' id='line_1_21' title="bbox 128 2544 1236 2632; baseline 0 -23"><span class='ocrx_word' id='word_1_173' title='bbox 128 2545 166 2611; x_wconf 89' lang='lat' dir='ltr'><strong>de</strong></span> <span class='ocrx_word' id='word_1_174' title='bbox 180 2546 327 2624; x_wconf 74' lang='lat' dir='ltr'><strong>conuicio,</strong></span> <span class='ocrx_word' id='word_1_175' title='bbox 342 2545 580 2612; x_wconf 87' lang='lat' dir='ltr'><strong>consideratum</strong></span> <span class='ocrx_word' id='word_1_176' title='bbox 596 2545 660 2611; x_wconf 81' lang='lat' dir='ltr'><strong>fuit</strong></span> <span class='ocrx_word' id='word_1_177' title='bbox 674 2545 761 2632; x_wconf 91' lang='lat' dir='ltr'><strong>quod</strong></span> <span class='ocrx_word' id='word_1_178' title='bbox 780 2545 904 2610; x_wconf 87' lang='lat' dir='ltr'><strong>nullam</strong></span> <span class='ocrx_word' id='word_1_179' title='bbox 924 2544 1117 2610; x_wconf 80' lang='lat' dir='ltr'><strong>warentiam</strong></span> <span class='ocrx_word' id='word_1_180' title='bbox 1131 2545 1236 2610; x_wconf 83' lang='lat' dir='ltr'><strong>facere</strong></span> 
     </span>
     <span class='ocr_line' id='line_1_22' title="bbox 127 2648 1236 2736; baseline 0.002 -23"><span class='ocrx_word' id='word_1_181' title='bbox 127 2649 239 2715; x_wconf 78' lang='lat' dir='ltr'><strong>debuit</strong></span> <span class='ocrx_word' id='word_1_182' title='bbox 263 2671 326 2736; x_wconf 87' lang='lat' dir='ltr'><strong>per</strong></span> <span class='ocrx_word' id='word_1_183' title='bbox 351 2649 437 2735; x_wconf 90' lang='lat' dir='ltr'><strong>quod</strong></span> <span class='ocrx_word' id='word_1_184' title='bbox 461 2648 548 2714; x_wconf 90' lang='lat' dir='ltr'><strong>idem</strong></span> <span class='ocrx_word' id='word_1_185' title='bbox 575 2649 733 2714; x_wconf 87' lang='lat' dir='ltr'><strong>Ricardus</strong></span> <span class='ocrx_word' id='word_1_186' title='bbox 754 2672 814 2736; x_wconf 89' lang='lat' dir='ltr'><strong>per</strong></span> <span class='ocrx_word' id='word_1_187' title='bbox 835 2649 993 2716; x_wconf 85' lang='lat' dir='ltr'><strong>iudicium</strong></span> <span class='ocrx_word' id='word_1_188' title='bbox 1016 2648 1105 2715; x_wconf 86' lang='lat' dir='ltr'><strong>curie</strong></span> <span class='ocrx_word' id='word_1_189' title='bbox 1126 2648 1236 2715; x_wconf 86' lang='lat' dir='ltr'><strong>amisit</strong></span> 
     </span>
     <span class='ocr_line' id='line_1_23' title="bbox 127 2751 854 2838; baseline 0 -20"><span class='ocrx_word' id='word_1_190' title='bbox 127 2751 275 2818; x_wconf 81' lang='lat' dir='ltr'><strong>saisinam</strong></span> <span class='ocrx_word' id='word_1_191' title='bbox 291 2774 385 2817; x_wconf 84' lang='lat' dir='ltr'><strong>suam</strong></span> <span class='ocrx_word' id='word_1_192' title='bbox 401 2751 519 2837; x_wconf 90' lang='lat' dir='ltr'><strong>etipse</strong></span> <span class='ocrx_word' id='word_1_193' title='bbox 534 2751 625 2818; x_wconf 90' lang='lat' dir='ltr'><strong>illam</strong></span> <span class='ocrx_word' id='word_1_194' title='bbox 640 2752 854 2838; x_wconf 88' lang='lat' dir='ltr'><strong>recuperauit</strong></span> 
     </span>
    </p>

    <p class='ocr_par' dir='ltr' id='par_1_5' title="bbox 128 2854 1238 3359">
     <span class='ocr_line' id='line_1_24' title="bbox 189 2854 1238 2943; baseline -0.001 -21"><span class='ocrx_word' id='word_1_195' title='bbox 189 2857 311 2922; x_wconf 80' lang='lat' dir='ltr'><strong>Postea</strong></span> <span class='ocrx_word' id='word_1_196' title='bbox 340 2857 418 2942; x_wconf 90' lang='lat' dir='ltr'><strong>quia</strong></span> <span class='ocrx_word' id='word_1_197' title='bbox 445 2855 604 2922; x_wconf 85' lang='lat' dir='ltr'><strong>Ricardus</strong></span> <span class='ocrx_word' id='word_1_198' title='bbox 633 2856 797 2943; x_wconf 83' lang='lat' dir='ltr'><strong>cognoscit</strong></span> <span class='ocrx_word' id='word_1_199' title='bbox 826 2856 913 2942; x_wconf 91' lang='lat' dir='ltr'><strong>quod</strong></span> <span class='ocrx_word' id='word_1_200' title='bbox 935 2854 1016 2922; x_wconf 84' lang='lat' dir='ltr'><strong>alias</strong></span> <span class='ocrx_word' id='word_1_201' title='bbox 1038 2856 1171 2922; x_wconf 88' lang='lat' dir='ltr'><strong>uocauit</strong></span> <span class='ocrx_word' id='word_1_202' title='bbox 1195 2855 1238 2922; x_wconf 91' lang='lat' dir='ltr'><strong>ad</strong></span> 
     </span>
     <span class='ocr_line' id='line_1_25' title="bbox 128 2959 1237 3047; baseline -0.002 -21"><span class='ocrx_word' id='word_1_203' title='bbox 128 2969 308 3027; x_wconf 82' lang='lat' dir='ltr'><strong>warantum</strong></span> <span class='ocrx_word' id='word_1_204' title='bbox 333 2959 516 3046; x_wconf 87' lang='lat' dir='ltr'><strong>predictum</strong></span> <span class='ocrx_word' id='word_1_205' title='bbox 540 2960 644 3026; x_wconf 89' lang='lat' dir='ltr'><strong>filium</strong></span> <span class='ocrx_word' id='word_1_206' title='bbox 668 2959 821 3047; x_wconf 83' lang='lat' dir='ltr'><strong>Hugonis</strong></span> <span class='ocrx_word' id='word_1_207' title='bbox 842 2968 878 3026; x_wconf 90' lang='lat' dir='ltr'><strong>et</strong></span> <span class='ocrx_word' id='word_1_208' title='bbox 899 2968 979 3025; x_wconf 88' lang='lat' dir='ltr'><strong>tunc</strong></span> <span class='ocrx_word' id='word_1_209' title='bbox 1000 2960 1237 3026; x_wconf 87' lang='lat' dir='ltr'><strong>consideratum</strong></span> 
     </span>
     <span class='ocr_line' id='line_1_26' title="bbox 128 3063 1238 3152; baseline -0.002 -22"><span class='ocrx_word' id='word_1_210' title='bbox 128 3066 189 3130; x_wconf 88' lang='lat' dir='ltr'><strong>fnit</strong></span> <span class='ocrx_word' id='word_1_211' title='bbox 212 3065 301 3152; x_wconf 92' lang='lat' dir='ltr'><strong>quod</strong></span> <span class='ocrx_word' id='word_1_212' title='bbox 326 3087 391 3130; x_wconf 91' lang='lat' dir='ltr'><strong>uon</strong></span> <span class='ocrx_word' id='word_1_213' title='bbox 414 3063 529 3130; x_wconf 89' lang='lat' dir='ltr'><strong>debuit</strong></span> <span class='ocrx_word' id='word_1_214' title='bbox 554 3064 771 3142; x_wconf 70' lang='lat' dir='ltr'><strong>warentizara</strong></span> <span class='ocrx_word' id='word_1_215' title='bbox 795 3064 891 3130; x_wconf 90' lang='lat' dir='ltr'><strong>modo</strong></span> <span class='ocrx_word' id='word_1_216' title='bbox 919 3063 1157 3130; x_wconf 85' lang='lat' dir='ltr'><strong>consideratum</strong></span> <span class='ocrx_word' id='word_1_217' title='bbox 1186 3072 1238 3130; x_wconf 84' lang='lat' dir='ltr'><strong>est</strong></span> 
     </span>
     <span class='ocr_line' id='line_1_27' title="bbox 128 3166 1237 3256; baseline -0.003 -21"><span class='ocrx_word' id='word_1_218' title='bbox 128 3169 210 3256; x_wconf 92' lang='lat' dir='ltr'><strong>quod</strong></span> <span class='ocrx_word' id='word_1_219' title='bbox 239 3169 344 3234; x_wconf 90' lang='lat' dir='ltr'><strong>nichil</strong></span> <span class='ocrx_word' id='word_1_220' title='bbox 372 3168 449 3234; x_wconf 88' lang='lat' dir='ltr'><strong>inde</strong></span> <span class='ocrx_word' id='word_1_221' title='bbox 479 3167 618 3234; x_wconf 87' lang='lat' dir='ltr'><strong>ciamare</strong></span> <span class='ocrx_word' id='word_1_222' title='bbox 647 3176 765 3254; x_wconf 87' lang='lat' dir='ltr'><strong>potest,</strong></span> <span class='ocrx_word' id='word_1_223' title='bbox 791 3177 827 3234; x_wconf 93' lang='lat' dir='ltr'><strong>et</strong></span> <span class='ocrx_word' id='word_1_224' title='bbox 852 3168 925 3234; x_wconf 89' lang='lat' dir='ltr'><strong>ideo</strong></span> <span class='ocrx_word' id='word_1_225' title='bbox 951 3168 1136 3234; x_wconf 88' lang='lat' dir='ltr'><strong>Willelmus</strong></span> <span class='ocrx_word' id='word_1_226' title='bbox 1160 3166 1237 3232; x_wconf 91' lang='lat' dir='ltr'><strong>inde</strong></span> 
     </span>
     <span class='ocr_line' id='line_1_28' title="bbox 129 3271 773 3359; baseline 0 -21"><span class='ocrx_word' id='word_1_227' title='bbox 129 3273 258 3359; x_wconf 84' lang='lat' dir='ltr'><strong>quietus</strong></span> <span class='ocrx_word' id='word_1_228' title='bbox 273 3281 311 3339; x_wconf 83' lang='lat' dir='ltr'><strong>et</strong></span> <span class='ocrx_word' id='word_1_229' title='bbox 325 3272 483 3339; x_wconf 86' lang='lat' dir='ltr'><strong>Ricardus</strong></span> <span class='ocrx_word' id='word_1_230' title='bbox 497 3273 532 3339; x_wconf 91' lang='lat' dir='ltr'><strong>in</strong></span> <span class='ocrx_word' id='word_1_231' title='bbox 547 3271 773 3338; x_wconf 86' lang='lat' dir='ltr'><strong>misericordia</strong></span> 
     </span>
    </p>

    <p class='ocr_par' dir='ltr' id='par_1_6' title="bbox 25 3371 1358 3773">
     <span class='ocr_line' id='line_1_29' title="bbox 25 3371 1358 3460; baseline 0 -24"><span class='ocrx_word' id='word_1_232' title='bbox 25 3375 96 3442; x_wconf 78' lang='lat'>1088.</span> <span class='ocrx_word' id='word_1_233' title='bbox 190 3373 341 3460; x_wconf 79' lang='lat' dir='ltr'><strong>Rogerus</strong></span> <span class='ocrx_word' id='word_1_234' title='bbox 370 3372 505 3440; x_wconf 77' lang='lat' dir='ltr'><strong>Gulofre</strong></span> <span class='ocrx_word' id='word_1_235' title='bbox 534 3383 570 3437; x_wconf 90' lang='lat' dir='ltr'><strong>et</strong></span> <span class='ocrx_word' id='word_1_236' title='bbox 599 3372 656 3438; x_wconf 86' lang='lat' dir='ltr'><strong>alii</strong></span> <span class='ocrx_word' id='word_1_237' title='bbox 680 3379 746 3438; x_wconf 88' lang='lat' dir='ltr'><strong>tres</strong></span> <span class='ocrx_word' id='word_1_238' title='bbox 769 3372 891 3438; x_wconf 86' lang='lat' dir='ltr'><strong>milites</strong></span> <span class='ocrx_word' id='word_1_239' title='bbox 913 3372 1003 3438; x_wconf 82' lang='lat' dir='ltr'><strong>missi</strong></span> <span class='ocrx_word' id='word_1_240' title='bbox 1027 3371 1070 3438; x_wconf 88' lang='lat' dir='ltr'><strong>ad</strong></span> <span class='ocrx_word' id='word_1_241' title='bbox 1092 3371 1235 3436; x_wconf 84' lang='lat' dir='ltr'><strong>Priorem</strong></span> <span class='ocrx_word' id='word_1_242' title='bbox 1310 3399 1358 3428; x_wconf 74' lang='lat' dir='ltr'><strong>xm</strong></span> 
     </span>
     <span class='ocr_line' id='line_1_30' title="bbox 130 3474 1237 3561; baseline -0.002 -19"><span class='ocrx_word' id='word_1_243' title='bbox 130 3476 159 3542; x_wconf 86' lang='lat' dir='ltr'><strong>S.</strong></span> <span class='ocrx_word' id='word_1_244' title='bbox 174 3475 376 3542; x_wconf 85' lang='lat' dir='ltr'><strong>Fridewithe</strong></span> <span class='ocrx_word' id='word_1_245' title='bbox 400 3475 525 3542; x_wconf 86' lang='lat' dir='ltr'><strong>Oxonie</strong></span> <span class='ocrx_word' id='word_1_246' title='bbox 548 3474 606 3561; x_wconf 92' lang='lat' dir='ltr'><strong>qui</strong></span> <span class='ocrx_word' id='word_1_247' title='bbox 627 3474 801 3561; x_wconf 80' lang='lat' dir='ltr'><strong>languidus</strong></span> <span class='ocrx_word' id='word_1_248' title='bbox 822 3483 872 3541; x_wconf 86' lang='lat' dir='ltr'><strong>est</strong></span> <span class='ocrx_word' id='word_1_249' title='bbox 893 3484 954 3542; x_wconf 87' lang='lat' dir='ltr'><strong>etc.</strong></span> <span class='ocrx_word' id='word_1_250' title='bbox 973 3474 1016 3540; x_wconf 90' lang='lat' dir='ltr'><strong>ad</strong></span> <span class='ocrx_word' id='word_1_251' title='bbox 1037 3474 1237 3540; x_wconf 89' lang='lat' dir='ltr'><strong>audiendum</strong></span> 
     </span>
     <span class='ocr_line' id='line_1_31' title="bbox 129 3578 1237 3668; baseline -0.002 -22"><span class='ocrx_word' id='word_1_252' title='bbox 129 3605 221 3668; x_wconf 91' lang='lat' dir='ltr'><strong>quem</strong></span> <span class='ocrx_word' id='word_1_253' title='bbox 243 3582 317 3668; x_wconf 86' lang='lat' dir='ltr'><strong>ipse</strong></span> <span class='ocrx_word' id='word_1_254' title='bbox 339 3581 408 3646; x_wconf 91' lang='lat' dir='ltr'><strong>loco</strong></span> <span class='ocrx_word' id='word_1_255' title='bbox 428 3601 486 3644; x_wconf 87' lang='lat' dir='ltr'><strong>suo</strong></span> <span class='ocrx_word' id='word_1_256' title='bbox 506 3579 683 3644; x_wconf 84' lang='lat' dir='ltr'><strong>attomiare</strong></span> <span class='ocrx_word' id='word_1_257' title='bbox 705 3579 847 3644; x_wconf 88' lang='lat' dir='ltr'><strong>uoluerit</strong></span> <span class='ocrx_word' id='word_1_258' title='bbox 864 3579 906 3645; x_wconf 87' lang='lat' dir='ltr'><strong>ad</strong></span> <span class='ocrx_word' id='word_1_259' title='bbox 921 3578 1113 3645; x_wconf 91' lang='lat' dir='ltr'><strong>lucrandum</strong></span> <span class='ocrx_word' id='word_1_260' title='bbox 1127 3586 1186 3644; x_wconf 86' lang='lat' dir='ltr'><strong>etc</strong></span> <span class='ocrx_word' id='word_1_261' title='bbox 1202 3579 1237 3644; x_wconf 91' lang='lat' dir='ltr'><strong>in</strong></span> 
     </span>
     <span class='ocr_line' id='line_1_32' title="bbox 129 3681 1238 3773; baseline -0.004 -22"><span class='ocrx_word' id='word_1_262' title='bbox 129 3687 254 3773; x_wconf 89' lang='lat' dir='ltr'><strong>loquela</strong></span> <span class='ocrx_word' id='word_1_263' title='bbox 269 3707 371 3772; x_wconf 87' lang='lat' dir='ltr'><strong>quam</strong></span> <span class='ocrx_word' id='word_1_264' title='bbox 387 3685 487 3750; x_wconf 84' lang='lat' dir='ltr'><strong>habet</strong></span> <span class='ocrx_word' id='word_1_265' title='bbox 502 3705 615 3750; x_wconf 86' lang='lat' dir='ltr'><strong>uersus</strong></span> <span class='ocrx_word' id='word_1_266' title='bbox 629 3683 795 3750; x_wconf 79' lang='lat' dir='ltr'><strong>Abbatem</strong></span> <span class='ocrx_word' id='word_1_267' title='bbox 810 3682 850 3748; x_wconf 89' lang='lat' dir='ltr'><strong>de</strong></span> <span class='ocrx_word' id='word_1_268' title='bbox 863 3682 1048 3748; x_wconf 85' lang='lat' dir='ltr'><strong>Dorcestria</strong></span> <span class='ocrx_word' id='word_1_269' title='bbox 1061 3681 1103 3748; x_wconf 91' lang='lat' dir='ltr'><strong>de</strong></span> <span class='ocrx_word' id='word_1_270' title='bbox 1118 3683 1238 3768; x_wconf 88' lang='lat' dir='ltr'><strong>placito</strong></span> 
     </span>
    </p>
   </div>
   <div class='ocr_carea' id='block_1_3' title="bbox 130 3786 1238 3877">
    <p class='ocr_par' dir='ltr' id='par_1_7' title="bbox 130 3786 1238 3877">
     <span class='ocr_line' id='line_1_33' title="bbox 130 3786 1238 3877; baseline -0.005 -20"><span class='ocrx_word' id='word_1_271' title='bbox 130 3791 358 3877; x_wconf 85' lang='lat' dir='ltr'><strong>prohibicionis</strong></span> <span class='ocrx_word' id='word_1_272' title='bbox 388 3797 449 3856; x_wconf 86' lang='lat' dir='ltr'><strong>etc.</strong></span> <span class='ocrx_word' id='word_1_273' title='bbox 473 3789 614 3854; x_wconf 89' lang='lat' dir='ltr'><strong>ueniunt</strong></span> <span class='ocrx_word' id='word_1_274' title='bbox 643 3796 678 3854; x_wconf 87' lang='lat' dir='ltr'><strong>et</strong></span> <span class='ocrx_word' id='word_1_275' title='bbox 707 3788 823 3854; x_wconf 90' lang='lat' dir='ltr'><strong>dicunt</strong></span> <span class='ocrx_word' id='word_1_276' title='bbox 846 3786 932 3874; x_wconf 91' lang='lat' dir='ltr'><strong>quod</strong></span> <span class='ocrx_word' id='word_1_277' title='bbox 955 3787 1065 3872; x_wconf 85' lang='lat' dir='ltr'><strong>posuit</strong></span> <span class='ocrx_word' id='word_1_278' title='bbox 1088 3786 1157 3852; x_wconf 90' lang='lat' dir='ltr'><strong>loco</strong></span> <span class='ocrx_word' id='word_1_279' title='bbox 1179 3809 1238 3853; x_wconf 85' lang='lat' dir='ltr'><strong>suo</strong></span> 
     </span>
    </p>
   </div>
   <div class='ocr_carea' id='block_1_4' title="bbox 25 3891 1358 4118">
    <p class='ocr_par' dir='ltr' id='par_1_8' title="bbox 25 3891 1358 4090">
     <span class='ocr_line' id='line_1_34' title="bbox 132 3891 706 3978; baseline -0.014 -16"><span class='ocrx_word' id='word_1_280' title='bbox 132 3897 335 3964; x_wconf 88' lang='lat' dir='ltr'><strong>Willelmum</strong></span> <span class='ocrx_word' id='word_1_281' title='bbox 350 3895 391 3961; x_wconf 90' lang='lat' dir='ltr'><strong>de</strong></span> <span class='ocrx_word' id='word_1_282' title='bbox 407 3891 605 3978; x_wconf 85' lang='lat' dir='ltr'><strong>Kynchtona</strong></span> <span class='ocrx_word' id='word_1_283' title='bbox 619 3899 679 3956; x_wconf 88' lang='lat' dir='ltr'><strong>etc.</strong></span> <span class='ocrx_word' id='word_1_284' title='bbox 700 3891 706 3976; x_wconf 89' lang='grc' dir='ltr'>Ι</span> 
     </span>
     <span class='ocr_line' id='line_1_35' title="bbox 25 3992 1358 4118; baseline -0.005 -56"><span class='ocrx_word' id='word_1_285' title='bbox 25 4001 98 4070; x_wconf 84' lang='grc'>1089</span> <span class='ocrx_word' id='word_1_286' title='bbox 191 4003 342 4118; x_wconf 77' lang='lat' dir='ltr'><strong>Rogerus</strong></span> <span class='ocrx_word' id='word_1_287' title='bbox 377 3997 511 4065; x_wconf 84' lang='lat' dir='ltr'><strong>Gulosre</strong></span> <span class='ocrx_word' id='word_1_288' title='bbox 541 4004 577 4061; x_wconf 89' lang='lat' dir='ltr'><strong>et</strong></span> <span class='ocrx_word' id='word_1_289' title='bbox 605 3993 698 4062; x_wconf 80' lang='lat' dir='ltr'><strong>aliis⁸</strong></span> <span class='ocrx_word' id='word_1_290' title='bbox 727 4004 793 4059; x_wconf 87' lang='lat' dir='ltr'><strong>tres</strong></span> <span class='ocrx_word' id='word_1_291' title='bbox 822 3992 945 4059; x_wconf 83' lang='lat' dir='ltr'><strong>milites</strong></span> <span class='ocrx_word' id='word_1_292' title='bbox 978 3992 1168 4060; x_wconf 86' lang='lat' dir='ltr'><strong>summoniti</strong></span> <span class='ocrx_word' id='word_1_293' title='bbox 1196 3993 1238 4059; x_wconf 84' lang='lat' dir='ltr'><strong>ad</strong></span> <span class='ocrx_word' id='word_1_294' title='bbox 1297 4005 1358 4056; x_wconf 69' lang='lat'><strong>[1⁶2]</strong></span> 
     </span>
    </p>
   </div>
   <div class='ocr_carea' id='block_1_5' title="bbox 131 4072 1326 4194">
    <p class='ocr_par' dir='ltr' id='par_1_9' title="bbox 131 4072 1326 4194">
     <span class='ocr_line' id='line_1_36' title="bbox 131 4072 1326 4194; baseline -0.008 -21"><span class='ocrx_word' id='word_1_295' title='bbox 131 4106 264 4194; x_wconf 84' lang='lat' dir='ltr'><strong>eligend¹</strong></span> <span class='ocrx_word' id='word_1_296' title='bbox 280 4105 337 4192; x_wconf 83' lang='lat' dir='ltr'><strong>xij.</strong></span> <span class='ocrx_word' id='word_1_297' title='bbox 348 4103 391 4169; x_wconf 89' lang='lat' dir='ltr'><strong>ad</strong></span> <span class='ocrx_word' id='word_1_298' title='bbox 406 4103 466 4168; x_wconf 84' lang='lat' dir='ltr'><strong>fac&#39;</strong></span> <span class='ocrx_word' id='word_1_299' title='bbox 478 4099 734 4189; x_wconf 81' lang='lat' dir='ltr'><strong>recoguicionem</strong></span> <span class='ocrx_word' id='word_1_300' title='bbox 750 4121 868 4186; x_wconf 82' lang='lat' dir='ltr'><strong>magne</strong></span> <span class='ocrx_word' id='word_1_301' title='bbox 883 4097 981 4164; x_wconf 76' lang='lat' dir='ltr'><strong>assiae</strong></span> <span class='ocrx_word' id='word_1_302' title='bbox 991 4097 1083 4164; x_wconf 87' lang='lat' dir='ltr'><strong>inter</strong></span> <span class='ocrx_word' id='word_1_303' title='bbox 1096 4072 1326 4165; x_wconf 82' lang='lat' dir='ltr'><strong>Priorem⁰¹</strong></span> 
     </span>
    </p>
   </div>
   <div class='ocr_carea' id='block_1_6' title="bbox 161 4234 1239 4490">
    <p class='ocr_par' dir='ltr' id='par_1_10' title="bbox 162 4234 1239 4365">
     <span class='ocr_line' id='line_1_37' title="bbox 162 4234 1239 4300; baseline -0.004 -7.909"><span class='ocrx_word' id='word_1_304' title='bbox 162 4237 807 4293; x_wconf 76' lang='lat' dir='ltr'><strong>¹RicbardF1tzPeter⁵So</strong></span> <span class='ocrx_word' id='word_1_305' title='bbox 822 4235 882 4287; x_wconf 81' lang='lat' dir='ltr'><strong>that</strong></span> <span class='ocrx_word' id='word_1_306' title='bbox 896 4234 943 4286; x_wconf 85' lang='lat' dir='ltr'><strong>the</strong></span> <span class='ocrx_word' id='word_1_307' title='bbox 958 4236 1033 4299; x_wconf 84' lang='lat' dir='ltr'><strong>paral</strong></span> <span class='ocrx_word' id='word_1_308' title='bbox 1048 4235 1133 4300; x_wconf 75' lang='lat' dir='ltr'><strong>might</strong></span> <span class='ocrx_word' id='word_1_309' title='bbox 1149 4235 1239 4288; x_wconf 82' lang='lat' dir='ltr'><strong>demur</strong></span> 
     </span>
     <span class='ocr_line' id='line_1_38' title="bbox 161 4301 979 4365; baseline -0.01 -5.716"><span class='ocrx_word' id='word_1_310' title='bbox 161 4307 260 4358; x_wconf 75' lang='lat' dir='ltr'><strong>’com</strong></span> <span class='ocrx_word' id='word_1_311' title='bbox 272 4310 306 4359; x_wconf 78' lang='lat' dir='ltr'><strong>ei.</strong></span> <span class='ocrx_word' id='word_1_312' title='bbox 712 4301 887 4365; x_wconf 81' lang='lat' dir='ltr'><strong>duringtben</strong></span> <span class='ocrx_word' id='word_1_313' title='bbox 888 4315 979 4364; x_wconf 76' lang='lat' dir='ltr'><strong>onage.</strong></span> 
     </span>
    </p>

    <p class='ocr_par' dir='ltr' id='par_1_11' title="bbox 162 4367 912 4434">
     <span class='ocr_line' id='line_1_39' title="bbox 162 4367 912 4434; baseline -0.003 -12"><span class='ocrx_word' id='word_1_314' title='bbox 162 4372 173 4405; x_wconf 79' lang='lat'><strong>¹</strong></span> <span class='ocrx_word' id='word_1_315' title='bbox 188 4373 292 4424; x_wconf 81' lang='lat' dir='ltr'><strong>Hubert</strong></span> <span class='ocrx_word' id='word_1_316' title='bbox 304 4371 335 4422; x_wconf 84' lang='lat' dir='ltr'><strong>de</strong></span> <span class='ocrx_word' id='word_1_317' title='bbox 346 4369 445 4434; x_wconf 80' lang='lat' dir='ltr'><strong>Burgh.</strong></span> <span class='ocrx_word' id='word_1_318' title='bbox 744 4368 756 4404; x_wconf 73' lang='grc' dir='ltr'><strong>θ</strong></span> <span class='ocrx_word' id='word_1_319' title='bbox 772 4367 843 4418; x_wconf 79' lang='lat' dir='ltr'><strong>Corn.</strong></span> <span class='ocrx_word' id='word_1_320' title='bbox 855 4369 912 4420; x_wconf 83' lang='lat' dir='ltr'><strong>clii.</strong></span> 
     </span>
    </p>

    <p class='ocr_par' dir='ltr' id='par_1_12' title="bbox 163 4435 449 4490">
     <span class='ocr_line' id='line_1_40' title="bbox 163 4435 449 4490; baseline -0.003 -2"><span class='ocrx_word' id='word_1_321' title='bbox 163 4439 174 4471; x_wconf 80' lang='lat'><strong>⁴</strong></span> <span class='ocrx_word' id='word_1_322' title='bbox 188 4437 306 4490; x_wconf 83' lang='lat' dir='ltr'><strong>Richard</strong></span> <span class='ocrx_word' id='word_1_323' title='bbox 316 4435 449 4488; x_wconf 79' lang='lat' dir='ltr'><strong>MarshalL</strong></span> 
     </span>
    </p>
   </div>
   <div class='ocr_carea' id='block_1_7' title="bbox 0 0 1589 5075">
    <p class='ocr_par' dir='ltr' id='par_1_13' title="bbox 0 0 1589 5075">
     <span class='ocr_line' id='line_1_41' title="bbox 0 0 1589 5075; baseline 0 0"><span class='ocrx_word' id='word_1_324' title='bbox 0 0 1589 5075; x_wconf 95' lang='lat' dir='ltr'><strong> </strong></span> 
     </span>
    </p>
   </div>
  </div>
 </body>
</html>
