3167 5075
312 391 376 457 690
439 404 597 454 surronn
621 405 711 459 ιιιιιιι
734 405 778 453 οι
801 404 1002 453 crannum
1025 403 1099 452 ιιι)
1121 405 1291 465 snomvs,

311 573 387 640 inde
402 575 444 642 ad
458 583 638 641 warantum
652 575 837 641 Johannem
857 575 964 640 filium
983 575 1107 641 Thome
1129 574 1173 640 dc
1193 575 1426 653 Huntindona,

311 679 368 765 qui
392 701 522 766 presens
546 687 595 745 est
617 686 652 745 et
674 679 721 744 eis
742 679 941 757 warentiam,
963 687 998 744 et
1021 679 1102 744 dicit
1124 679 1211 764 quod
1233 679 1336 744 emim
1358 702 1427 744 non

311 780 409 846 debet
438 781 514 846 inde
540 781 619 859 fieri,
642 781 720 868 quia
744 781 832 847 idem
855 782 1014 846 Ricardus
1037 782 1136 847 habet
1158 805 1262 848 unum
1285 784 1426 848 fratrem

149 906 244 992 soaqq
229 905 272 945 nou
245 885 563 992 mprimogenitum
578 886 780 953 Willelmum
795 886 926 952 nomine
950 887 1008 973 qui
1023 887 1109 952 uiuit
1123 896 1159 952 et
1173 887 1294 952 habuit
1315 897 1426 952 totam

149 953 295 1086 §amm
311 989 526 1055 hereditatem
546 989 756 1054 Walterit
698 997 756 1076 pat
757 989 802 1054 ris
816 989 877 1055 sui.
920 991 949 1054 F
951 999 966 1054 t
980 989 1164 1075 proferunt¹
1180 991 1425 1077 cyrographum

149 1057 204 1180 {noi}
201 1047 301 1180 ’,τάξῃ
312 1093 376 1157 fact
363 1101 434 1158 tum
449 1093 483 1158 in
498 1093 587 1158 curia
598 1093 698 1181 Regis
708 1094 860 1158 Ricardi
850 1093 957 1158 mter
948 1116 1057 1180 1psum
1068 1093 1274 1159 Willelmum
1286 1094 1425 1158 fratrem

150 1186 408 1273 fflfflffleunm
434 1207 469 1264 et
491 1199 626 1263 Petrum
648 1199 754 1263 filium
776 1199 886 1276 Ulfis
876 1221 912 1263 ιιι
933 1221 998 1285 quo
1019 1197 1206 1263 continetur
1228 1199 1318 1285 qnod
1337 1198 1426 1263 idem

150 1281 292 1414 Ξὶιάιᾝ
313 1303 497 1368 Willelmus
522 1311 671 1389 receptus
696 1303 796 1368 fuit
786 1326 822 1367 m
845 1303 936 1367 curia
964 1303 1058 1368 Dom
1089 1303 1190 1390 Regis
1217 1303 1306 1368 sicut
1332 1302 1428 1366 heres

149 1373 249 1459 ΐιῦιιξὲο

313 1409 423 1575 patrii
430 1431 595 1576 S{dicantus
609 1509 773 1598 cognoscit
787 1510 874 1595 quod
895 1509 997 1574 habet
1016 1509 1149 1573 fratrem
1167 1508 1426 1595 primogenitum

314 1611 515 1678 Willelmnm
538 1611 671 1690 scilicet,
696 1621 746 1676 set
772 1611 964 1698 dicitquod
989 1611 1161 1676 bastardus
1186 1621 1238 1676 est
1269 1635 1308 1678 eo
1339 1611 1429 1698 quod

313 1723 407 1800 pater
435 1737 513 1780 suus
543 1714 607 1781 fuit
633 1736 776 1801 persona
832 1714 876 1778 Et
904 1711 984 1798 quia
1012 1713 1177 1799 cognoscit
1206 1712 1296 1797 quod
1325 1713 1430 1777 habet

313 1819 444 1882 fratrem
460 1818 714 1904 primogenitum
735 1826 769 1882 et
789 1816 876 1903 quod
899 1814 1065 1882 uendidit⁸
1088 1839 1162 1880 m
1183 1815 1319 1882 libratos
1340 1825 1429 1881 terre

313 1921 353 1988 de
383 1923 565 1988 hereditate
594 1921 733 2008 predicti
767 1921 907 1987 Walteri
940 1920 1043 2007 patris
1076 1920 1136 1999 sui,
1165 1929 1201 1986 et
1236 1944 1311 1986 m
1347 1922 1430 1986 anni

314 2027 469 2092 transacti
483 2035 560 2091 sunt
574 2036 746 2114 postquam
761 2025 988 2113 cirographum
1003 2025 1126 2089 factum
1141 2025 1207 2089 fuit
1226 2024 1263 2089 in
1277 2024 1430 2112 predicta

314 2131 403 2197 ouria
428 2131 463 2196 in
486 2153 551 2218 qua
575 2129 741 2216 predictus
766 2131 951 2195 Willelmus
976 2129 1137 2194 admissus
1161 2129 1227 2195 fnit
1255 2140 1295 2197 ut
1321 2131 1430 2208 heres,

312 2233 551 2310 consideratum
573 2233 729 2320 estquod
749 2233 849 2299 assisa
870 2233 984 2299 mortis
1006 2235 1218 2299 antecessoris
1239 2258 1304 2300 non
1328 2236 1429 2310 iacet,

314 2347 364 2403 set
379 2338 406 2403 si
421 2337 504 2402 uelit
517 2337 683 2424 perquirat
698 2337 761 2402 sibi
774 2359 835 2423 per
847 2337 947 2402 breue
962 2336 1003 2402 de
1018 2345 1107 2402 recto
1120 2338 1149 2401 si
1163 2337 1305 2402 uoluerit
1321 2347 1385 2402 etc

270 2509 277 2522 ,
379 2441 557 2506 ‘Robertus
572 2439 659 2505 filius
674 2440 857 2505 Normanni
871 2448 906 2505 et
920 2440 1002 2505 tales
1017 2451 1079 2507 etc.
1090 2440 1307 2527 recognitores
1322 2441 1428 2506 asise

217 2572 252 2599 u·
316 2544 430 2609 ultime
460 2544 712 2631 presentacionis
741 2542 781 2608 de
808 2544 944 2610 ecclesia
971 2545 1012 2611 de
1042 2544 1300 2632 Berningeham¹
1331 2556 1434 2633 mpta

314 2670 420 2713 coram
436 2648 468 2713 S.
484 2647 524 2713 de
540 2648 642 2713 Hales
658 2656 693 2713 et
707 2647 802 2713 sociis
821 2648 889 2713 suis
907 2648 1099 2714 summoniti
1119 2648 1162 2713 ad
1181 2649 1435 2715 certificandum

314 2752 507 2817 iusticiarios
533 2751 574 2819 de
598 2760 799 2819 sacramento
822 2753 909 2839 quod
933 2753 1010 2819 inde
1034 2756 1189 2832 fecerunt,
1211 2754 1277 2819 scih
1300 2754 1344 2819 de
1367 2755 1435 2819 hoc

314 2857 400 2943 quod
436 2858 588 2923 dixerunt
625 2857 712 2944 quod
750 2856 913 2922 Robertus
941 2857 1028 2923 filius
1056 2857 1195 2922 Walteri
1223 2859 1435 2943 presentauit

315 2960 465 3025 ultimam
501 2984 671 3047 personam
707 2960 748 3025 ad
790 2960 969 3047 predictam
1006 2962 1184 3039 ecclesiam,
1219 2960 1350 3027 desicut
1392 2962 1431 3027 T.

315 3065 528 3134 Norwicensis
566 3065 743 3152 Episcopus
779 3072 921 3129 testatur
956 3065 1043 3151 quod
1078 3064 1211 3151 quidam
1241 3064 1434 3130 willelmus

152 3195 282 3283 34⁸qu
255 3243 303 3283 M
263 3170 450 3235 sGemun
465 3168 529 3234 fuit
543 3190 679 3254 persona
693 3168 822 3254 quando
837 3169 983 3256 Rogems
997 3169 1039 3233 de
1054 3164 1277 3255 Bemingham
1291 3168 1378 3234 obiit
1393 3178 1433 3233 et

153 3292 288 3377 upqqum
277 3296 298 3332 ιι
316 3282 391 3340 onte
414 3283 449 3341 et
471 3284 551 3361 post.
597 3276 640 3340 Et
626 3282 774 3339 tomnes
793 3272 969 3339 iuratores⁸
986 3274 1128 3339 ueniunt
1149 3284 1184 3339 et
1199 3272 1315 3337 dicunt
1329 3296 1435 3359 super

153 3386 209 3423 (ιτ
173 3395 244 3425 Μ
315 3387 552 3443 sacramentum
566 3401 662 3443 suum
677 3378 764 3464 quod
779 3378 942 3443 Robertus
962 3378 1049 3444 filius
1064 3378 1203 3444 Walteri
1221 3378 1435 3463 presentauit

316 3481 478 3567 Rogemm
508 3479 548 3545 de
578 3481 817 3567 Bemingeham
847 3480 905 3566 qui
941 3480 1058 3545 ultimo
1093 3480 1176 3546 obiit
1212 3502 1353 3567 persona
1388 3480 1434 3545 ad

316 3584 589 3668 presentacionem
620 3584 764 3649 eiusdem
794 3582 948 3649 Walter?
977 3584 1013 3648 in
1042 3584 1157 3649 eadem
1187 3583 1332 3649 ecclesia
1385 3584 1434 3649 Et

316 3687 529 3753 benedicunt
549 3687 634 3773 quod
658 3687 786 3773 quando
808 3688 891 3754 obiit
913 3688 1046 3754 habitus
1068 3688 1132 3754 fuit
1154 3711 1213 3774 pro
1233 3711 1374 3775 persona
1396 3702 1434 3754 et

316 3791 397 3856 obiit
423 3799 461 3855 ut
487 3814 624 3877 persona
649 3801 684 3857 et
710 3800 945 3857 testamentum
971 3793 1050 3858 fecit
1075 3792 1116 3857 de
1141 3792 1252 3878 garbis
1277 3802 1313 3857 et
1336 3792 1435 3857 bonis

315 3894 460 3959 eiusdem
483 3893 615 3959 ecclesio
638 3902 677 3958 ut
701 3916 845 3981 persona
890 3894 933 3959 Et
955 3894 1075 3980 quesiti
1100 3894 1174 3980 quis
1199 3893 1319 3958 hahuit
1342 3894 1435 3959 obla·

349 4112 358 4144 ¹
376 4112 427 4165 Sic.
930 4116 941 4147 ⁶
958 4113 1014 4164 'l'he
1031 4114 1116 4164 assiae
1132 4129 1218 4164 seems
1230 4118 1260 4165 to
1277 4114 1349 4166 have
1366 4116 1435 4166 been

348 4177 360 4209 ²
376 4179 497 4240 Bracton‚
513 4178 531 4227 ι.
545 4180 601 4237 278,
613 4178 677 4228 citos
688 4178 743 4229 this
754 4193 821 4229 csse.
897 4179 1013 4230 between
1028 4180 1126 4229 Robert
1142 4194 1190 4229 son
1208 4182 1238 4230 οι
1257 4181 1360 4232 Walter
1378 4184 1433 4232 end

349 4242 360 4274 ³
375 4243 490 4293 william
507 4244 564 4294 sold
580 4246 639 4307 part
655 4244 684 4293 οι
705 4244 749 4295 the
772 4244 844 4294 land.
896 4246 1010 4295 Eustaee
1021 4244 1050 4294 of
1059 4245 1241 4307 Burungum.

318 4308 358 4357 He
380 4322 432 4357 was
454 4308 482 4357 in
506 4324 534 4359 as
557 4310 614 4359 heir
636 4309 688 4361 and
716 4310 845 4360 exercised
929 4310 940 4341 ⁸
955 4311 1057 4372 Except
1069 4315 1127 4367 two,
1139 4313 1169 4360 Δ.

317 4372 459 4423 dominion.
927 4374 938 4407 ⁷
956 4376 1027 4425 Corr.
1039 4376 1151 4435 Ruteni,
1165 4374 1197 4425 A.

349 4440 407 4487 ιι.
419 4452 454 4488 m.
467 4441 507 4489 30.
