3167 5075
348 380 411 447 162
562 394 680 445 cosin
702 392 803 455 anon,
824 393 887 445 sn.
912 379 1072 457 1235-6,
1093 393 1159 446 aa
1181 379 1230 447 20.

346 567 500 656 Egidium
516 568 546 633 le
567 567 671 633 Poura
691 574 726 631 et
745 566 877 631 Alinam
898 586 1029 630 uxorem
1051 564 1121 630 eius
1140 586 1247 631 coram
1265 565 1452 631 iusticiariis

345 672 575 737 itinerantibus
590 672 625 737 iu
639 670 797 737 comitatu
814 668 939 735 Oxonic
954 668 1088 734 terciam
1108 677 1235 754 partem
1255 670 1356 734 trium
1371 670 1451 757 uirg

345 785 430 843 terre
446 785 480 843 et
494 776 570 842 dim.
586 798 661 841 cum
676 782 757 861 pert.
772 774 808 839 in
823 772 1024 838 Tettewrtbe
1044 781 1079 837 et
1099 773 1233 839 terciam
1252 783 1381 860 partem
1395 773 1454 858 iiij.

344 880 426 969 uirg.
452 889 537 946 terre
566 902 640 944 cum
666 886 748 963 pert.
774 876 810 941 in
836 874 995 962 Wycbam
1021 883 1060 939 ut
1085 874 1195 940 dotem
1220 899 1322 955 suam,
1346 884 1382 942 et
1405 876 1454 941 ibi

344 1006 532 1071 responsum
559 982 622 1047 fuit
645 980 691 1046 ei¹
714 979 801 1067 quod
823 979 963 1067 quedam
988 980 1061 1046 Eua
1084 980 1126 1045 de
1152 980 1292 1046 Thama'
1314 1004 1349 1046 se
1376 981 1454 1046 fecit

345 1108 477 1151 uxorem
500 1083 630 1149 Toraldi
649 1082 742 1148 cuius
762 1081 892 1147 nomine
912 1081 1060 1167 predicta
1078 1081 1204 1147 Leticia
1222 1082 1323 1167 peciit
1341 1083 1454 1148 dotem

344 1214 436 1257 suam
471 1189 621 1255 similiter
654 1188 755 1274 peciit
789 1186 900 1253 dotem
933 1185 974 1251 de
1004 1186 1105 1251 libero
1134 1196 1322 1253 tenemento
1350 1188 1455 1274 ipsius

344 1294 506 1373 Thoraldi,
530 1302 565 1359 et
587 1291 673 1359 unde
696 1292 913 1357 summonitus
935 1288 1014 1356 fiiis·
1034 1312 1143 1356 coram
1164 1291 1257 1357 Dom
1281 1292 1373 1379 Rege
1395 1315 1455 1378 per

343 1398 443 1465 breue
457 1396 498 1463 de
513 1396 589 1463 dote
605 1404 639 1463 et
653 1395 754 1482 peciit
767 1394 926 1461 iudicium
940 1394 969 1460 si
983 1394 1098 1461 debuit
1118 1395 1162 1461 de'
1178 1418 1243 1461 uno
1263 1404 1455 1463 tenemento

345 1511 380 1570 et
394 1502 520 1569 racione
535 1502 633 1567 unius
647 1501 711 1566 uiri
725 1499 853 1566 duabus
868 1500 1022 1566 uxoribus
1035 1501 1235 1588 respondere.
1273 1501 1455 1568 Dixerunt⁴

345 1606 447 1672 eciam
463 1604 548 1693 quod
566 1629 640 1672 cum
661 1603 792 1692 quidam
814 1604 921 1669 Adam
941 1605 1028 1670 filius
1047 1605 1150 1692 ipsius
1172 1607 1243 1673 Eue
1263 1607 1456 1674 aramiasset

344 1710 475 1775 emisam
500 1708 613 1774 mortis
636 1708 846 1775 antecessoris
871 1708 912 1774 de
938 1718 1042 1775 morte
1067 1710 1205 1795 predicti
1230 1710 1387 1778 Thoraldi
1412 1712 1455 1777 dc

345 1820 416 1879 tota
430 1811 531 1877 terra⁵
546 1811 690 1897 predicte
711 1810 863 1877 mulieres
882 1819 1002 1898 petunt
1022 1811 1154 1879 terciam
1174 1822 1301 1900 partem
1320 1815 1357 1880 in
1375 1814 1455 1881 dote

221 1992 224 2000 ,
345 1918 532 1983 obiecerunt
556 1917 661 1983 eidem
687 1915 759 1982 Ade
785 1916 872 2003 quod
895 1915 996 1982 nichil
1020 1917 1099 1983 iuris
1121 1919 1259 1984 clamare
1282 1920 1394 2005 potuit
1420 1920 1456 1985 in

182 2029 333 2118 §pamm
345 2032 432 2089 terra
445 2021 503 2087 illa
517 2043 555 2087 eo
570 2020 656 2108 quod
676 2020 848 2087 bastardus
867 2021 932 2087 fuit
952 2030 987 2087 et
1007 2021 1094 2108 quod
1112 2023 1278 2108 predictus
1296 2025 1457 2091 Toraldus

182 2124 314 2213 mm*
345 2126 454 2192 tenuit
473 2126 577 2212 ipsam
599 2126 703 2191 Euam
724 2133 763 2189 ut
782 2125 974 2203 adulteram,
995 2134 1030 2191 et
1049 2127 1108 2192 hoc
1130 2128 1213 2193 bene
1235 2128 1354 2214 patuit,
1374 2129 1457 2215 quia

182 2218 333 2305 llg‘lfffll'
345 2255 459 2299 reuera
483 2232 554 2320 ipsa
580 2231 705 2297 Leticia
728 2230 903 2317 aliquando
928 2230 1063 2317 petebat
1085 2232 1193 2319 ipsum
1219 2232 1395 2299 Toraldum
1420 2234 1456 2299 in

345 2338 453 2403 uirum
474 2346 509 2402 et
528 2336 564 2401 in
586 2344 717 2402 tantum
738 2336 894 2423 processit
913 2336 1042 2422 loquela
1062 2336 1098 2403 in
1118 2336 1209 2403 curia
1228 2336 1458 2403 cristianitatis

345 2440 432 2525 quod
446 2439 612 2505 sentencia
627 2439 694 2503 lata
708 2438 773 2504 fuit
786 2461 845 2525 pro
860 2462 907 2517 ea,
918 2447 953 2504 et
968 2462 1006 2505 eo
1020 2438 1074 2505 die
1089 2462 1154 2527 quo
1168 2439 1374 2507 adiudicatus
1388 2442 1457 2508 fuit

345 2546 377 2611 ei
398 2544 480 2611 obiit
501 2545 566 2624 ille,
582 2553 632 2610 set
652 2544 804 2610 saisinam
825 2545 941 2610 hebuit
961 2544 1002 2611 de
1024 2568 1154 2632 corpore
1174 2547 1278 2634 ipsius
1299 2546 1457 2614 'I'horaldi

271 2677 276 2684 ·
345 2657 519 2736 antequam
535 2647 693 2714 traditum
709 2656 795 2714 esset
809 2647 1000 2734 sepulture'.
1045 2649 1089 2714 Et
1109 2650 1186 2737 quia
1199 2650 1338 2736 predicti
1351 2652 1457 2720 Alina

345 2759 379 2816 et
402 2751 537 2838 Egidius
559 2750 745 2817 habuerunt
767 2750 854 2815 diem
880 2773 986 2816 coram
1012 2751 1106 2818 Dom.
1130 2753 1219 2840 Rege
1246 2761 1285 2818 ut
1309 2753 1358 2820 ibi
1387 2755 1456 2822 dis·

344 2861 512 2920 cuteretur
540 2876 602 2940 que
632 2853 775 2939 ipsarum
805 2853 938 2940 preferri
966 2853 1081 2920 debuit
1109 2855 1144 2920 in
1173 2856 1334 2943 peticione
1366 2858 1457 2926 dotis

344 2967 404 3025 etc

410 3063 454 3127 Et
477 3085 588 3128 omnes
609 3062 750 3127 ueniunt
774 3070 809 3127 et
831 3063 995 3150 quesitum
1018 3071 1069 3128 est
1090 3086 1111 3129 a
1132 3064 1278 3150 predicta
1298 3066 1374 3133 Eua
1396 3069 1457 3135 ubi

345 3167 409 3232 luit
423 3165 625 3253 desponsata,
639 3165 721 3232 dicit
735 3165 822 3252 quod
837 3166 879 3231 ad
893 3167 1061 3262 ecclesiam
1075 3166 1116 3234 de
1131 3168 1257 3235 Thema
1273 3171 1309 3236 in
1329 3172 1455 3259 episco-

346 3280 427 3359 patu
458 3271 676 3337 Lincolniensi
702 3273 736 3336 iu
760 3270 881 3336 maiore
894 3259 1042 3336 'ecclesia
1067 3271 1119 3338 die
1144 3273 1280 3339 Veneris
1305 3278 1457 3361 proxima

345 3382 423 3441 ante
467 3373 752 3441 Circumcisionem
796 3372 931 3438 Domini
974 3395 1059 3439 anno
1102 3374 1203 3462 Regis
1238 3377 1338 3463 xviij⁰.
1376 3403 1455 3448 cum

345 3479 572 3566 solempnitate
600 3487 634 3544 et
660 3479 747 3544 facta
771 3476 1045 3544 denunciacione⁰.
1103 3480 1148 3544 Et
1172 3481 1298 3548 laeticia
1322 3487 1457 3571 quesita

345 3585 403 3651 ubi
425 3591 510 3650 esset
532 3582 726 3670 desponsata
748 3582 938 3670 dicitquod
959 3583 1049 3671 apud
1071 3584 1221 3671 (imper-ie
1244 3587 1285 3653 ad
1307 3589 1455 3660 Natiuit

345 3688 383 3755 B.
408 3686 567 3754 Johannis
592 3687 687 3774 Bapt.
713 3687 779 3752 iam
805 3686 864 3774 iiij.
889 3687 983 3752 annis
1008 3687 1132 3775 elapsis
1187 3690 1230 3755 Et
1255 3691 1396 3781 Egidius
1419 3705 1457 3764 et

344 3791 444 3858 Alina
457 3790 571 3858 dicunt
582 3790 668 3878 quod
679 3789 826 3877 predicta
836 3791 909 3856 Eua
919 3813 1086 3878 nunquam
1097 3792 1162 3858 luit
1172 3793 1277 3860 eidem
1290 3797 1456 3868 Thoraldo

377 3967 468 4018 ¹llris
490 3981 543 4019 was
565 3967 611 4019 the
629 3981 729 4020 ansusr
748 3969 776 4020 ol
799 3967 872 4020 Giles
922 3969 1006 4033 plaint
1017 3971 1046 4020 ot
1055 3971 1137 4036 Hugh
1147 3971 1203 4037 and
1211 3973 1306 4026 Ιιοτίω.

345 4032 398 4085 and
408 4033 486 4085 Alina
496 4037 525 4084 to
535 4031 581 4084 the
591 4033 668 4084 claim
680 4035 708 4085 ol
722 4033 804 4098 Hugh
819 4033 872 4085 and
954 4037 965 4068 ⁵
982 4036 1080 4100 Supply
1091 4040 1122 4088 de
1148 4054 1191 4089 uo.
1561 4100 1562 4103 Ἴ

345 4098 440 4150 letica.
954 4100 966 4133 θ
982 4101 1115 4166 Asnbjsot
1126 4056 1258 4156 based
1272 4109 1301 4157 at
1316 4105 1410 4172 length
1425 4109 1456 4160 in
1561 4106 1562 4155 ἓ

378 4163 572 4228 ’ΒηρρΙγςιιε.
923 4165 967 4215 Br.
979 4166 996 4217 f.
1012 4167 1068 4216 306.
1101 4167 1154 4218 For
1164 4185 1236 4220 more
1246 4171 1276 4221 ol
1290 4170 1456 4227 thismstter
1561 4188 1562 4239 ξ

378 4229 522 4280 lrrcrrnnoa'
540 4231 615 4292 suit;
641 4228 713 4280 (iilos
732 4244 785 4281 uas
804 4243 872 4280 sum·
925 4231 1132 4283 sesbelowcasa
1144 4235 1214 4285 1168.
1561 4256 1562 4293 1

346 4295 442 4344 monsd
456 4298 484 4345 at
501 4295 579 4345 Eva's
594 4294 648 4345 suit
662 4295 716 4346 and
733 4311 762 4348 so
778 4295 875 4359 praysd
960 4296 972 4330 ⁷
987 4296 1182 4349 Aremarksbls
1192 4299 1312 4352 instance
1323 4303 1354 4354 of
1362 4304 1454 4356 &situ
1561 4302 1562 4355 J

346 4359 480 4423 iudgment
491 4359 593 4423 against
604 4359 691 4424 Hugh.
957 4360 1377 4430 ⁸Thebannsolmarriagehad
1387 4371 1456 4422 hm
1561 4410 1562 4419 ,

379 4427 390 4458 ⁴
410 4425 556 4488 Seemingly
577 4425 631 4476 this
654 4425 676 4476 is
698 4429 757 4490 part
780 4426 809 4476 ot
829 4425 874 4476 the
924 4426 1068 4490 published.
