3167 5075
355 389 677 451 cormanacum
701 370 947 453 mar-sm
969 378 1020 443 11.
1177 381 1239 445 251

142 556 233 625 ιιΙΞιιοι
254 558 506 627 consuetudines
530 567 566 625 et
590 560 728 629 seruicia
750 582 849 647 quam
874 562 978 629 facere
1003 565 1242 635 consueuerant

141 664 338 749 temporibus
366 663 485 749 quibus
520 664 653 731 fuemut
681 664 716 729 in
745 665 896 733 manibus
924 668 1142 752 predictorum
1169 692 1242 756 pre·

139 764 337 833 decessorum
353 774 413 833 etc.

182 868 244 933 Et
259 868 413 935 Oliuarus
434 868 637 937 senescallus
655 878 691 937 et
709 870 889 939 Hordarius
909 871 1050 939 ueniunt
1071 881 1107 940 et
1127 827 1243 943 dicunt

138 969 219 1055 quod
245 971 340 1039 nulla
364 970 429 1039 alia
457 971 595 1039 seruicia
622 980 743 1058 petunt
771 996 871 1063 quam
898 974 1003 1041 facere
1032 975 1179 1043 solebant
1207 987 1243 1043 at

138 1072 255 1141 debent
270 1081 306 1143 et
323 1073 410 1159 quod
424 1082 509 1143 terre
524 1074 587 1143 ista
601 1097 769 1162 nunquam
785 1076 918 1145 dierunt
931 1076 967 1143 in
985 1077 1137 1145 manibus
1149 1089 1242 1145 aute·

137 1200 295 1247 censorum
317 1178 412 1247 Dom.
434 1179 542 1267 Regis,
564 1179 643 1265 quia
663 1202 721 1265 per
742 1202 784 1249 cc
806 1202 909 1249 annos
929 1188 1007 1249 anto
1029 1191 1242 1268 conquestum

136 1281 252 1367 Angue
273 1281 351 1349 date
370 1282 503 1351 fuerunt
522 1283 570 1351 cis
590 1282 693 1351 Priori
718 1291 753 1351 et
772 1284 951 1353 conuentui
970 1284 1003 1353 S„
1023 1286 1188 1353 Saithuni
1206 1296 1244 1355 at

136 1384 174 1449 ab
187 1384 261 1451 aliis
277 1406 376 1469 quam
394 1384 533 1472 regibus,
548 1385 671 1455 scilicet
690 1386 864 1457 comitibus
883 1395 918 1455 et
937 1388 1010 1455 aliia
1028 1397 1098 1467 etc,
1113 1398 1148 1457 at
1162 1398 1242 1461 tuuc

136 1487 235 1555 faeere
250 1488 437 1557 debuerunt
455 1498 491 1557 et
509 1497 748 1557 consueuerant
768 1489 923 1577 quioquid
945 1490 992 1559 eis
1013 1492 1241 1579 preciperetur.

136 1592 288 1661 Procemu
314 1614 392 1661 uem
417 1594 573 1679 temporis
598 1616 673 1661 cum
699 1593 861 1679 prioratus
886 1596 942 1663 ille
967 1596 1034 1661 fere
1057 1596 1241 1665 destructus

135 1705 216 1765 asset
237 1718 300 1781 per
320 1695 483 1781 quendam
503 1696 671 1765 Abbatem
692 1696 872 1765 Robertum
891 1698 985 1765 uenit
999 1699 1133 1785 quidam
1148 1701 1240 1786 Epis-

134 1822 230 1886 copus
256 1800 475 1869 Ricardus⁸e
478 1802 561 1869 tad
585 1800 755 1869 comodum
779 1800 897 1869 Prioris
914 1811 954 1867 et
974 1812 1155 1872 conuentus
1176 1805 1240 1871 din

134 1899 238 1983 posuit
253 1899 298 1965 de
313 1899 407 1965 terris
423 1906 457 1965 et
471 1900 623 1967 maneriis
638 1899 780 2015 ipsorum
798 1899 847 1967 ita
861 1901 948 1986 quod
961 1899 1149 1971 imbreuiari
1163 1904 1241 1970 fecit
1252 1911 1403 2000 mmo

134 2004 335 2087 quantitates
349 2012 508 2071 terrarum
524 2010 558 2069 et
573 2002 705 2071 nomina
719 2003 906 2071 tenencinm
922 2014 957 2071 at
977 2005 1115 2073 seruicia
1129 2029 1239 2075 eorum
1252 2006 1278 2090 (ξ
1267 2006 1387 2137 affl}

134 2114 198 2172 tam
220 2105 257 2173 in
284 2104 459 2192 uillenagio
482 2127 581 2191 quam
604 2105 639 2173 in
665 2104 765 2173 libero
788 2104 889 2181 feodo,
912 2113 947 2171 et
968 2106 1018 2175 ita
1040 2107 1127 2193 quod
1150 2099 1402 2185 ιιιιΠιι1.·Ἰῃηξῖ1ῗωΙ

134 2210 269 2279 seruicia
294 2208 394 2295 peciit
418 2208 483 2277 alia
508 2230 606 2295 quam
630 2216 708 2275 tunc
734 2209 881 2277 secarunt
902 2217 937 2278 et
958 2233 1057 2296 quam
1078 2219 1158 2279 tunc
1179 2211 1239 2280 im·
1251 2192 1387 2325 ffim

133 2314 258 2383 brauiat
244 2323 282 2383 ta
295 2314 435 2381 fuerunt.
481 2313 692 2385 Postmodum
708 2336 786 2381 uero
800 2336 876 2381 cum
896 2322 981 2381 terta
1001 2314 1056 2381 ille
1077 2325 1185 2385 assem
1204 2316 1240 2383 in
1251 2342 1395 2427 mpvaom

134 2441 229 2485 manu
252 2419 469 2489 firmariorum
490 2420 720 2505 aliquandoet
742 2420 947 2505 aliquando
937 2443 973 2487 ιιι
994 2443 1093 2488 manu
1115 2422 1239 2508 pradic-
1214 2390 1380 2559 -ἓῑᾶῖὶἒιῗ-

135 2534 239 2590 torum
262 2522 459 2592 uilltnorum
481 2546 539 2609 por
559 2524 600 2590 xl.
621 2547 723 2592 annos
744 2523 808 2610 ipsi
827 2524 961 2593 firmarii
980 2524 1174 2594 remiserunt
1193 2526 1239 2594 cis
1251 2565 1403 2654 ΨΜ,

134 2630 275 2715 quedam
289 2628 427 2696 seruicia
441 2636 477 2694 ct
491 2629 647 2715 quasdam
662 2629 912 2698 consuetudines
925 2653 983 2716 pro
1002 2631 1150 2702 denariis
1195 2613 1318 2702 ΕιῊιω

133 2752 204 2795 cum
242 2739 330 2799 terre
367 2738 476 2800 essent
511 2730 547 2796 in
576 2753 675 2798 manu
704 2731 924 2817 predictorum
952 2732 1187 2802 uillauorum
1176 2735 1241 2820 ipsi

133 2834 298 2902 redditum
312 2833 525 2903 detinuerunt
540 2842 575 2900 et
589 2834 822 2904 subtraxerunt
837 2857 938 2922 usque
958 2837 1001 2902 ad
1021 2861 1183 2908 summam
1197 2839 1240 2907 ln

133 2940 183 3004 soi
199 2948 235 3010 at
255 2937 398 3024 amplius
417 2945 452 3004 et
472 2937 574 3006 eciam
594 2938 629 3008 in
651 2961 770 3025 magna
789 2939 975 3026 quantitate
989 2941 1086 3020 bladi,
1100 2950 1135 3010 et
1149 2965 1241 3030 mag-

132 3065 205 3106 nam
220 3041 445 3128 quantitatem
460 3040 589 3108 illarum
604 3049 764 3108 tanarum
783 3042 1014 3110 subtraxerunt
1035 3053 1147 3114 contra
1166 3067 1240 3132 pre·

133 3145 230 3213 fatam
269 3143 536 3212 inrotulacionem
573 3144 693 3212 factam
729 3167 787 3231 per
823 3146 1007 3232 predictum
1043 3148 1240 3237 Episcopum

132 3249 316 3318 Ricardum.
362 3249 406 3312 Et
420 3249 498 3334 quia
511 3248 650 3335 predicti
660 3249 807 3316 homines
818 3258 1015 3337 cognoscunt
1027 3250 1112 3336 quod
1124 3251 1241 3320 uillaui

132 3363 205 3420 sunt
219 3353 401 3422 secundum
416 3353 503 3439 quod
521 3353 703 3440 predictum
724 3361 782 3432 est,
797 3363 832 3423 et
852 3355 930 3440 quia
947 3355 1011 3441 ipsi
1029 3356 1094 3424 ista
1111 3365 1239 3425 contra·

132 3457 234 3524 dicere
265 3480 330 3524 non
360 3465 503 3543 possunt,
525 3457 650 3526 dictum
676 3467 726 3524 est
751 3458 798 3526 eis
826 3461 914 3544 quod
939 3460 1060 3528 faciant
1085 3460 1238 3546 predictis

133 3560 232 3625 Priori
258 3568 293 3628 et
320 3559 506 3628 Conuentui
534 3561 671 3630 seruicia
700 3569 734 3628 et
763 3563 1012 3631 consuetudines
1040 3586 1105 3650 qua
1133 3565 1237 3632 facero

133 3671 377 3732 consueuerant
422 3663 466 3732 Et
480 3664 574 3731 Dom.
591 3665 662 3732 Rex
678 3687 742 3732 non
757 3665 833 3730 uult
851 3688 887 3732 se
902 3665 942 3732 de
957 3667 1004 3732 cis
1018 3666 1236 3734 intromittere

133 3791 170 3836 ex
198 3791 265 3856 quo
292 3791 463 3856 nunquam
487 3769 619 3838 fuerunt
644 3770 680 3836 in
705 3792 805 3838 mauu
830 3793 890 3838 sua
914 3793 973 3838 nec
998 3779 1238 3840 autecessorum

133 3895 262 3940 suorum
276 3881 338 3942 etc.

49 3981 98 4050 118,
193 3975 307 4046 Affiiaa
328 3975 423 4044 uenit
445 3977 649 4064 recognitum
676 3977 749 4064 quis
774 3978 951 4046 aduocatue
977 3987 1122 4067 tempore
1147 3981 1236 4068 pacis
1293 3998 1328 4038 No
1327 3998 1352 4038 rt

163 4145 407 4272 witt-
414 4149 565 4263 “tt‘ttf
582 4212 653 4264 nm
706 4147 1234 4275 diffiniam‘din'⁸⁸dd⁰iitiddd⁸

134 4275 215 4328 There
223 4291 289 4328 ware
298 4283 348 4328 two
360 4250 447 4328 Priora
455 4275 550 4331 named
560 4277 656 4330 Robert
707 4277 838 4336 lusions'
831 4293 860 4328 m
878 4277 922 4328 the
939 4278 1118 4332 Introduction
1136 4284 1164 4331 to
1179 4279 1234 4332 this

134 4341 247 4392 between
260 4343 322 4392 1130
332 4342 386 4393 and
399 4343 470 4394 1171.
708 4343 784 4396 book.

164 4407 406 4458 Τ1ιιοι11ιιοιοιιιο
417 4411 444 4458 to
456 4423 472 4460 a
483 4423 540 4478 case
552 4406 656 4459 deoidad
