3167 5075
312 376 358 441 80
625 386 768 448 rumai,
790 386 855 437 sn.
880 373 974 449 1225,
995 387 1058 437 aa
1081 376 1111 439 9.

312 559 455 627 Pecham
476 568 512 627 et
533 559 613 626 Mar’
634 558 728 625 uxori
749 559 820 625 eius
842 559 961 647 quibus
983 560 1120 627 eandem
1135 568 1255 627 terram
1269 559 1417 627 warenti-

311 668 480 727 uenerunt.

181 766 275 830 1049.
357 762 360 773 '
380 763 578 831 ²Alexander
591 763 632 830 de
647 764 809 830 Pointona
821 765 1097 831 attachiatusfuit
1107 765 1149 830 ad
1159 763 1416 851 respondendum

198 866 255 908 ΗΝ·
314 870 436 935 Thome
457 868 525 933 filio
547 868 688 935 Simonis
709 868 900 934 senescallo¹
921 870 1081 935 «lobannis
1103 868 1283 935 Marescalli
1297 868 1355 955 qui
1368 876 1418 933 est

313 974 349 1039 in
363 972 499 1038 seruicio
513 971 606 1037 Dom
622 972 722 1059 Regia
736 972 771 1036 in
786 972 947 1038 Hibernia
961 995 1061 1059 quare
1080 972 1168 1059 cepit
1187 972 1299 1039 ancxia
1317 972 1418 1059 ipsius

312 1074 472 1142 iohannis
487 1082 522 1140 et
537 1096 577 1140 ea
589 1073 710 1140 iniuste
726 1082 760 1139 et
774 1082 888 1140 contra
902 1073 1037 1140 uadium
1050 1082 1085 1141 et
1100 1074 1245 1163 plegium
1266 1076 1420 1153 detinuit,

313 1180 401 1245 unde
422 1180 510 1246 idem
532 1179 672 1245 Thomas
694 1178 842 1266 queritur
863 1178 951 1264 quod
969 1178 1057 1244 idem
1071 1178 1257 1245 Alexander
1269 1180 1363 1245 uenit
1376 1178 1419 1245 ed

313 1292 433 1350 terram
448 1284 571 1350 domini
585 1282 637 1349 sui
650 1283 693 1348 de
707 1283 866 1369 Grenwey
880 1291 914 1348 et
928 1283 1017 1368 oepit
1030 1282 1112 1349 duos
1126 1304 1225 1369 equos
1241 1284 1283 1348 de
1302 1282 1419 1348 hereiis

311 1389 437 1455 domini
458 1389 510 1455 sui
530 1390 565 1454 in
588 1388 681 1453 feodo
702 1388 788 1474 quod
811 1386 920 1452 tenuit
941 1387 982 1452 de
1005 1386 1099 1453 Dona
1122 1388 1212 1474 Rege
1232 1396 1267 1453 et
1281 1386 1420 1453 abduxit

313 1514 416 1579 usque
446 1492 656 1578 Poyntonam,
686 1498 721 1555 et
749 1512 825 1555 oum
853 1489 940 1555 idem
970 1489 1110 1555 Thomas
1138 1491 1199 1556 hoc
1227 1490 1356 1556 audiret
1383 1491 1420 1555 in

312 1595 453 1661 crastino
474 1592 650 1680 assumptis
671 1616 780 1659 secum
800 1593 948 1679 pluribus
967 1593 1152 1659 hominibus
1171 1593 1239 1659 suis
1257 1593 1322 1659 iter
1339 1592 1419 1658 arri·

315 1699 390 1785 puit
409 1720 521 1765 uersus
535 1699 738 1785 Poyntonam
758 1706 797 1762 nt
816 1698 913 1763 sciret
933 1721 998 1785 qua
1017 1698 1146 1764 racione
1167 1698 1280 1763 aneria
1296 1698 1420 1765 domini

315 1802 367 1868 sui
395 1807 533 1888 ceperat,
555 1808 590 1865 et
619 1799 705 1865 sicut
732 1799 798 1865 iuit
826 1822 940 1865 uersus
963 1799 1166 1886 Poyntonam
1187 1800 1337 1866 obuiauit
1357 1802 1422 1888 ipsi

314 1904 499 1973 Alexandro
520 1928 595 1969 cum
617 1905 831 1971 multitudine
852 1913 1050 1971 armatorum
1072 1913 1107 1969 et
1136 1904 1206 1991 ipae
1234 1906 1423 1971 Alexander

314 2010 408 2077 uenit
422 2031 495 2075 oum
511 2008 558 2074 eis
572 2017 607 2074 et
622 2008 709 2095 cepit
725 2009 761 2074 in
781 2009 895 2075 eadem
914 2009 995 2075 uilla
1013 2009 1138 2074 domini
1156 2010 1209 2075 sui
1229 2018 1302 2075 octo
1320 2010 1422 2075 boues

314 2120 351 2179 et
372 2112 443 2178 illos
465 2111 573 2177 tenuit
594 2120 707 2179 contra
728 2112 864 2177 uadium
885 2121 920 2176 et
941 2111 1088 2198 plegium
1109 2121 1145 2178 et
1164 2112 1303 2179 abduxit
1317 2135 1421 2200 nsque

313 2216 517 2304 Poyntonam
546 2224 582 2280 et
610 2215 683 2280 illos
711 2216 759 2282 ibi
787 2215 897 2282 tenuit
926 2238 1094 2302 quousque
1115 2238 1174 2302 per
1195 2216 1421 2283 uicecomitem

316 2320 487 2387 deliberati
506 2321 648 2398 fuerunt,
668 2328 703 2385 et
724 2321 824 2386 tercio
841 2343 906 2385 non
927 2320 1037 2386 tenuit
1056 2342 1091 2385 se
1107 2327 1306 2399 contentum,
1320 2321 1422 2386 immo

315 2423 437 2491 iterum
465 2424 560 2488 uenit
587 2423 667 2489 illuc
695 2430 730 2487 et
759 2422 847 2509 cepit
876 2432 1017 2511 quatuor
1041 2446 1141 2510 equos
1162 2432 1198 2489 et
1218 2425 1365 2502 abduxit,
1387 2433 1424 2490 et

315 2633 352 2700 in
374 2655 469 2720 parco
491 2654 548 2696 suo
571 2639 606 2698 et
627 2631 787 2717 septimus
807 2631 865 2696 bos
886 2654 961 2696 cum
983 2655 1042 2718 per
1064 2632 1288 2698 uioeoomitem
1309 2641 1345 2698 et
1363 2655 1425 2720 per

317 2743 507 2824 preceptum
533 2735 626 2800 Dom.
653 2734 753 2822 Regis
779 2735 811 2799 ei
835 2735 1009 2801 deberent³
1030 2736 1202 2802 deliberari
1222 2735 1259 2802 in
1279 2736 1423 2823 fugando

316 2840 434 2908 oecidit
448 2847 595 2904 mortuus
609 2837 645 2902 in
660 2837 749 2903 curia
762 2837 865 2924 ipsius
879 2838 1058 2904 Alexandri
1071 2847 1106 2902 et
1124 2847 1277 2904 octauum
1296 2839 1424 2916 habuit,

317 2954 352 3012 et
366 2943 453 3032 quod
467 2944 528 3008 hoc
542 2942 618 3008 fecit
633 2941 754 3007 iniuste
769 2950 805 3007 et
818 2965 916 3028 super
930 2951 1049 3008 terram
1065 2965 1164 3029 quam
1178 2941 1328 3008 dominus
1343 2967 1423 3010 suus

317 3058 409 3116 tenet
428 3049 469 3115 de
487 3049 580 3114 Dom.
595 3047 686 3134 Rege
702 3047 798 3112 offert
811 3048 946 3134 probare
960 3048 1045 3113 siout
1059 3048 1149 3116 curia
1163 3049 1423 3114 considerauerit

383 3153 427 3218 Et
440 3151 625 3217 Alexander
639 3150 732 3216 uenit
747 3159 782 3216 et
796 3151 943 3217 defendit
957 3151 1027 3216 uim
1038 3160 1073 3217 et
1082 3151 1235 3218 iniuriam
1247 3161 1282 3218 et
1292 3176 1422 3220 ornnem

316 3258 473 3326 iniustam
493 3256 676 3343 capcionem
697 3265 731 3324 et
753 3256 987 3334 donacionem,
1005 3265 1056 3322 set
1075 3279 1191 3324 uerum
1212 3259 1286 3323 uult
1306 3259 1423 3326 dicere.

317 3363 411 3429 Idem
432 3361 599 3428 Johannes
621 3368 712 3426 tenet
733 3361 898 3447 quandam
920 3371 1039 3427 terram
1061 3361 1102 3427 de
1124 3385 1163 3427 eo
1189 3363 1224 3428 in
1252 3363 1366 3452 Useby
1387 3373 1423 3431 et

317 3465 461 3532 detinuit
475 3464 507 3530 ei
521 3463 694 3530 seruicium
706 3465 898 3530 forinsecum
909 3465 950 3531 de
961 3465 1105 3532 exercitu
1116 3465 1267 3552 deMunt
1278 3469 1423 3556 Gnmery

318 3571 408 3638 etde
423 3572 527 3658 Byam
542 3579 577 3635 et
590 3569 684 3635 alibi⁴
699 3577 733 3634 et
748 3591 823 3634 oum
838 3577 965 3654 peteret
984 3570 1157 3636 seruioium
1176 3593 1272 3636 suum
1292 3573 1422 3658 quando

317 3677 387 3764 ipse
409 3697 466 3763 per
487 3683 676 3762 preceptum
698 3675 792 3740 Dom.
815 3674 916 3760 Regis
936 3674 1102 3740 districtus
1116 3676 1180 3740 fuit
1194 3699 1252 3762 pro
1266 3677 1423 3742 forinseco

318 3803 383 3847 non
398 3778 506 3866 potuit
521 3777 694 3844 seruicium
710 3777 837 3854 habere,
852 3777 902 3842 ita
916 3777 1003 3864 quod
1016 3778 1085 3864 ipse
1104 3778 1272 3844 distrinxit
1291 3778 1422 3844 feodum

318 3907 415 3950 suum
430 3883 470 3949 de
485 3883 598 3969 Useby
612 3903 670 3968 per
684 3881 764 3948 duos
779 3904 879 3969 equos
893 3882 998 3968 primo
1012 3893 1047 3948 et
1062 3884 1140 3971 quia
1148 3907 1244 3950 nemo
1255 3884 1355 3970 peciit
1365 3885 1425 3950 illa

316 3985 430 4052 aueria
443 4007 501 4072 per
515 3985 679 4070 pleuinem
694 4006 754 4050 nec
768 3984 942 4050 seruicinm
957 4008 1053 4050 suum
1067 3986 1186 4052 habere
1206 3986 1316 4073 potuit
1334 3987 1425 4073 cepit

319 4089 389 4176 ipse
409 4086 475 4174 viij.
495 4088 595 4154 boues
615 4095 650 4152 ct
664 4087 736 4152 illos
751 4087 860 4154 tenuit
874 4110 933 4174 pro
947 4088 1082 4154 seruicio
1096 4111 1155 4154 suo
1169 4111 1336 4176 quousque
1350 4091 1427 4157 illos

353 4233 364 4267 ¹
379 4233 411 4283 B.
423 4247 459 4284 m.
471 4231 519 4284 td.
928 4231 940 4265 ⁸
956 4232 1027 4282 corr.
1038 4233 1144 4290 deteret.
1154 4231 1188 4282 B.

336 4299 446 4350 ,¹Nots
467 4297 522 4349 this
538 4295 627 4348 action
643 4295 755 4360 brought
776 4295 846 4361 bys
929 4296 1012 4346 ⁴The
1039 4296 1134 4347 servios
1160 4296 1279 4360 muired
1310 4297 1351 4348 tor
1378 4299 1428 4350 the

321 4362 431 4416 steward
441 4363 481 4415 lor
493 4363 537 4414 the
544 4363 634 4426 taking
643 4363 672 4413 ol
678 4361 720 4426 liis
728 4364 846 4415 msstcr's
896 4361 986 4412 Wclsh
1004 4377 1065 4420 war,
1082 4361 1123 4413 for
1139 4360 1184 4412 tha
1200 4362 1269 4424 siege
1284 4363 1314 4414 ol
1328 4363 1429 4415 Biham

321 4431 415 4482 beuta.
896 4427 951 4478 and
961 4428 1002 4477 lor
1012 4427 1087 4479 other
1097 4427 1269 4492 expeditione.
