3167 5075
275 400 316 465 62
582 410 733 472 rmum,
755 410 821 460 nn.
846 396 940 470 1224,
963 408 1025 459 aa.
1049 398 1078 459 8.

273 590 453 649 tenuerunt
473 582 515 648 de
537 582 672 647 eeclesia
694 591 728 646 et
751 602 919 667 nunquam
933 580 1133 647 audiuerunt
1147 583 1235 668 quod
1249 583 1386 649 eeclesia

272 688 363 754 illam
378 695 498 753 terram
513 693 642 751 teneret
655 684 691 750 in
705 685 875 762 dominico,
889 706 949 749 uec
963 684 1004 749 de
1019 685 1167 772 ingressu
1178 709 1237 773 per
1248 687 1385 752 Petrum

272 812 440 877 personam
463 790 587 877 aliquid
609 789 723 855 sciunt.
769 789 821 854 De
842 787 903 853 hoe
928 788 1016 873 quod
1044 789 1140 855 firma
1167 801 1386 879 augmentata

272 896 336 960 fuit
350 894 464 961 dieunt
479 893 566 980 quod
580 914 694 959 reuera
707 900 813 958 mater
826 891 972 957 eiusdem
987 892 1137 959 Gaufridi
1150 894 1296 961 reddidit
1314 896 1385 982 viij.

271 1000 325 1065 sol
355 1009 395 1066 ut
422 1000 630 1076 audiuerunt,
660 1007 695 1064 et
724 1006 838 1085 postea
865 1019 923 1084 pro
952 997 1093 1084 quodam
1115 1000 1267 1066 conuiuio
1296 999 1385 1087 quod

271 1128 407 1192 persona
421 1106 582 1194 exigebat,
596 1103 739 1171 secreuit
754 1103 882 1168 firmam
896 1102 937 1169 de
952 1102 1081 1169 duobus
1100 1105 1156 1171 sol.
1199 1106 1246 1171 Et
1266 1105 1385 1171 dieunt

272 1211 358 1297 quod
372 1210 460 1277 idem
476 1210 651 1277 Gaudidua
665 1217 715 1274 est
730 1208 863 1273 natiuus
884 1207 1023 1274 Comitis
1041 1208 1206 1274 Warenne
1227 1216 1262 1273 et
1282 1207 1324 1273 de
1344 1230 1384 1272 eo

271 1322 364 1379 tenet
378 1314 414 1379 in
429 1314 592 1402 uilenagio
607 1312 697 1379 aliud
717 1320 951 1378 tenementum.
996 1313 1114 1377 Postea
1135 1312 1230 1378 uenit
1252 1313 1383 1378 (laufri-

271 1416 333 1482 dus
347 1424 382 1481 et
397 1417 551 1503 cognouit
565 1416 651 1503 quod
666 1425 716 1481 est
731 1416 873 1480 uillanus
889 1414 1026 1481 Comitis
1039 1414 1228 1481 Warenne¹.

336 1522 454 1587 Postea
475 1521 657 1586 concordati
687 1529 765 1586 sunt
793 1520 843 1585 ita
871 1519 958 1605 quod
988 1520 1164 1585 (laufridus
1191 1521 1383 1607 recognouit

271 1632 376 1690 totam
391 1632 511 1689 terram
525 1624 615 1689 illam
631 1646 699 1690 esse
714 1625 851 1690 liberam
865 1623 1072 1689 elemosinam
1088 1623 1236 1689 eiusdem
1247 1624 1382 1691 eeclesia

270 1739 306 1797 et
326 1730 418 1794 illam
439 1727 583 1793 reddidit
604 1727 710 1794 eidem
732 1728 877 1794 Johanni
899 1728 933 1792 iu
956 1727 1070 1793 eedem
1091 1729 1181 1793 ouria
1202 1737 1239 1793 et
1251 1751 1311 1816 pro
1325 1730 1383 1794 illo

270 1833 416 1901 reeordo¹
429 1832 517 1898 idem
531 1833 555 1898 J
556 1833 698 1898 ohannes
713 1832 869 1898 eonoeasit
883 1831 915 1896 ei
929 1839 1034 1897 totam
1049 1839 1169 1897 terram
1189 1834 1381 1899 laetabilem

270 1938 447 2005 tenendam
469 1945 541 2003 tota
561 1938 634 2003 uita
655 1937 802 2003 eiusdem
824 1936 973 2002 (leufridi
994 1936 1159 2003 reddendo
1180 1960 1240 2024 per
1260 1961 1335 2005 ann
1351 1961 1383 2005 x.

271 2044 326 2110 sol.
340 2045 431 2109 saluo
446 2042 552 2109 eidem
567 2042 710 2119 Johanni
724 2051 818 2129 prato
832 2049 892 2107 eto.
915 2050 950 2107 et
972 2048 1120 2127 preterea
1139 2041 1229 2107 idem
1251 2042 1382 2108 Gaufri-

271 2147 332 2212 dus
343 2146 434 2212 dedit
449 2146 537 2211 dicto
551 2146 694 2211 Johanni
709 2145 789 2210 duas
805 2166 927 2209 marnas
941 2166 998 2230 pre
1014 2144 1164 2209 manibus
1178 2153 1238 2210 eta
1257 2144 1264 2233 Ι

336 2249 521 2315 Willelmus
550 2250 642 2315 Picot
671 2257 705 2314 et
733 2248 869 2314 «Iuliana
897 2269 978 2313 uxor
1003 2249 1074 2313 eius
1095 2270 1155 2335 per
1176 2256 1382 2314 attomatum

189 2408 212 2439 a
273 2353 417 2419 eiusdem
439 2353 598 2419 Willelmi
618 2360 738 2440 petunt
760 2376 874 2418 uersus
896 2353 1091 2419 Matillidem
1113 2354 1215 2418 filiam
1230 2353 1383 2419 (leufridi

273 2456 407 2521 temiam
421 2464 547 2544 partem
559 2456 582 2542 j.
599 2457 681 2543 uirg.
696 2464 780 2521 terre
795 2456 832 2522 in
853 2456 1070 2544 Birstaudeby
1084 2464 1124 2521 ut
1145 2455 1257 2522 dotem
1278 2457 1383 2545 ipsius

271 2561 296 2626 J
297 2560 405 2626 uliane
420 2560 508 2626 unde
524 2559 685 2624 Henrious
700 2558 741 2624 de
757 2560 869 2624 Gaunt
884 2559 1046 2645 quondam
1062 2561 1115 2624 uir
1128 2583 1207 2626 suus
1221 2569 1282 2627 ete

338 2663 383 2726 Et
397 2661 534 2727 Matillis
548 2683 607 2746 per
621 2668 823 2726 attornatum
837 2683 933 2726 suum
948 2661 1041 2725 uenit
1056 2670 1091 2726 et
1105 2660 1187 2727 dicit
1209 2663 1297 2749 quod
1318 2665 1384 2750 ipsi

271 2787 337 2831 non
352 2765 474 2831 debent
489 2764 565 2830 inde
580 2765 690 2831 dotem
706 2765 824 2830 habere
839 2765 917 2851 quia
936 2765 1074 2830 Matillis
1092 2766 1170 2831 auia
1188 2783 1250 2831 sua
1271 2769 1384 2834 tenuit

272 2869 496 2936 terramillam
511 2877 550 2934 ut
565 2869 780 2934 hereditatem
796 2891 888 2933 suam
903 2877 938 2934 et
953 2868 1034 2933 obiit
1048 2868 1125 2934 inde
1139 2869 1252 2935 saisita
1265 2880 1300 2936 et
1311 2872 1385 2959 ipsa

272 2973 428 3039 defuncta
448 2973 604 3038 remansit
620 2972 796 3039 (laufridus
815 2972 903 3038 filius
922 2980 957 3038 et
976 2973 1069 3038 heres
1083 2995 1162 3040 suus
1175 2997 1251 3040 oum
1266 2977 1382 3042 eadem

272 3086 360 3143 terra
387 3077 423 3140 in
452 3075 599 3140 custodia
627 3075 765 3162 predicti
794 3076 930 3142 Henriei
962 3076 1086 3142 domini
1121 3079 1173 3144 sui
1209 3079 1259 3147 ita
1294 3081 1383 3167 quod

273 3180 435 3246 Henrious
449 3201 617 3266 nunquam
632 3179 748 3245 habuit
763 3180 826 3245 nisi
840 3179 1020 3246 custodiam
1035 3202 1110 3246 cum
1124 3182 1195 3268 ipso
1214 3183 1382 3266 Gaufiido,

272 3293 307 3350 et
321 3281 397 3349 inde
412 3284 506 3370 ponit
520 3305 554 3349 se
569 3306 667 3369 super
680 3284 828 3349 iuratam.

339 3389 383 3454 Et
404 3389 589 3454 Willelmus
611 3396 646 3454 at
667 3389 802 3454 Juliana
822 3388 938 3453 dieunt
958 3389 1045 3475 quod
1069 3390 1140 3476 ipsa
1168 3391 1291 3457 iniuste
1320 3391 1383 3458 hoo'

272 3490 353 3557 dicit
382 3491 460 3578 quia
488 3489 624 3554 Matillis
653 3487 800 3575 predicta
828 3489 904 3554 auia
931 3489 1034 3575 ipsius
1063 3490 1235 3557 Matillidis
1264 3493 1384 3560 habuit

273 3618 376 3660 unum
391 3595 523 3660 fratrem
538 3594 681 3658 Alanum
696 3592 827 3657 nomine
842 3591 895 3658 cui
909 3591 974 3657 due
990 3593 1118 3681 uirgato
1141 3602 1226 3660 terre
1248 3596 1383 3662 deseen-

273 3699 389 3764 derant
410 3698 450 3763 de
473 3697 603 3778 Quenil’
625 3705 728 3761 matre
751 3719 819 3773 sua,
841 3704 875 3761 et
897 3696 985 3761 idem
1007 3697 1133 3762 Alanus
1150 3697 1176 3783 j.
1198 3699 1278 3787 uirg.
1295 3707 1382 3766 terre

273 3801 365 3866 dedit
379 3801 414 3864 in
429 3800 637 3887 maritagium
652 3822 726 3864 cum
741 3799 903 3865 Matillide
918 3823 1023 3865 sorore
1038 3800 1108 3866 eius
1123 3801 1164 3866 de
1175 3824 1241 3887 qua
1251 3803 1385 3891 uirgata

274 3904 445 3990 Philippus
485 3902 526 3968 de
568 3904 680 3968 Gaunt
720 3903 840 3968 elamat
880 3903 1053 3969 seruitium
1093 3927 1207 3971 uersus
1244 3907 1383 3974 eandem

275 4008 470 4074 Matillidem
485 4016 520 4073 et
534 4007 632 4072 aliam
647 4007 811 4094 uirgatam
825 4015 911 4073 terre
925 4009 1063 4074 retinuit
1077 4010 1141 4075 sibi
1156 4011 1243 4077 idem
1255 4005 1384 4080 Alanus

274 4119 309 4177 et
338 4111 428 4175 illam
457 4108 549 4174 dedit
578 4109 721 4173 Henrieo
749 4109 896 4194 predicto
924 4110 995 4175 uiro
1024 4111 1127 4196 ipsius
1160 4113 1294 4179 Juliane
1323 4139 1384 4203 pro

308 4295 430 4347 1Villein
452 4297 537 4346 status
558 4293 611 4344 will
632 4299 680 4344 not
696 4300 803 4357 prevent
851 4295 871 4346 1.
885 4297 941 4347 192.

276 4361 395 4424 Geolfrey
417 4361 484 4412 trum
505 4359 652 4422 reeovsriug
674 4359 718 4409 the
739 4359 802 4409 land
884 4361 1232 4424 'Oomr’llareoopuicioua

276 4429 343 4478 trum
360 4440 410 4476 ona
427 4425 484 4475 who
500 4425 524 4475 is
541 4428 588 4474 not
603 4424 721 4474 hislord.
754 4425 797 4475 Br.
