3167 5075
338 403 659 466 mensunusum.
683 393 778 468 1225,
802 405 865 458 aa.
890 393 1004 457 9-10.
1160 393 1223 463 537

189 579 230 645 Et
251 578 434 645 Willelmus
461 580 583 665 profert
613 589 736 644 cartam
766 580 917 667 Episcopi
948 580 1129 647 Godefridi¹
1160 605 1224 668 que

132 691 259 747 testatur
272 683 358 769 quod
372 683 443 769 ipse
457 682 498 747 ad
513 682 768 769 resignacionem
783 683 932 748 Gaufridi
950 683 991 748 de
1007 685 1103 771 Sowy
1116 685 1225 751 clerici

130 787 272 852 concamit
297 795 332 852 et
356 785 449 851 dedit
473 786 638 851 Willelmo
661 787 702 850 de
729 786 825 874 Sowy
849 786 963 852 clerico
987 787 1154 853 ecclesiam
1183 789 1224 854 de

129 893 271 983 Hentona
285 915 359 957 cum
375 899 462 956 terra
475 892 516 956 de
532 892 616 956 Bera
630 899 690 956 etc.

185 997 226 1061 Et
248 997 425 1082 Episcopus
449 1017 509 1082 per
536 1003 739 1060 attomatum
767 1017 865 1059 suum
895 995 980 1081 petit
1009 995 1166 1060 iudicium
1195 995 1225 1062 ai

128 1099 234 1166 debeat
248 1102 289 1167 de
304 1099 460 1166 warentia
474 1099 676 1185 respondere,
690 1107 725 1163 et
739 1097 768 1162 si
782 1098 908 1175 debeat,
924 1098 1011 1163 dicet
1025 1099 1123 1165 aliud.

184 1205 225 1269 Et
235 1204 419 1270 Willelmus
432 1204 526 1268 uenit
540 1212 655 1290 postea
669 1211 704 1269 et
718 1203 812 1288 ponit
826 1225 861 1268 se
875 1204 911 1268 in
926 1227 1076 1291 magnam
1092 1205 1223 1270 assisam

125 1308 209 1374 Dona
218 1310 326 1398 Regis,
335 1317 371 1374 et
381 1309 468 1395 petit
477 1308 734 1396 recognicionem
744 1307 815 1372 fieri
830 1316 942 1372 utrum
956 1307 1027 1394 ipse
1042 1317 1076 1374 et
1092 1309 1226 1374 ecclesia

126 1435 178 1476 sua
189 1414 293 1479 maius
307 1414 359 1479 ius
373 1413 525 1490 habeant,
539 1435 583 1478 an
597 1412 763 1498 predictus
778 1411 965 1477 Gilibertus.

182 1517 224 1581 Et
247 1518 428 1583 Gilibertus
452 1517 539 1604 petit
562 1516 719 1582 iudicium
743 1517 772 1580 si
795 1516 895 1582 assisa
916 1515 1035 1582 debeat
1056 1514 1132 1580 inde
1153 1514 1225 1580 fieri

124 1644 212 1707 super
238 1624 301 1690 hoc
330 1623 416 1710 quod
446 1624 579 1689 uocauit
608 1630 789 1688 warantum
819 1632 853 1688 et
883 1629 1046 1686 warantus
1078 1643 1157 1686 suus
1193 1620 1225 1686 ei

124 1725 242 1791 defecit.

181 1829 223 1893 Et
237 1830 317 1916 quia
332 1829 510 1916 Episcopus
524 1828 617 1894 dedit
631 1829 662 1893 ei
683 1828 850 1894 ecclesiam
873 1828 963 1892 illam
986 1836 1026 1892 ut
1048 1827 1225 1914 Episcopus

123 1942 153 1996 et·
175 1933 354 1999 aduocatus
376 1943 412 1999 et
437 1957 502 1999 non
524 1933 671 1998 feoffauit
696 1955 782 2009 eum,
806 1930 1043 1996 consideratum
1067 1930 1225 2017 estquod

123 2033 297 2124 Episcopus
323 2061 389 2103 non
417 2046 551 2103 tenetur
577 2038 608 2102 ei
632 2037 848 2114 warentizare
872 2045 906 2101 et
935 2036 1013 2123 quia
1041 2035 1226 2101 Willelmus

120 2141 244 2206 uocauit
258 2150 440 2207 warantum
455 2149 490 2207 et
504 2164 569 2206 non
584 2141 685 2206 habet
705 2164 790 2217 eum,
806 2141 1043 2206 consideratum
1066 2149 1117 2206 est
1138 2141 1225 2227 quod

121 2242 294 2309 Gilibertus
307 2244 512 2330 recuperauit
526 2243 679 2309 saisinam
693 2267 797 2321 suam,
807 2252 842 2308 et
852 2243 1037 2309 Willelmus
1051 2243 1086 2308 in
1101 2243 1224 2308 miseri-

119 2347 219 2412 cordia
233 2357 296 2414 etc

51 2455 87 2520 90.
177 2453 334 2519 'Thomas
348 2453 435 2518 filius
450 2452 599 2518 Gaufridi
613 2452 813 2519 attachiatus
828 2452 891 2517 fuit
905 2452 947 2518 ad
965 2452 1223 2540 respondendum
1335 2505 1347 2528 ,.

119 2554 204 2621 Geue
219 2557 322 2621 uidue
337 2580 436 2643 quare
450 2578 516 2621 non
532 2564 623 2620 tenet
634 2556 666 2621 ei
676 2556 775 2621 finem
786 2557 909 2621 factum
922 2580 1026 2621 coram
1039 2558 1224 2623 iusticiariis

117 2660 198 2743 apud
217 2660 546 2726 Westmonaaterium
567 2660 655 2725 inter
674 2660 858 2745 predictum
882 2660 1075 2725 Gaufridum
1096 2669 1223 2747 patrem

117 2762 248 2845 predicti
263 2763 387 2829 'l'home
401 2763 494 2829 cuius
508 2764 602 2829 heres
616 2772 679 2830 etc.
695 2773 729 2830 et
746 2764 852 2849 ipsam
873 2765 1000 2831 Geuam
1022 2764 1062 2830 de
1085 2786 1140 2830 sex
1163 2766 1221 2831 sol.

116 2866 258 2933 redditus
282 2891 357 2933 cum
382 2868 522 2954 pertin
547 2869 724 2935 Oouentria
746 2868 833 2935 unde
855 2868 1082 2955 cirographum
1104 2878 1164 2935 etc
1187 2878 1222 2936 et

116 2971 196 3037 unde
210 2972 328 3037 eadem
344 2971 441 3039 Geua
454 2973 602 3060 queritur
616 2973 702 3060 quod
723 2982 836 3039 contra
857 2974 956 3039 finem
979 2974 1072 3039 illum
1094 2974 1222 3041 detinet

115 3073 143 3137 ci
156 3074 242 3140 idem
258 3075 401 3140 Thomas
414 3075 580 3141 redditum
594 3077 689 3141 illum
703 3084 774 3154 etc,
793 3078 798 3162 Ι
819 3083 853 3141 et
875 3076 969 3141 offert
992 3077 1139 3141 tantum⁸
1160 3086 1221 3145 etc.

115 3196 168 3259 per
181 3177 227 3243 sic
242 3177 331 3263 quod
345 3200 403 3263 pes
417 3178 599 3265 cirographi
614 3188 777 3265 queratur,
791 3178 870 3264 quia
884 3178 964 3243 dicit
984 3178 1070 3264 quod
1086 3180 1221 3245 Swanus

115 3280 164 3344 uir
186 3304 268 3347 suus
291 3282 433 3347 reddidit
456 3291 491 3346 et
514 3282 664 3348 uendidit
688 3282 794 3347 eidem
818 3283 941 3347 Thome
964 3304 1056 3347 suam
1079 3283 1222 3369 partem⁴

114 3383 293 3472 cirographi
306 3408 381 3449 cum
397 3408 435 3451 eo
449 3385 579 3450 redditu
595 3395 655 3451 etc

174 3490 218 3554 Et
240 3489 384 3554 Thomas
408 3490 501 3555 uenit
524 3498 558 3555 et
582 3489 729 3556 defendit
753 3491 854 3557 finem
876 3499 911 3556 et
932 3490 1158 3577 cirographum
1183 3500 1218 3556 et

114 3602 204 3658 uocat
228 3594 307 3659 inde
333 3595 375 3659 ad
400 3604 579 3660 warantum
605 3595 712 3661 Adam
734 3595 775 3661 de
799 3594 970 3661 Couintria
991 3602 1027 3661 et
1050 3595 1218 3661 Mabiliam

113 3717 242 3763 uxorem
258 3698 330 3763 eius
344 3706 404 3764 etc.

171 3800 218 3867 Et
234 3824 293 3889 pes
308 3802 454 3889 quesitus
468 3811 519 3868 est
533 3810 569 3869 et
582 3804 738 3870 inuentus
753 3813 788 3869 et
803 3812 945 3870 testatur
955 3804 1042 3890 quod
1053 3804 1217 3891 predictus

111 3906 284 3971 Gaufridus
293 3914 328 3971 et
337 3906 471 3972 heredes
478 3906 531 3972 sui
539 3915 674 3973 teneant
682 3930 784 3973 unum
796 3908 997 3995 mesuagium
1007 3932 1082 3974 cum
1091 3919 1172 3995 pert.
1181 3910 1216 3976 in

111 4008 279 4075 Couintria
293 4009 335 4075 de
349 4009 420 4095 ipsa
433 4010 527 4075 Geua
541 4018 613 4076 tota
626 4011 699 4076 uita
712 4012 815 4098 ipsius
829 4012 920 4077 Geue
931 4012 1095 4079 reddendo
1110 4015 1216 4081 eidem

112 4112 198 4179 Geue
210 4122 283 4179 tota
292 4114 364 4179 nita
373 4137 434 4179 sua
443 4115 564 4179 sexsol.
573 4116 703 4180 nomine
718 4116 810 4181 dotia
837 4116 881 4181 Et
890 4116 962 4181 ideo
977 4118 1215 4187 consideratum

140 4292 553 4357 ¹Goutreyhuoy‚1loa-1204.
719 4296 822 4346 ⁴Parts
840 4297 867 4346 oi
889 4296 933 4347 the
956 4296 1092 4349 indenture
1110 4292 1154 4349 are
1173 4300 1214 4349 de-

140 4357 150 4386 ²
165 4360 196 4406 A.
207 4372 245 4409 m.
258 4360 303 4415 ³23
320 4360 349 4409 B.
362 4374 397 4409 m.
410 4362 454 4419 25;
472 4361 501 4410 G.
513 4376 547 4412 m.
564 4362 594 4414 19
601 4360 626 4411 d.
686 4360 782 4411 livared
799 4365 827 4411 to
846 4362 890 4411 the
907 4363 1016 4425 partiam
1039 4364 1083 4414 the
1102 4366 1156 4416 foot
1176 4380 1214 4414 ro·

139 4422 150 4452 ²
165 4424 233 4473 Half
242 4424 324 4487 mark,
338 4424 367 4475 Δ.
686 4426 773 4477 nraina
784 4426 846 4477 with
858 4428 902 4477 the
914 4434 995 4477 court.
