3167 5075
339 416 381 479 98
652 388 878 485 ΕΔΒΤΕΒ,Ἀ.1).
902 408 996 487 1225,
1018 422 1081 473 aa.
1106 410 1133 473 9.

338 600 391 667 sui
413 620 580 686 nunquam
606 593 697 684 prius
720 604 993 683 presentauerunt
1016 596 1158 681 aliquem
1182 595 1346 673 clericum,
1374 595 1453 683 quia

340 704 473 792 quidam
496 702 632 768 Edricus
652 708 747 786 pater
768 698 908 785 predicti
929 699 1079 764 Durandi
1105 698 1258 765 fundauit
1283 699 1451 764 ecclesiam

340 809 431 873 illam
446 814 481 872 et
495 806 585 871 illam
601 803 692 870 dedit
709 803 850 869 Sictrido
864 802 931 867 filio
952 824 1011 867 suo
1032 810 1185 889 postnato
1205 802 1293 888 patri
1313 801 1454 889 predicti

341 910 473 978 Osberti
502 918 536 975 et
564 930 733 995 nunquam
762 907 847 972 alius
876 906 1010 971 clericus
1040 928 1139 992 quam
1169 907 1329 972 Osbertus
1362 905 1452 970 illam

339 1014 457 1080 tenuit.
503 1012 546 1077 Et
568 1012 726 1077 iuratores
748 1010 870 1096 quesiti
891 1010 921 1074 si
941 1009 1013 1096 ipsa
1035 1009 1132 1073 Sana
1156 1009 1211 1073 uel
1236 1019 1454 1075 antecessores

340 1120 392 1187 sui
412 1120 555 1206 aliquem
570 1116 722 1183 clericum
742 1122 1015 1201 presentauerunt
1033 1114 1098 1179 alio
1118 1113 1222 1193 modo,
1237 1113 1352 1179 dieunt
1367 1113 1453 1199 quod

341 1246 414 1301 non,
430 1244 496 1301 ¹nec
517 1219 601 1286 alius
623 1219 686 1284 nisi
708 1227 927 1284 antecessores
948 1218 1094 1295 Roberti,
1115 1240 1175 1283 nec
1198 1227 1345 1304 tempore
1365 1216 1454 1303 pacis

341 1347 401 1393 nec
415 1336 561 1412 tempore
575 1346 699 1412 guerre.
738 1324 781 1388 Et
793 1324 867 1388 ideo
879 1321 1118 1388 consideratum
1130 1322 1279 1407 estquod
1291 1320 1454 1386 Robertus

341 1429 547 1517 recuperauit
561 1426 713 1492 seisinam
727 1448 820 1490 suam
835 1433 870 1490 et
885 1425 1022 1490 Matillis
1036 1425 1071 1489 in
1086 1424 1323 1490 misericordie&

407 1533 592 1600 Willelmus
620 1531 772 1596 Decanus
801 1530 969 1595 Lincolnie
998 1530 1200 1596 attaehiatus
1229 1530 1294 1595 fuit
1325 1528 1367 1594 ad
1404 1550 1454 1594 re·

343 1635 567 1724 spondendum
587 1635 710 1700 Thomc
732 1634 773 1698 de
796 1634 943 1700 Cortona
961 1656 1061 1720 quare
1082 1642 1214 1699 secutus
1230 1643 1280 1699 est
1294 1634 1453 1721 placitum

343 1742 379 1808 in
393 1741 484 1807 curia
497 1739 721 1805 cristianitatis
736 1738 776 1803 de
792 1738 874 1803 laico
889 1738 981 1804 feodo
996 1740 1098 1826 ipsius
1113 1740 1237 1805 Thema
1251 1740 1286 1805 in
1303 1742 1453 1807 Kateles-

344 1852 423 1910 tona
437 1850 550 1909 contra
563 1842 818 1928 prohibicionem
840 1849 900 1906 etc.
924 1842 1011 1907 unde
1033 1842 1120 1908 idem
1142 1843 1284 1908 Thomas
1305 1844 1455 1930 queritur

343 1946 430 2034 quod
451 1945 509 2011 ubi
531 1944 642 2010 aueria
662 1944 765 2030 ipsius
779 1944 905 2009 Decani
918 1945 1058 2010 ueniunt
1072 1946 1108 2010 in
1119 1945 1201 2012 laico
1216 1946 1308 2012 feodo
1322 1968 1382 2012 suo
1397 1948 1454 2013 ubi

343 2050 467 2114 nullam
496 2069 701 2112 communem
730 2046 831 2111 habet
859 2070 920 2112 nec
949 2047 990 2112 de
1019 2047 1090 2112 iure
1120 2048 1233 2112 uenire
1262 2048 1385 2113 debent
1418 2057 1454 2113 et

343 2152 520 2219 secundum
543 2151 636 2239 regni
657 2150 925 2217 consuetudinem
948 2174 988 2217 ea
1014 2152 1092 2217 facit
1120 2152 1296 2239 inpetrare,
1325 2152 1368 2217 de
1397 2152 1455 2218 illa

342 2253 565 2342 inparcecione
594 2254 644 2319 ita
671 2253 707 2317 in
735 2253 818 2319 laico
847 2254 940 2319 feodo
969 2277 1028 2320 suo
1057 2256 1144 2320 facte
1173 2256 1276 2321 trahit
1305 2278 1383 2321 eum
1419 2257 1454 2320 in

342 2359 502 2447 placitum
532 2367 567 2423 et
597 2357 697 2423 traxit
726 2367 800 2445 post
829 2359 1084 2446 prohibicionem
1121 2368 1156 2425 et
1192 2359 1268 2425 inde
1304 2360 1456 2446 producit

343 2470 465 2529 sectam
481 2462 695 2528 sufficientem
711 2471 771 2529 etc.

409 2569 453 2634 Et
468 2568 620 2634 Deeanus
635 2591 694 2654 per
707 2577 910 2635 attornatum
925 2593 1022 2636 suum
1035 2571 1128 2636 uenit
1139 2579 1174 2635 et
1185 2569 1332 2636 defendit
1342 2580 1457 2638 contra

343 2695 419 2739 eum
442 2681 477 2738 et
498 2680 611 2738 contra
633 2680 754 2738 sectam
777 2697 870 2739 suam
892 2674 979 2760 quod
1001 2697 1169 2762 nunquam
1192 2675 1294 2739 traxit
1315 2697 1392 2740 eum
1418 2676 1454 2740 in

343 2777 501 2864 placitum
515 2775 556 2840 de
571 2775 680 2862 aliquo
695 2775 776 2840 laico
791 2776 884 2842 feodo
899 2798 959 2842 nec
974 2777 1015 2842 de
1030 2777 1251 2864 inpamacione
1266 2778 1453 2844 suariorum

342 2883 429 2948 lacta
450 2880 485 2945 in
507 2879 599 2944 feodo
621 2879 661 2943 de
677 2879 899 2958 Ketelestona‚
914 2888 964 2945 set
980 2903 1094 2945 uerum
1110 2881 1185 2946 uult
1199 2880 1313 2946 dicere.
1359 2882 1454 2947 Idem

342 2984 483 3049 Thomas
497 2981 679 3068 inparcauit
691 2983 802 3047 aueria
813 2983 923 3048 suade
936 2984 1111 3049 elemosina
1122 3007 1181 3049 sua
1191 2983 1226 3048 in
1235 2984 1456 3064 Querendona

342 3084 401 3150 ubi
415 3084 555 3149 Thomas
569 3083 670 3147 nichil
684 3083 784 3148 habet
804 3105 863 3148 nec
883 3106 1088 3149 communem
1109 3107 1169 3149 nec
1189 3084 1288 3162 aliud,
1308 3093 1344 3150 et
1367 3087 1454 3172 quod

342 3187 406 3253 alio
421 3186 515 3252 modo
530 3208 595 3251 non
611 3187 712 3252 traxit
727 3209 803 3251 eum
818 3187 854 3252 in
874 3187 1034 3274 placitum
1056 3187 1150 3252 offert
1172 3186 1346 3253 defendere
1369 3189 1455 3254 sicut

342 3291 432 3356 curia
446 3290 705 3368 considerauerit,
721 3299 755 3356 et
770 3290 851 3356 dicit
872 3291 959 3378 quod
980 3291 1082 3357 nichil
1104 3293 1224 3357 clamat
1245 3293 1281 3357 in
1302 3301 1392 3358 terra
1412 3293 1454 3358 de

344 3397 558 3462 Ketelestona
580 3404 616 3462 et
638 3396 788 3482 producit
814 3403 936 3462 sectam
963 3395 1049 3482 quod
1075 3395 1116 3460 de
1142 3395 1203 3460 hoc
1229 3405 1363 3462 secutus
1389 3396 1454 3462 fuit

342 3501 500 3587 placitum
516 3508 551 3564 et
565 3523 630 3565 non
644 3500 685 3566 de
700 3500 773 3566 aliis
787 3501 893 3566 rebus.

407 3605 487 3670 Dies
509 3604 606 3670 datus
628 3613 678 3670 est
700 3605 747 3670 eis
769 3614 830 3670 etc.
853 3626 948 3690 prece
968 3605 1115 3691 parcium
1131 3614 1165 3670 et
1180 3604 1304 3670 iudices
1318 3605 1453 3671 interim

342 3717 532 3775 remaneant
556 3707 644 3773 domi
667 3717 702 3773 et
725 3707 927 3794 prohibitum
951 3717 1002 3773 est
1025 3708 1072 3773 eis
1095 3731 1136 3773 ne
1162 3709 1295 3773 interim
1318 3717 1455 3775 teneant

341 3815 507 3900 placitum.
552 3812 606 3877 Ad
620 3812 707 3878 diem
722 3812 816 3878 illum
831 3812 1070 3879 consideratum
1092 3812 1248 3900 estquod
1268 3821 1454 3879 attornatus

342 3914 466 3980 Decani
495 3913 649 3979 defendat
678 3937 711 3980 se
741 3916 796 4002 xij.
825 3938 925 3981 manu
955 3923 990 3981 et
1019 3915 1133 3980 ueniat
1157 3939 1233 3980 cum
1261 3916 1333 4004 lege
1356 3940 1377 3983 a
1397 3917 1453 3982 die

343 4019 374 4084 S.
391 4017 526 4083 Martini
541 4027 601 4082 etc.

209 4135 301 4203 1074,
406 4121 543 4187 Brianus
565 4121 651 4187 filius
674 4122 763 4187 Petri
786 4123 872 4210 petit
893 4147 1007 4189 narsus
1029 4124 1205 4211 Hugonem
1229 4124 1335 4192 filium
1359 4128 1452 4195 Petri

221 4235 287 4278 1⁴0²ss
342 4226 475 4292 terciam
498 4235 624 4313 partem
646 4226 687 4291 xl.
711 4249 772 4294 acr.
795 4236 880 4292 terre
902 4251 977 4293 cum
998 4238 1079 4315 pert.
1103 4230 1138 4294 in
1160 4230 1309 4296 Hecham
1332 4239 1372 4297 ut
1400 4233 1454 4300 ius

341 4353 445 4410 suum,
460 4338 495 4396 et
510 4339 549 4396 ut
563 4331 792 4398 racionabilem
806 4341 932 4418 partem
948 4355 1040 4398 suam
1056 4356 1119 4421 que
1134 4357 1211 4400 eum
1226 4335 1392 4424 contingit
1412 4339 1455 4404 de

562 4457 571 4490 ¹
588 4458 712 4518 Breeton‚
723 4459 741 4510 1.
754 4461 811 4521 244,
823 4461 915 4525 speaks
927 4466 954 4513 at
964 4463 1055 4527 length
1066 4465 1093 4514 ol
1104 4463 1157 4516 thir
1167 4479 1235 4515 case.
