<?xml version="1.0" encoding="UTF-8"?>
<!DOCTYPE html PUBLIC "-//W3C//DTD XHTML 1.0 Transitional//EN"
    "http://www.w3.org/TR/xhtml1/DTD/xhtml1-transitional.dtd">
<html xmlns="http://www.w3.org/1999/xhtml" xml:lang="en" lang="en">
 <head>
  <title>
</title>
<meta http-equiv="Content-Type" content="text/html;charset=utf-8" />
  <meta name='ocr-system' content='tesseract 3.04.00' />
  <meta name='ocr-capabilities' content='ocr_page ocr_carea ocr_par ocr_line ocrx_word'/>
</head>
<body>
  <div class='ocr_page' id='page_1' title='image "bractonsnoteboo03maitgoog_0419.png"; bbox 0 0 3167 5075; ppageno 0'>
   <div class='ocr_carea' id='block_1_1' title="bbox 407 370 1205 446">
    <p class='ocr_par' dir='ltr' id='par_1_1' title="bbox 407 370 1205 446">
     <span class='ocr_line' id='line_1_1' title="bbox 407 370 1205 446; baseline -0.003 -11"><span class='ocrx_word' id='word_1_1' title='bbox 407 384 558 446; x_wconf 78' lang='lat' dir='ltr'>ramur,</span> <span class='ocrx_word' id='word_1_2' title='bbox 579 383 644 434; x_wconf 72' lang='lat' dir='ltr'>sn.</span> <span class='ocrx_word' id='word_1_3' title='bbox 669 370 762 446; x_wconf 77' lang='lat'>1220,</span> <span class='ocrx_word' id='word_1_4' title='bbox 784 383 848 435; x_wconf 74' lang='lat' dir='ltr'>aa</span> <span class='ocrx_word' id='word_1_5' title='bbox 871 373 899 435; x_wconf 69' lang='grc' dir='ltr'>ι.</span> <span class='ocrx_word' id='word_1_6' title='bbox 1142 370 1205 435; x_wconf 78' lang='lat'>405</span> 
     </span>
    </p>
   </div>
   <div class='ocr_carea' id='block_1_2' title="bbox 61 556 1339 3664">
    <p class='ocr_par' dir='ltr' id='par_1_2' title="bbox 112 556 1207 937">
     <span class='ocr_line' id='line_1_2' title="bbox 172 556 1206 646; baseline -0.002 -23"><span class='ocrx_word' id='word_1_7' title='bbox 172 560 214 623; x_wconf 86' lang='lat' dir='ltr'>Et</span> <span class='ocrx_word' id='word_1_8' title='bbox 228 558 324 645; x_wconf 84' lang='lat' dir='ltr'>Elyas</span> <span class='ocrx_word' id='word_1_9' title='bbox 338 558 501 646; x_wconf 77' lang='lat' dir='ltr'><strong>cognoscit</strong></span> <span class='ocrx_word' id='word_1_10' title='bbox 515 557 601 645; x_wconf 90' lang='lat' dir='ltr'>quod</span> <span class='ocrx_word' id='word_1_11' title='bbox 614 557 706 623; x_wconf 90' lang='lat' dir='ltr'>nulla</span> <span class='ocrx_word' id='word_1_12' title='bbox 720 566 770 623; x_wconf 90' lang='lat' dir='ltr'>est</span> <span class='ocrx_word' id='word_1_13' title='bbox 784 558 833 623; x_wconf 93' lang='lat' dir='ltr'>ibi</span> <span class='ocrx_word' id='word_1_14' title='bbox 846 556 970 643; x_wconf 88' lang='lat' dir='ltr'>capella</span> <span class='ocrx_word' id='word_1_15' title='bbox 984 564 1019 621; x_wconf 88' lang='lat' dir='ltr'>et</span> <span class='ocrx_word' id='word_1_16' title='bbox 1028 556 1109 621; x_wconf 90' lang='lat' dir='ltr'>dicit</span> <span class='ocrx_word' id='word_1_17' title='bbox 1120 556 1206 642; x_wconf 91' lang='lat' dir='ltr'>quod</span> 
     </span>
     <span class='ocr_line' id='line_1_3' title="bbox 114 660 1207 749; baseline -0.002 -22"><span class='ocrx_word' id='word_1_18' title='bbox 114 672 263 748; x_wconf 86' lang='lat' dir='ltr'>prostrata</span> <span class='ocrx_word' id='word_1_19' title='bbox 276 665 341 729; x_wconf 87' lang='lat' dir='ltr'>fuit</span> <span class='ocrx_word' id='word_1_20' title='bbox 360 672 505 749; x_wconf 89' lang='lat' dir='ltr'>tempore</span> <span class='ocrx_word' id='word_1_21' title='bbox 523 685 647 749; x_wconf 80' lang='lat' dir='ltr'><strong>guerre,</strong></span> <span class='ocrx_word' id='word_1_22' title='bbox 661 670 713 727; x_wconf 88' lang='lat' dir='ltr'>set</span> <span class='ocrx_word' id='word_1_23' title='bbox 733 662 873 748; x_wconf 85' lang='lat' dir='ltr'>quedam</span> <span class='ocrx_word' id='word_1_24' title='bbox 895 660 1019 726; x_wconf 87' lang='lat' dir='ltr'>decime</span> <span class='ocrx_word' id='word_1_25' title='bbox 1041 660 1207 747; x_wconf 86' lang='lat' dir='ltr'>pertinent</span> 
     </span>
     <span class='ocr_line' id='line_1_4' title="bbox 112 763 1205 851; baseline 0.001 -21"><span class='ocrx_word' id='word_1_26' title='bbox 112 766 150 830; x_wconf 87' lang='lat' dir='ltr'>ad</span> <span class='ocrx_word' id='word_1_27' title='bbox 162 767 256 832; x_wconf 86' lang='lat' dir='ltr'>illam.</span> <span class='ocrx_word' id='word_1_28' title='bbox 301 768 346 832; x_wconf 86' lang='lat' dir='ltr'>Et</span> <span class='ocrx_word' id='word_1_29' title='bbox 359 767 433 833; x_wconf 91' lang='lat' dir='ltr'>ideo</span> <span class='ocrx_word' id='word_1_30' title='bbox 446 766 684 831; x_wconf 88' lang='lat' dir='ltr'>consideratum</span> <span class='ocrx_word' id='word_1_31' title='bbox 698 773 750 830; x_wconf 89' lang='lat' dir='ltr'>est</span> <span class='ocrx_word' id='word_1_32' title='bbox 764 764 851 851; x_wconf 91' lang='lat' dir='ltr'>quod</span> <span class='ocrx_word' id='word_1_33' title='bbox 865 765 1022 830; x_wconf 88' lang='lat' dir='ltr'>iuratores</span> <span class='ocrx_word' id='word_1_34' title='bbox 1040 764 1116 829; x_wconf 93' lang='lat' dir='ltr'>inde</span> <span class='ocrx_word' id='word_1_35' title='bbox 1136 763 1205 831; x_wconf 84' lang='lat' dir='ltr'>sine</span> 
     </span>
     <span class='ocr_line' id='line_1_5' title="bbox 112 870 1122 937; baseline 0.002 -2"><span class='ocrx_word' id='word_1_36' title='bbox 112 870 159 935; x_wconf 92' lang='lat' dir='ltr'>die</span> <span class='ocrx_word' id='word_1_37' title='bbox 173 880 229 936; x_wconf 82' lang='lat' dir='ltr'>ete</span> <span class='ocrx_word' id='word_1_38' title='bbox 1118 924 1122 937; x_wconf 91' lang='lat'>.</span> 
     </span>
    </p>

    <p class='ocr_par' dir='ltr' id='par_1_3' title="bbox 61 971 1324 2095">
     <span class='ocr_line' id='line_1_6' title="bbox 61 971 1324 1061; baseline 0.002 -26"><span class='ocrx_word' id='word_1_39' title='bbox 61 974 84 1036; x_wconf 84' lang='lat'>0.</span> <span class='ocrx_word' id='word_1_40' title='bbox 129 971 132 976; x_wconf 49' lang='lat'><strong>⁴</strong></span> <span class='ocrx_word' id='word_1_41' title='bbox 169 974 293 1039; x_wconf 77' lang='lat' dir='ltr'>¹Assisa</span> <span class='ocrx_word' id='word_1_42' title='bbox 305 974 618 1061; x_wconf 86' lang='lat' dir='ltr'>uenitrecognitura</span> <span class='ocrx_word' id='word_1_43' title='bbox 631 974 660 1038; x_wconf 89' lang='lat' dir='ltr'>si</span> <span class='ocrx_word' id='word_1_44' title='bbox 674 973 844 1060; x_wconf 88' lang='lat' dir='ltr'>Philippus</span> <span class='ocrx_word' id='word_1_45' title='bbox 859 973 899 1038; x_wconf 91' lang='lat' dir='ltr'>de</span> <span class='ocrx_word' id='word_1_46' title='bbox 916 973 1077 1038; x_wconf 84' lang='lat' dir='ltr'>Hnleoota</span> <span class='ocrx_word' id='word_1_47' title='bbox 1096 980 1130 1037; x_wconf 90' lang='lat' dir='ltr'>et</span> <span class='ocrx_word' id='word_1_48' title='bbox 1149 972 1206 1038; x_wconf 83' lang='lat' dir='ltr'>alii</span> <span class='ocrx_word' id='word_1_49' title='bbox 1318 1011 1324 1024; x_wconf 92' lang='lat'><em>·</em></span> 
     </span>
     <span class='ocr_line' id='line_1_7' title="bbox 112 1076 1205 1143; baseline 0.002 -4"><span class='ocrx_word' id='word_1_50' title='bbox 112 1076 185 1141; x_wconf 86' lang='lat' dir='ltr'>tales</span> <span class='ocrx_word' id='word_1_51' title='bbox 219 1077 293 1143; x_wconf 77' lang='lat' dir='ltr'>etc²</span> <span class='ocrx_word' id='word_1_52' title='bbox 327 1078 449 1143; x_wconf 90' lang='lat' dir='ltr'>iniuste</span> <span class='ocrx_word' id='word_1_53' title='bbox 483 1087 546 1143; x_wconf 71' lang='lat' dir='ltr'>etc</span> <span class='ocrx_word' id='word_1_54' title='bbox 582 1076 828 1142; x_wconf 79' lang='lat' dir='ltr'>disseisiuerunu</span> <span class='ocrx_word' id='word_1_55' title='bbox 866 1076 1036 1141; x_wconf 78' lang='lat' dir='ltr'>Elisabeth</span> <span class='ocrx_word' id='word_1_56' title='bbox 1073 1098 1205 1141; x_wconf 81' lang='lat' dir='ltr'>uxorem</span> 
     </span>
     <span class='ocr_line' id='line_1_8' title="bbox 111 1178 1206 1246; baseline 0.001 -3"><span class='ocrx_word' id='word_1_57' title='bbox 111 1178 256 1245; x_wconf 88' lang='lat' dir='ltr'>Willelmi</span> <span class='ocrx_word' id='word_1_58' title='bbox 278 1181 319 1246; x_wconf 86' lang='lat' dir='ltr'>de</span> <span class='ocrx_word' id='word_1_59' title='bbox 342 1181 414 1246; x_wconf 90' lang='lat' dir='ltr'>Rue</span> <span class='ocrx_word' id='word_1_60' title='bbox 436 1181 477 1246; x_wconf 90' lang='lat' dir='ltr'>de</span> <span class='ocrx_word' id='word_1_61' title='bbox 501 1181 602 1246; x_wconf 81' lang='lat' dir='ltr'><strong>libem</strong></span> <span class='ocrx_word' id='word_1_62' title='bbox 625 1188 812 1245; x_wconf 75' lang='lat' dir='ltr'>tenemento</span> <span class='ocrx_word' id='word_1_63' title='bbox 838 1202 896 1244; x_wconf 89' lang='lat' dir='ltr'>suo</span> <span class='ocrx_word' id='word_1_64' title='bbox 921 1179 956 1243; x_wconf 92' lang='lat' dir='ltr'>in</span> <span class='ocrx_word' id='word_1_65' title='bbox 981 1178 1206 1245; x_wconf 83' lang='lat' dir='ltr'>Ditenheual’⁸</span> 
     </span>
     <span class='ocr_line' id='line_1_9' title="bbox 110 1283 1205 1351; baseline 0 -2"><span class='ocrx_word' id='word_1_66' title='bbox 110 1284 184 1349; x_wconf 87' lang='lat' dir='ltr'>inha</span> <span class='ocrx_word' id='word_1_67' title='bbox 206 1286 347 1351; x_wconf 78' lang='lat' dir='ltr'>assisam</span> <span class='ocrx_word' id='word_1_68' title='bbox 404 1286 448 1349; x_wconf 91' lang='lat' dir='ltr'>Et</span> <span class='ocrx_word' id='word_1_69' title='bbox 474 1284 610 1349; x_wconf 87' lang='lat' dir='ltr'>Matillis</span> <span class='ocrx_word' id='word_1_70' title='bbox 635 1284 677 1348; x_wconf 88' lang='lat' dir='ltr'>de</span> <span class='ocrx_word' id='word_1_71' title='bbox 700 1283 864 1349; x_wconf 69' lang='lat' dir='ltr'>Ominum*</span> <span class='ocrx_word' id='word_1_72' title='bbox 885 1306 952 1349; x_wconf 92' lang='lat' dir='ltr'>una</span> <span class='ocrx_word' id='word_1_73' title='bbox 972 1284 1205 1350; x_wconf 87' lang='lat' dir='ltr'>disseisitorum</span> 
     </span>
     <span class='ocr_line' id='line_1_10' title="bbox 110 1386 1205 1475; baseline 0.003 -24"><span class='ocrx_word' id='word_1_74' title='bbox 110 1388 290 1475; x_wconf 79' lang='lat' dir='ltr'>dicitquod</span> <span class='ocrx_word' id='word_1_75' title='bbox 315 1410 380 1453; x_wconf 93' lang='lat' dir='ltr'>non</span> <span class='ocrx_word' id='word_1_76' title='bbox 404 1387 503 1453; x_wconf 88' lang='lat' dir='ltr'>debet</span> <span class='ocrx_word' id='word_1_77' title='bbox 527 1386 603 1451; x_wconf 89' lang='lat' dir='ltr'>inde</span> <span class='ocrx_word' id='word_1_78' title='bbox 626 1386 726 1452; x_wconf 78' lang='lat' dir='ltr'>assisa</span> <span class='ocrx_word' id='word_1_79' title='bbox 747 1387 826 1464; x_wconf 85' lang='lat' dir='ltr'>fieri,</span> <span class='ocrx_word' id='word_1_80' title='bbox 850 1387 927 1473; x_wconf 91' lang='lat' dir='ltr'>quia</span> <span class='ocrx_word' id='word_1_81' title='bbox 955 1395 1042 1451; x_wconf 82' lang='lat' dir='ltr'>terra</span> <span class='ocrx_word' id='word_1_82' title='bbox 1070 1387 1127 1452; x_wconf 90' lang='lat' dir='ltr'>illa</span> <span class='ocrx_word' id='word_1_83' title='bbox 1155 1394 1205 1455; x_wconf 80' lang='lat' dir='ltr'>est</span> 
     </span>
     <span class='ocr_line' id='line_1_11' title="bbox 109 1490 1206 1579; baseline 0 -24"><span class='ocrx_word' id='word_1_84' title='bbox 109 1491 307 1579; x_wconf 82' lang='lat' dir='ltr'>maritagium</span> <span class='ocrx_word' id='word_1_85' title='bbox 320 1515 425 1569; x_wconf 90' lang='lat' dir='ltr'>sunm,</span> <span class='ocrx_word' id='word_1_86' title='bbox 440 1491 489 1556; x_wconf 90' lang='lat' dir='ltr'>ita</span> <span class='ocrx_word' id='word_1_87' title='bbox 501 1490 587 1577; x_wconf 92' lang='lat' dir='ltr'>quod</span> <span class='ocrx_word' id='word_1_88' title='bbox 602 1490 673 1576; x_wconf 87' lang='lat' dir='ltr'>ipsa</span> <span class='ocrx_word' id='word_1_89' title='bbox 686 1498 807 1554; x_wconf 83' lang='lat' dir='ltr'>terram</span> <span class='ocrx_word' id='word_1_90' title='bbox 821 1490 911 1554; x_wconf 90' lang='lat' dir='ltr'>illam</span> <span class='ocrx_word' id='word_1_91' title='bbox 925 1490 1050 1557; x_wconf 90' lang='lat' dir='ltr'>dimisit</span> <span class='ocrx_word' id='word_1_92' title='bbox 1061 1490 1206 1557; x_wconf 86' lang='lat' dir='ltr'>Galhido</span> 
     </span>
     <span class='ocr_line' id='line_1_12' title="bbox 109 1593 1205 1682; baseline 0.002 -25"><span class='ocrx_word' id='word_1_93' title='bbox 109 1594 144 1659; x_wconf 94' lang='lat' dir='ltr'>de</span> <span class='ocrx_word' id='word_1_94' title='bbox 162 1595 331 1660; x_wconf 78' lang='lat' dir='ltr'>Comeres⁵</span> <span class='ocrx_word' id='word_1_95' title='bbox 350 1595 443 1660; x_wconf 82' lang='lat' dir='ltr'>fratri</span> <span class='ocrx_word' id='word_1_96' title='bbox 461 1618 520 1659; x_wconf 89' lang='lat' dir='ltr'>suo</span> <span class='ocrx_word' id='word_1_97' title='bbox 539 1602 575 1659; x_wconf 91' lang='lat' dir='ltr'>et</span> <span class='ocrx_word' id='word_1_98' title='bbox 594 1602 736 1659; x_wconf 87' lang='lat' dir='ltr'>waranto</span> <span class='ocrx_word' id='word_1_99' title='bbox 755 1594 796 1658; x_wconf 88' lang='lat' dir='ltr'>de</span> <span class='ocrx_word' id='word_1_100' title='bbox 820 1593 990 1682; x_wconf 84' lang='lat' dir='ltr'>maritagio</span> <span class='ocrx_word' id='word_1_101' title='bbox 1014 1594 1056 1659; x_wconf 87' lang='lat' dir='ltr'>ad</span> <span class='ocrx_word' id='word_1_102' title='bbox 1078 1594 1205 1659; x_wconf 85' lang='lat' dir='ltr'>firmam</span> 
     </span>
     <span class='ocr_line' id='line_1_13' title="bbox 109 1697 1206 1785; baseline -0.003 -22"><span class='ocrx_word' id='word_1_103' title='bbox 109 1708 170 1763; x_wconf 87' lang='lat' dir='ltr'>tota</span> <span class='ocrx_word' id='word_1_104' title='bbox 187 1698 259 1764; x_wconf 89' lang='lat' dir='ltr'>uita</span> <span class='ocrx_word' id='word_1_105' title='bbox 278 1700 381 1785; x_wconf 87' lang='lat' dir='ltr'>ipsius</span> <span class='ocrx_word' id='word_1_106' title='bbox 401 1698 558 1775; x_wconf 84' lang='lat' dir='ltr'>Gaufridi,</span> <span class='ocrx_word' id='word_1_107' title='bbox 571 1698 621 1763; x_wconf 92' lang='lat' dir='ltr'>ita</span> <span class='ocrx_word' id='word_1_108' title='bbox 641 1697 727 1784; x_wconf 90' lang='lat' dir='ltr'>quod</span> <span class='ocrx_word' id='word_1_109' title='bbox 749 1720 787 1762; x_wconf 92' lang='lat' dir='ltr'>eo</span> <span class='ocrx_word' id='word_1_110' title='bbox 809 1698 962 1763; x_wconf 86' lang='lat' dir='ltr'>defuncto</span> <span class='ocrx_word' id='word_1_111' title='bbox 983 1698 1098 1763; x_wconf 89' lang='lat' dir='ltr'>debuit</span> <span class='ocrx_word' id='word_1_112' title='bbox 1119 1706 1206 1761; x_wconf 88' lang='lat' dir='ltr'>terra</span> 
     </span>
     <span class='ocr_line' id='line_1_14' title="bbox 108 1801 1205 1889; baseline 0 -24"><span class='ocrx_word' id='word_1_113' title='bbox 108 1802 158 1866; x_wconf 84' lang='lat' dir='ltr'>illa</span> <span class='ocrx_word' id='word_1_114' title='bbox 169 1803 291 1868; x_wconf 89' lang='lat' dir='ltr'>reuerti</span> <span class='ocrx_word' id='word_1_115' title='bbox 304 1802 368 1889; x_wconf 88' lang='lat' dir='ltr'>ipsi</span> <span class='ocrx_word' id='word_1_116' title='bbox 382 1802 545 1878; x_wconf 84' lang='lat' dir='ltr'>Matillidi,</span> <span class='ocrx_word' id='word_1_117' title='bbox 562 1810 597 1866; x_wconf 90' lang='lat' dir='ltr'>et</span> <span class='ocrx_word' id='word_1_118' title='bbox 611 1801 687 1866; x_wconf 90' lang='lat' dir='ltr'>inde</span> <span class='ocrx_word' id='word_1_119' title='bbox 702 1801 824 1887; x_wconf 80' lang='lat' dir='ltr'>profert</span> <span class='ocrx_word' id='word_1_120' title='bbox 838 1801 1063 1889; x_wconf 84' lang='lat' dir='ltr'>cirographum</span> <span class='ocrx_word' id='word_1_121' title='bbox 1081 1802 1205 1866; x_wconf 88' lang='lat' dir='ltr'>factum</span> 
     </span>
     <span class='ocr_line' id='line_1_15' title="bbox 108 1904 1204 1991; baseline 0.002 -24"><span class='ocrx_word' id='word_1_122' title='bbox 108 1904 271 1984; x_wconf 85' lang='lat' dir='ltr'>intereos,</span> <span class='ocrx_word' id='word_1_123' title='bbox 296 1905 346 1971; x_wconf 90' lang='lat' dir='ltr'>ita</span> <span class='ocrx_word' id='word_1_124' title='bbox 369 1904 456 1991; x_wconf 92' lang='lat' dir='ltr'>quod</span> <span class='ocrx_word' id='word_1_125' title='bbox 481 1905 634 1969; x_wconf 83' lang='lat' dir='ltr'>defuncto</span> <span class='ocrx_word' id='word_1_126' title='bbox 656 1904 726 1990; x_wconf 89' lang='lat' dir='ltr'>ipso</span> <span class='ocrx_word' id='word_1_127' title='bbox 749 1904 905 1969; x_wconf 84' lang='lat' dir='ltr'>Gaufrido</span> <span class='ocrx_word' id='word_1_128' title='bbox 929 1904 1056 1970; x_wconf 88' lang='lat' dir='ltr'>seisiuit</span> <span class='ocrx_word' id='word_1_129' title='bbox 1085 1912 1204 1970; x_wconf 88' lang='lat' dir='ltr'>terram</span> 
     </span>
     <span class='ocr_line' id='line_1_16' title="bbox 108 2008 890 2095; baseline 0.003 -24"><span class='ocrx_word' id='word_1_130' title='bbox 108 2008 187 2073; x_wconf 84' lang='lat' dir='ltr'>illam</span> <span class='ocrx_word' id='word_1_131' title='bbox 201 2010 236 2074; x_wconf 93' lang='lat' dir='ltr'>in</span> <span class='ocrx_word' id='word_1_132' title='bbox 250 2033 387 2075; x_wconf 89' lang='lat' dir='ltr'>manum</span> <span class='ocrx_word' id='word_1_133' title='bbox 402 2032 494 2073; x_wconf 87' lang='lat' dir='ltr'>suam</span> <span class='ocrx_word' id='word_1_134' title='bbox 508 2017 548 2075; x_wconf 91' lang='lat' dir='ltr'>ut</span> <span class='ocrx_word' id='word_1_135' title='bbox 562 2008 770 2095; x_wconf 87' lang='lat' dir='ltr'>maritagium</span> <span class='ocrx_word' id='word_1_136' title='bbox 785 2031 890 2073; x_wconf 92' lang='lat' dir='ltr'>suum.</span> 
     </span>
    </p>

    <p class='ocr_par' dir='ltr' id='par_1_4' title="bbox 103 2110 1206 2724">
     <span class='ocr_line' id='line_1_17' title="bbox 164 2110 1204 2198; baseline 0 -21"><span class='ocrx_word' id='word_1_137' title='bbox 164 2114 206 2178; x_wconf 88' lang='lat' dir='ltr'>Et</span> <span class='ocrx_word' id='word_1_138' title='bbox 223 2113 410 2179; x_wconf 80' lang='lat' dir='ltr'>willelmus</span> <span class='ocrx_word' id='word_1_139' title='bbox 429 2120 464 2177; x_wconf 91' lang='lat' dir='ltr'>et</span> <span class='ocrx_word' id='word_1_140' title='bbox 485 2112 655 2177; x_wconf 79' lang='lat' dir='ltr'>Elisabeth</span> <span class='ocrx_word' id='word_1_141' title='bbox 676 2112 790 2177; x_wconf 90' lang='lat' dir='ltr'>dicunt</span> <span class='ocrx_word' id='word_1_142' title='bbox 813 2112 899 2198; x_wconf 90' lang='lat' dir='ltr'>quod</span> <span class='ocrx_word' id='word_1_143' title='bbox 920 2110 1007 2177; x_wconf 88' lang='lat' dir='ltr'>idem</span> <span class='ocrx_word' id='word_1_144' title='bbox 1031 2111 1204 2177; x_wconf 74' lang='lat' dir='ltr'>(laufridus</span> 
     </span>
     <span class='ocr_line' id='line_1_18' title="bbox 106 2216 1205 2303; baseline 0.002 -23"><span class='ocrx_word' id='word_1_145' title='bbox 106 2216 188 2281; x_wconf 85' lang='lat' dir='ltr'>dedit</span> <span class='ocrx_word' id='word_1_146' title='bbox 204 2226 328 2283; x_wconf 88' lang='lat' dir='ltr'>terram</span> <span class='ocrx_word' id='word_1_147' title='bbox 349 2218 439 2282; x_wconf 89' lang='lat' dir='ltr'>illam</span> <span class='ocrx_word' id='word_1_148' title='bbox 461 2216 524 2302; x_wconf 90' lang='lat' dir='ltr'>ipsi</span> <span class='ocrx_word' id='word_1_149' title='bbox 546 2216 715 2281; x_wconf 77' lang='lat' dir='ltr'>Elisabeth</span> <span class='ocrx_word' id='word_1_150' title='bbox 736 2216 773 2281; x_wconf 93' lang='lat' dir='ltr'>in</span> <span class='ocrx_word' id='word_1_151' title='bbox 794 2216 1001 2303; x_wconf 86' lang='lat' dir='ltr'>maritagium</span> <span class='ocrx_word' id='word_1_152' title='bbox 1023 2238 1098 2281; x_wconf 88' lang='lat' dir='ltr'>cum</span> <span class='ocrx_word' id='word_1_153' title='bbox 1117 2225 1205 2282; x_wconf 88' lang='lat' dir='ltr'>esset</span> 
     </span>
     <span class='ocr_line' id='line_1_19' title="bbox 106 2321 1206 2408; baseline 0 -23"><span class='ocrx_word' id='word_1_154' title='bbox 106 2321 291 2407; x_wconf 78' lang='lat' dir='ltr'>desponsata</span> <span class='ocrx_word' id='word_1_155' title='bbox 305 2322 410 2408; x_wconf 89' lang='lat' dir='ltr'>primo</span> <span class='ocrx_word' id='word_1_156' title='bbox 425 2322 495 2387; x_wconf 90' lang='lat' dir='ltr'>uiro</span> <span class='ocrx_word' id='word_1_157' title='bbox 509 2344 576 2399; x_wconf 89' lang='lat' dir='ltr'>suo,</span> <span class='ocrx_word' id='word_1_158' title='bbox 591 2322 648 2408; x_wconf 92' lang='lat' dir='ltr'>qui</span> <span class='ocrx_word' id='word_1_159' title='bbox 668 2322 758 2386; x_wconf 92' lang='lat' dir='ltr'>illam</span> <span class='ocrx_word' id='word_1_160' title='bbox 779 2321 887 2386; x_wconf 84' lang='lat' dir='ltr'>tenuit</span> <span class='ocrx_word' id='word_1_161' title='bbox 908 2329 978 2386; x_wconf 92' lang='lat' dir='ltr'>tota</span> <span class='ocrx_word' id='word_1_162' title='bbox 997 2321 1069 2385; x_wconf 90' lang='lat' dir='ltr'>uita</span> <span class='ocrx_word' id='word_1_163' title='bbox 1087 2342 1155 2397; x_wconf 88' lang='lat' dir='ltr'>sua,</span> <span class='ocrx_word' id='word_1_164' title='bbox 1170 2326 1206 2385; x_wconf 90' lang='lat' dir='ltr'>et</span> 
     </span>
     <span class='ocr_line' id='line_1_20' title="bbox 105 2423 1206 2513; baseline -0.002 -22"><span class='ocrx_word' id='word_1_165' title='bbox 105 2448 139 2491; x_wconf 86' lang='lat' dir='ltr'>eo</span> <span class='ocrx_word' id='word_1_166' title='bbox 150 2427 312 2504; x_wconf 85' lang='lat' dir='ltr'>defuncto,</span> <span class='ocrx_word' id='word_1_167' title='bbox 326 2427 390 2513; x_wconf 89' lang='lat' dir='ltr'>ipsi</span> <span class='ocrx_word' id='word_1_168' title='bbox 405 2448 515 2491; x_wconf 88' lang='lat' dir='ltr'>omnes</span> <span class='ocrx_word' id='word_1_169' title='bbox 531 2425 669 2512; x_wconf 84' lang='lat' dir='ltr'>predicti</span> <span class='ocrx_word' id='word_1_170' title='bbox 683 2425 927 2490; x_wconf 86' lang='lat' dir='ltr'>disseisiuerunt</span> <span class='ocrx_word' id='word_1_171' title='bbox 947 2424 1083 2489; x_wconf 86' lang='lat' dir='ltr'>eandem</span> <span class='ocrx_word' id='word_1_172' title='bbox 1102 2423 1206 2489; x_wconf 76' lang='lat' dir='ltr'>Elian-</span> 
     </span>
     <span class='ocr_line' id='line_1_21' title="bbox 106 2528 1206 2617; baseline -0.002 -21"><span class='ocrx_word' id='word_1_173' title='bbox 106 2531 175 2597; x_wconf 91' lang='lat' dir='ltr'>beth</span> <span class='ocrx_word' id='word_1_174' title='bbox 192 2532 318 2599; x_wconf 88' lang='lat' dir='ltr'>iniuste</span> <span class='ocrx_word' id='word_1_175' title='bbox 338 2541 408 2609; x_wconf 82' lang='lat' dir='ltr'>etc,</span> <span class='ocrx_word' id='word_1_176' title='bbox 427 2541 462 2596; x_wconf 90' lang='lat' dir='ltr'>et</span> <span class='ocrx_word' id='word_1_177' title='bbox 482 2530 558 2596; x_wconf 90' lang='lat' dir='ltr'>inde</span> <span class='ocrx_word' id='word_1_178' title='bbox 578 2538 698 2617; x_wconf 85' lang='lat' dir='ltr'>petunt</span> <span class='ocrx_word' id='word_1_179' title='bbox 716 2529 858 2596; x_wconf 81' lang='lat' dir='ltr'>assisam.</span> <span class='ocrx_word' id='word_1_180' title='bbox 903 2529 946 2594; x_wconf 90' lang='lat' dir='ltr'>Et</span> <span class='ocrx_word' id='word_1_181' title='bbox 969 2528 1206 2594; x_wconf 86' lang='lat' dir='ltr'>consideratum</span> 
     </span>
     <span class='ocr_line' id='line_1_22' title="bbox 103 2635 535 2724; baseline -0.005 -22"><span class='ocrx_word' id='word_1_182' title='bbox 103 2638 244 2724; x_wconf 86' lang='lat' dir='ltr'>estquod</span> <span class='ocrx_word' id='word_1_183' title='bbox 258 2637 362 2702; x_wconf 86' lang='lat' dir='ltr'>assisa</span> <span class='ocrx_word' id='word_1_184' title='bbox 374 2635 535 2722; x_wconf 86' lang='lat' dir='ltr'>procedat.</span> 
     </span>
    </p>

    <p class='ocr_par' dir='ltr' id='par_1_5' title="bbox 101 2738 1339 3664">
     <span class='ocr_line' id='line_1_23' title="bbox 159 2738 1206 2826; baseline -0.004 -20"><span class='ocrx_word' id='word_1_185' title='bbox 159 2743 330 2808; x_wconf 81' lang='lat' dir='ltr'>Juratores</span> <span class='ocrx_word' id='word_1_186' title='bbox 344 2741 459 2806; x_wconf 90' lang='lat' dir='ltr'>dicunt</span> <span class='ocrx_word' id='word_1_187' title='bbox 473 2740 559 2826; x_wconf 92' lang='lat' dir='ltr'>quod</span> <span class='ocrx_word' id='word_1_188' title='bbox 573 2748 661 2804; x_wconf 88' lang='lat' dir='ltr'>terra</span> <span class='ocrx_word' id='word_1_189' title='bbox 678 2739 737 2805; x_wconf 91' lang='lat' dir='ltr'>illa</span> <span class='ocrx_word' id='word_1_190' title='bbox 756 2747 791 2804; x_wconf 90' lang='lat' dir='ltr'>et</span> <span class='ocrx_word' id='word_1_191' title='bbox 811 2739 920 2824; x_wconf 79' lang='lat' dir='ltr'>plures</span> <span class='ocrx_word' id='word_1_192' title='bbox 939 2738 1003 2804; x_wconf 89' lang='lat' dir='ltr'>alie</span> <span class='ocrx_word' id='word_1_193' title='bbox 1023 2745 1108 2803; x_wconf 90' lang='lat' dir='ltr'>terre</span> <span class='ocrx_word' id='word_1_194' title='bbox 1128 2745 1206 2804; x_wconf 88' lang='lat' dir='ltr'>sunt</span> 
     </span>
     <span class='ocr_line' id='line_1_24' title="bbox 104 2844 1206 2935; baseline -0.004 -23"><span class='ocrx_word' id='word_1_195' title='bbox 104 2847 306 2935; x_wconf 85' lang='lat' dir='ltr'>maritagium</span> <span class='ocrx_word' id='word_1_196' title='bbox 333 2845 436 2932; x_wconf 89' lang='lat' dir='ltr'>ipsius</span> <span class='ocrx_word' id='word_1_197' title='bbox 465 2845 645 2923; x_wconf 83' lang='lat' dir='ltr'>Matillidis,</span> <span class='ocrx_word' id='word_1_198' title='bbox 669 2845 719 2909; x_wconf 88' lang='lat' dir='ltr'>ita</span> <span class='ocrx_word' id='word_1_199' title='bbox 747 2845 835 2930; x_wconf 92' lang='lat' dir='ltr'>quod</span> <span class='ocrx_word' id='word_1_200' title='bbox 861 2844 932 2930; x_wconf 90' lang='lat' dir='ltr'>ipsa</span> <span class='ocrx_word' id='word_1_201' title='bbox 956 2851 1060 2909; x_wconf 92' lang='lat' dir='ltr'>totam</span> <span class='ocrx_word' id='word_1_202' title='bbox 1086 2851 1206 2908; x_wconf 88' lang='lat' dir='ltr'>terram</span> 
     </span>
     <span class='ocr_line' id='line_1_25' title="bbox 104 2947 1207 3038; baseline -0.002 -24"><span class='ocrx_word' id='word_1_203' title='bbox 104 2952 183 3017; x_wconf 86' lang='lat' dir='ltr'>illam</span> <span class='ocrx_word' id='word_1_204' title='bbox 197 2953 326 3018; x_wconf 87' lang='lat' dir='ltr'>dimisit</span> <span class='ocrx_word' id='word_1_205' title='bbox 340 2952 404 3038; x_wconf 87' lang='lat' dir='ltr'>ipsi</span> <span class='ocrx_word' id='word_1_206' title='bbox 419 2951 575 3017; x_wconf 82' lang='lat' dir='ltr'>Gaufrido</span> <span class='ocrx_word' id='word_1_207' title='bbox 593 2950 636 3015; x_wconf 93' lang='lat' dir='ltr'>ad</span> <span class='ocrx_word' id='word_1_208' title='bbox 656 2950 783 3014; x_wconf 83' lang='lat' dir='ltr'>firmam</span> <span class='ocrx_word' id='word_1_209' title='bbox 803 2949 846 3013; x_wconf 91' lang='lat' dir='ltr'>ad</span> <span class='ocrx_word' id='word_1_210' title='bbox 868 2949 1044 3014; x_wconf 87' lang='lat' dir='ltr'>terminum</span> <span class='ocrx_word' id='word_1_211' title='bbox 1067 2955 1101 3012; x_wconf 88' lang='lat' dir='ltr'>et</span> <span class='ocrx_word' id='word_1_212' title='bbox 1122 2947 1207 3012; x_wconf 78' lang='lat' dir='ltr'>infra</span> 
     </span>
     <span class='ocr_line' id='line_1_26' title="bbox 102 3051 1206 3141; baseline -0.004 -23"><span class='ocrx_word' id='word_1_213' title='bbox 102 3059 271 3124; x_wconf 85' lang='lat' dir='ltr'>terminum</span> <span class='ocrx_word' id='word_1_214' title='bbox 302 3079 400 3122; x_wconf 89' lang='lat' dir='ltr'>suum</span> <span class='ocrx_word' id='word_1_215' title='bbox 427 3056 521 3123; x_wconf 86' lang='lat' dir='ltr'>dedit</span> <span class='ocrx_word' id='word_1_216' title='bbox 546 3056 617 3141; x_wconf 90' lang='lat' dir='ltr'>ipse</span> <span class='ocrx_word' id='word_1_217' title='bbox 642 3055 683 3119; x_wconf 93' lang='lat' dir='ltr'>de</span> <span class='ocrx_word' id='word_1_218' title='bbox 706 3053 854 3140; x_wconf 87' lang='lat' dir='ltr'>predicta</span> <span class='ocrx_word' id='word_1_219' title='bbox 878 3061 965 3117; x_wconf 87' lang='lat' dir='ltr'>terra</span> <span class='ocrx_word' id='word_1_220' title='bbox 989 3073 1045 3116; x_wconf 85' lang='lat' dir='ltr'>sex</span> <span class='ocrx_word' id='word_1_221' title='bbox 1070 3051 1206 3115; x_wconf 88' lang='lat' dir='ltr'>houatas</span> 
     </span>
     <span class='ocr_line' id='line_1_27' title="bbox 103 3153 1208 3242; baseline -0.005 -19"><span class='ocrx_word' id='word_1_222' title='bbox 103 3167 179 3224; x_wconf 85' lang='lat' dir='ltr'>terre</span> <span class='ocrx_word' id='word_1_223' title='bbox 204 3160 373 3225; x_wconf 89' lang='lat' dir='ltr'>Willelmo</span> <span class='ocrx_word' id='word_1_224' title='bbox 394 3159 437 3224; x_wconf 91' lang='lat' dir='ltr'>de</span> <span class='ocrx_word' id='word_1_225' title='bbox 464 3157 642 3224; x_wconf 84' lang='lat' dir='ltr'>Surdenale</span> <span class='ocrx_word' id='word_1_226' title='bbox 665 3157 702 3221; x_wconf 94' lang='lat' dir='ltr'>in</span> <span class='ocrx_word' id='word_1_227' title='bbox 726 3155 935 3242; x_wconf 75' lang='lat' dir='ltr'>marilegium</span> <span class='ocrx_word' id='word_1_228' title='bbox 962 3177 1035 3219; x_wconf 89' lang='lat' dir='ltr'>cum</span> <span class='ocrx_word' id='word_1_229' title='bbox 1060 3153 1208 3241; x_wconf 90' lang='lat' dir='ltr'>predicta</span> 
     </span>
     <span class='ocr_line' id='line_1_28' title="bbox 103 3257 1204 3350; baseline -0.006 -23"><span class='ocrx_word' id='word_1_230' title='bbox 103 3264 266 3332; x_wconf 72' lang='lat' dir='ltr'>Elisabeth</span> <span class='ocrx_word' id='word_1_231' title='bbox 281 3265 353 3330; x_wconf 90' lang='lat' dir='ltr'>filia</span> <span class='ocrx_word' id='word_1_232' title='bbox 365 3287 425 3329; x_wconf 90' lang='lat' dir='ltr'>sua</span> <span class='ocrx_word' id='word_1_233' title='bbox 439 3285 537 3350; x_wconf 89' lang='lat' dir='ltr'>quam</span> <span class='ocrx_word' id='word_1_234' title='bbox 552 3261 622 3348; x_wconf 89' lang='lat' dir='ltr'>ipse</span> <span class='ocrx_word' id='word_1_235' title='bbox 642 3260 860 3346; x_wconf 87' lang='lat' dir='ltr'>desponsauit,</span> <span class='ocrx_word' id='word_1_236' title='bbox 875 3267 910 3325; x_wconf 92' lang='lat' dir='ltr'>et</span> <span class='ocrx_word' id='word_1_237' title='bbox 930 3267 1004 3346; x_wconf 89' lang='lat' dir='ltr'>post</span> <span class='ocrx_word' id='word_1_238' title='bbox 1024 3280 1098 3323; x_wconf 92' lang='lat' dir='ltr'>cum</span> <span class='ocrx_word' id='word_1_239' title='bbox 1118 3257 1204 3321; x_wconf 89' lang='lat' dir='ltr'>idem</span> 
     </span>
     <span class='ocr_line' id='line_1_29' title="bbox 103 3361 1339 3450; baseline -0.011 -14"><span class='ocrx_word' id='word_1_240' title='bbox 103 3367 271 3436; x_wconf 81' lang='lat' dir='ltr'>Gaufiidus</span> <span class='ocrx_word' id='word_1_241' title='bbox 285 3369 461 3435; x_wconf 87' lang='lat' dir='ltr'>defunctus</span> <span class='ocrx_word' id='word_1_242' title='bbox 473 3376 568 3444; x_wconf 87' lang='lat' dir='ltr'>esset,</span> <span class='ocrx_word' id='word_1_243' title='bbox 583 3365 677 3431; x_wconf 91' lang='lat' dir='ltr'>uenit</span> <span class='ocrx_word' id='word_1_244' title='bbox 698 3365 786 3430; x_wconf 90' lang='lat' dir='ltr'>idem</span> <span class='ocrx_word' id='word_1_245' title='bbox 801 3364 972 3450; x_wconf 91' lang='lat' dir='ltr'>Philippus</span> <span class='ocrx_word' id='word_1_246' title='bbox 986 3363 1026 3428; x_wconf 87' lang='lat' dir='ltr'>de</span> <span class='ocrx_word' id='word_1_247' title='bbox 1042 3361 1207 3426; x_wconf 88' lang='lat' dir='ltr'>Hulecota</span> <span class='ocrx_word' id='word_1_248' title='bbox 1335 3403 1339 3417; x_wconf 65' lang='grc'><em>«</em></span> 
     </span>
     <span class='ocr_line' id='line_1_30' title="bbox 101 3465 1205 3555; baseline -0.008 -19"><span class='ocrx_word' id='word_1_249' title='bbox 101 3472 132 3536; x_wconf 89' lang='lat' dir='ltr'>in</span> <span class='ocrx_word' id='word_1_250' title='bbox 144 3475 235 3540; x_wconf 88' lang='lat' dir='ltr'>cuius</span> <span class='ocrx_word' id='word_1_251' title='bbox 249 3473 376 3540; x_wconf 87' lang='lat' dir='ltr'>balliua</span> <span class='ocrx_word' id='word_1_252' title='bbox 389 3481 476 3537; x_wconf 86' lang='lat' dir='ltr'>terra</span> <span class='ocrx_word' id='word_1_253' title='bbox 489 3471 547 3536; x_wconf 89' lang='lat' dir='ltr'>illa</span> <span class='ocrx_word' id='word_1_254' title='bbox 560 3477 611 3535; x_wconf 88' lang='lat' dir='ltr'>cst</span> <span class='ocrx_word' id='word_1_255' title='bbox 625 3476 661 3534; x_wconf 88' lang='lat' dir='ltr'>et</span> <span class='ocrx_word' id='word_1_256' title='bbox 675 3468 762 3555; x_wconf 88' lang='lat' dir='ltr'>cepit</span> <span class='ocrx_word' id='word_1_257' title='bbox 777 3476 897 3532; x_wconf 87' lang='lat' dir='ltr'>terram</span> <span class='ocrx_word' id='word_1_258' title='bbox 918 3467 1006 3531; x_wconf 89' lang='lat' dir='ltr'>illam</span> <span class='ocrx_word' id='word_1_259' title='bbox 1021 3465 1056 3529; x_wconf 93' lang='lat' dir='ltr'>in</span> <span class='ocrx_word' id='word_1_260' title='bbox 1070 3486 1205 3528; x_wconf 90' lang='lat' dir='ltr'>manum</span> 
     </span>
     <span class='ocr_line' id='line_1_31' title="bbox 101 3567 1205 3664; baseline -0.007 -26"><span class='ocrx_word' id='word_1_261' title='bbox 101 3587 244 3654; x_wconf 75' lang='lat' dir='ltr'>suamet</span> <span class='ocrx_word' id='word_1_262' title='bbox 259 3576 408 3664; x_wconf 88' lang='lat' dir='ltr'>predicta</span> <span class='ocrx_word' id='word_1_263' title='bbox 429 3573 566 3639; x_wconf 86' lang='lat' dir='ltr'>Matillis</span> <span class='ocrx_word' id='word_1_264' title='bbox 585 3571 720 3637; x_wconf 87' lang='lat' dir='ltr'>accessit</span> <span class='ocrx_word' id='word_1_265' title='bbox 739 3570 781 3635; x_wconf 89' lang='lat' dir='ltr'>ad</span> <span class='ocrx_word' id='word_1_266' title='bbox 804 3593 880 3636; x_wconf 86' lang='lat' dir='ltr'>eum</span> <span class='ocrx_word' id='word_1_267' title='bbox 903 3577 937 3636; x_wconf 88' lang='lat' dir='ltr'>et</span> <span class='ocrx_word' id='word_1_268' title='bbox 959 3568 990 3633; x_wconf 91' lang='lat' dir='ltr'>ei</span> <span class='ocrx_word' id='word_1_269' title='bbox 1012 3567 1205 3632; x_wconf 87' lang='lat' dir='ltr'>monstrauit</span> 
     </span>
    </p>
   </div>
   <div class='ocr_carea' id='block_1_3' title="bbox 100 3666 1206 4075">
    <p class='ocr_par' dir='ltr' id='par_1_6' title="bbox 100 3666 1206 4075">
     <span class='ocr_line' id='line_1_32' title="bbox 102 3666 1206 3766; baseline -0.009 -25"><span class='ocrx_word' id='word_1_270' title='bbox 102 3679 180 3762; x_wconf 90' lang='lat' dir='ltr'>qnod</span> <span class='ocrx_word' id='word_1_271' title='bbox 206 3678 378 3766; x_wconf 86' lang='lat' dir='ltr'>predictus</span> <span class='ocrx_word' id='word_1_272' title='bbox 406 3674 582 3742; x_wconf 73' lang='lat' dir='ltr'>(laufridus</span> <span class='ocrx_word' id='word_1_273' title='bbox 611 3673 711 3739; x_wconf 86' lang='lat' dir='ltr'>nichil</span> <span class='ocrx_word' id='word_1_274' title='bbox 739 3672 857 3737; x_wconf 82' lang='lat' dir='ltr'>habuit</span> <span class='ocrx_word' id='word_1_275' title='bbox 885 3670 921 3735; x_wconf 90' lang='lat' dir='ltr'>in</span> <span class='ocrx_word' id='word_1_276' title='bbox 950 3678 1036 3734; x_wconf 88' lang='lat' dir='ltr'>terra</span> <span class='ocrx_word' id='word_1_277' title='bbox 1060 3667 1118 3732; x_wconf 92' lang='lat' dir='ltr'>illa</span> <span class='ocrx_word' id='word_1_278' title='bbox 1142 3666 1206 3733; x_wconf 88' lang='lat' dir='ltr'>nisi</span> 
     </span>
     <span class='ocr_line' id='line_1_33' title="bbox 101 3771 1205 3864; baseline -0.012 -15"><span class='ocrx_word' id='word_1_279' title='bbox 101 3783 219 3848; x_wconf 86' lang='lat' dir='ltr'>firmam</span> <span class='ocrx_word' id='word_1_280' title='bbox 242 3791 280 3848; x_wconf 92' lang='lat' dir='ltr'>et</span> <span class='ocrx_word' id='word_1_281' title='bbox 301 3782 344 3846; x_wconf 90' lang='lat' dir='ltr'>ad</span> <span class='ocrx_word' id='word_1_282' title='bbox 366 3780 544 3846; x_wconf 89' lang='lat' dir='ltr'>terminum</span> <span class='ocrx_word' id='word_1_283' title='bbox 567 3779 616 3843; x_wconf 89' lang='lat' dir='ltr'>ita</span> <span class='ocrx_word' id='word_1_284' title='bbox 636 3777 723 3864; x_wconf 92' lang='lat' dir='ltr'>quod</span> <span class='ocrx_word' id='word_1_285' title='bbox 746 3777 815 3863; x_wconf 88' lang='lat' dir='ltr'>ipse</span> <span class='ocrx_word' id='word_1_286' title='bbox 836 3774 978 3840; x_wconf 88' lang='lat' dir='ltr'>reddidit</span> <span class='ocrx_word' id='word_1_287' title='bbox 1001 3773 1032 3839; x_wconf 89' lang='lat' dir='ltr'>ei</span> <span class='ocrx_word' id='word_1_288' title='bbox 1054 3771 1205 3838; x_wconf 81' lang='lat' dir='ltr'>saisinam</span> 
     </span>
     <span class='ocr_line' id='line_1_34' title="bbox 100 3873 1205 3967; baseline -0.005 -21"><span class='ocrx_word' id='word_1_289' title='bbox 100 3905 194 3951; x_wconf 84' lang='lat' dir='ltr'>suam</span> <span class='ocrx_word' id='word_1_290' title='bbox 231 3883 483 3951; x_wconf 78' lang='lat' dir='ltr'>consideratum</span> <span class='ocrx_word' id='word_1_291' title='bbox 497 3888 548 3946; x_wconf 78' lang='lat' dir='ltr'>eat</span> <span class='ocrx_word' id='word_1_292' title='bbox 562 3881 648 3967; x_wconf 91' lang='lat' dir='ltr'>quod</span> <span class='ocrx_word' id='word_1_293' title='bbox 659 3879 843 3944; x_wconf 86' lang='lat' dir='ltr'>Willelmus</span> <span class='ocrx_word' id='word_1_294' title='bbox 854 3877 894 3942; x_wconf 90' lang='lat' dir='ltr'>dc</span> <span class='ocrx_word' id='word_1_295' title='bbox 906 3878 978 3942; x_wconf 89' lang='lat' dir='ltr'>Rue</span> <span class='ocrx_word' id='word_1_296' title='bbox 989 3884 1024 3941; x_wconf 89' lang='lat' dir='ltr'>et</span> <span class='ocrx_word' id='word_1_297' title='bbox 1036 3873 1205 3941; x_wconf 78' lang='lat' dir='ltr'>Elisabeth</span> 
     </span>
     <span class='ocr_line' id='line_1_35' title="bbox 101 3977 1205 4075; baseline -0.009 -23"><span class='ocrx_word' id='word_1_298' title='bbox 101 3995 371 4075; x_wconf 86' lang='lat' dir='ltr'>recuperauerunt</span> <span class='ocrx_word' id='word_1_299' title='bbox 407 3984 483 4051; x_wconf 91' lang='lat' dir='ltr'>inde</span> <span class='ocrx_word' id='word_1_300' title='bbox 519 3985 679 4063; x_wconf 78' lang='lat' dir='ltr'>saisinam,</span> <span class='ocrx_word' id='word_1_301' title='bbox 709 3992 744 4050; x_wconf 88' lang='lat' dir='ltr'>et</span> <span class='ocrx_word' id='word_1_302' title='bbox 773 3980 911 4069; x_wconf 88' lang='lat' dir='ltr'>predicti</span> <span class='ocrx_word' id='word_1_303' title='bbox 941 4001 1051 4045; x_wconf 89' lang='lat' dir='ltr'>omnes</span> <span class='ocrx_word' id='word_1_304' title='bbox 1081 3988 1141 4045; x_wconf 89' lang='lat' dir='ltr'>ete.</span> <span class='ocrx_word' id='word_1_305' title='bbox 1170 3977 1205 4042; x_wconf 91' lang='lat' dir='ltr'>in</span> 
     </span>
    </p>
   </div>
   <div class='ocr_carea' id='block_1_4' title="bbox 100 4090 340 4160">
    <p class='ocr_par' dir='ltr' id='par_1_7' title="bbox 100 4090 340 4160">
     <span class='ocr_line' id='line_1_36' title="bbox 100 4090 340 4160; baseline 0.008 -4"><span class='ocrx_word' id='word_1_306' title='bbox 100 4090 340 4160; x_wconf 85' lang='lat' dir='ltr'>miscricordia⁸.</span> 
     </span>
    </p>
   </div>
   <div class='ocr_carea' id='block_1_5' title="bbox 128 4258 1130 4455">
    <p class='ocr_par' dir='ltr' id='par_1_8' title="bbox 128 4258 1130 4455">
     <span class='ocr_line' id='line_1_37' title="bbox 130 4258 908 4325; baseline -0.005 -11"><span class='ocrx_word' id='word_1_307' title='bbox 130 4265 287 4325; x_wconf 73' lang='grc' dir='ltr'>1Δ.ιιι.28;</span> <span class='ocrx_word' id='word_1_308' title='bbox 302 4266 336 4318; x_wconf 89' lang='lat' dir='ltr'>B.</span> <span class='ocrx_word' id='word_1_309' title='bbox 349 4279 388 4314; x_wconf 90' lang='lat' dir='ltr'>m.</span> <span class='ocrx_word' id='word_1_310' title='bbox 400 4265 430 4315; x_wconf 85' lang='grc'>17</span> <span class='ocrx_word' id='word_1_311' title='bbox 442 4265 467 4315; x_wconf 87' lang='lat' dir='ltr'>b.</span> <span class='ocrx_word' id='word_1_312' title='bbox 707 4262 718 4293; x_wconf 84' lang='lat'><strong>⁴</strong></span> <span class='ocrx_word' id='word_1_313' title='bbox 736 4263 865 4322; x_wconf 69' lang='lat' dir='ltr'>(lotam,</span> <span class='ocrx_word' id='word_1_314' title='bbox 878 4258 908 4310; x_wconf 92' lang='grc' dir='ltr'>Β.</span> 
     </span>
     <span class='ocr_line' id='line_1_38' title="bbox 130 4321 1106 4393; baseline -0.012 -12"><span class='ocrx_word' id='word_1_315' title='bbox 130 4331 233 4381; x_wconf 64' lang='lat' dir='ltr'>lhlaud</span> <span class='ocrx_word' id='word_1_316' title='bbox 244 4329 497 4393; x_wconf 78' lang='lat' dir='ltr'>Oonyersandfonr</span> <span class='ocrx_word' id='word_1_317' title='bbox 507 4329 605 4380; x_wconf 84' lang='lat' dir='ltr'>others.</span> <span class='ocrx_word' id='word_1_318' title='bbox 707 4327 874 4385; x_wconf 57' lang='grc' dir='ltr'>Μοίσαισι,</span> <span class='ocrx_word' id='word_1_319' title='bbox 889 4323 925 4382; x_wconf 79' lang='grc' dir='ltr'>Δ;</span> <span class='ocrx_word' id='word_1_320' title='bbox 943 4321 1106 4379; x_wconf 76' lang='grc' dir='ltr'>θοίειιειι,Β.</span> 
     </span>
     <span class='ocr_line' id='line_1_39' title="bbox 128 4386 1130 4455; baseline -0.011 -9"><span class='ocrx_word' id='word_1_321' title='bbox 128 4397 141 4427; x_wconf 84' lang='lat'>³</span> <span class='ocrx_word' id='word_1_322' title='bbox 155 4395 342 4454; x_wconf 60' lang='lat' dir='ltr'>nitentum,</span> <span class='ocrx_word' id='word_1_323' title='bbox 354 4395 392 4455; x_wconf 76' lang='lat' dir='ltr'>s;</span> <span class='ocrx_word' id='word_1_324' title='bbox 409 4396 561 4454; x_wconf 60' lang='lat' dir='ltr'>nimiost.</span> <span class='ocrx_word' id='word_1_325' title='bbox 572 4395 603 4445; x_wconf 88' lang='lat' dir='ltr'>B.</span> <span class='ocrx_word' id='word_1_326' title='bbox 708 4393 720 4426; x_wconf 77' lang='lat'>⁸</span> <span class='ocrx_word' id='word_1_327' title='bbox 736 4393 874 4453; x_wconf 81' lang='lat' dir='ltr'>Damages,</span> <span class='ocrx_word' id='word_1_328' title='bbox 889 4389 937 4438; x_wconf 85' lang='lat' dir='ltr'>five</span> <span class='ocrx_word' id='word_1_329' title='bbox 948 4387 1044 4448; x_wconf 80' lang='lat' dir='ltr'>marks,</span> <span class='ocrx_word' id='word_1_330' title='bbox 1057 4388 1087 4445; x_wconf 83' lang='grc' dir='ltr'>Δ,</span> <span class='ocrx_word' id='word_1_331' title='bbox 1099 4386 1130 4435; x_wconf 90' lang='grc' dir='ltr'>Β.</span> 
     </span>
    </p>
   </div>
   <div class='ocr_carea' id='block_1_6' title="bbox 0 0 1588 5075">
    <p class='ocr_par' dir='ltr' id='par_1_9' title="bbox 0 0 1588 5075">
     <span class='ocr_line' id='line_1_40' title="bbox 0 0 1588 5075; baseline 0 3"><span class='ocrx_word' id='word_1_332' title='bbox 0 0 1588 5075; x_wconf 95' lang='lat' dir='ltr'> </span> 
     </span>
    </p>
   </div>
  </div>
 </body>
</html>
