3167 5075
431 434 497 486 nn.
520 419 680 500 lato-7,
701 435 765 486 aa
793 422 952 500 10-11.,
1171 417 1235 485 ott

127 605 182 670 aui
207 612 269 671 etc.
293 605 380 670 inter
404 605 568 692 Rogerum
591 615 719 692 patrem
741 606 844 693 ipsius
869 605 1005 672 Henrici
1027 604 1121 672 cuius
1143 604 1236 670 hereo

127 718 242 776 etant
267 709 465 775 Nicholaum
487 710 528 775 de
553 710 670 796 Berlay
692 719 820 797 patrem
841 709 943 797 ipsine
967 710 1124 775 willelmi
1144 709 1237 774 cuius

126 814 219 879 hereo
243 822 302 879 etc
327 814 368 879 do
390 836 562 879 commune
584 814 672 879 bosci
697 823 732 880 et
754 837 783 881 x.
804 837 866 880 acr.
888 823 974 880 terre
996 837 1071 878 cum
1093 823 1174 901 pert
1199 815 1235 880 in

126 915 251 1003 Berlay,
260 915 348 993 unde
363 916 598 1002 cyrographum
613 924 682 990 etc,
692 916 780 981 unde
795 916 883 981 idem
892 915 1078 980 Willelmus
1089 917 1237 1002 queritur

126 1019 211 1105 quod
235 1019 400 1105 predictus
424 1020 587 1084 Henricus
611 1029 724 1085 contra
743 1021 843 1086 finem
863 1019 958 1086 illum
972 1021 1147 1086 asomtauit
1161 1023 1236 1108 pluo

125 1145 224 1208 quam
248 1131 379 1188 centum
403 1146 492 1189 acras
515 1123 556 1189 de
580 1124 675 1189 bosco
700 1125 764 1202 illo,
788 1125 876 1190 unde
895 1146 961 1189 non
982 1125 1082 1189 habet
1105 1134 1234 1211 partem

124 1246 225 1289 suam
272 1224 316 1289 Et
348 1223 425 1289 inde
451 1225 573 1310 profert
602 1225 838 1312 cirographum,
864 1226 951 1312 quod
980 1234 1123 1292 testatur
1148 1226 1234 1314 quod

124 1327 271 1414 Rogerus
280 1336 374 1414 pater
385 1328 521 1395 Henrici
533 1329 694 1394 commisit
705 1328 851 1415 predicto
861 1329 1021 1394 Nicholao
1029 1352 1235 1396 communam

122 1431 158 1494 in
172 1431 268 1496 bosco
283 1432 347 1508 illo,
363 1431 463 1498 lunde
478 1455 544 1497 non
558 1431 659 1497 habet
673 1441 802 1518 partem
818 1433 936 1510 auam‘,
951 1441 986 1496 et
1000 1455 1030 1498 n
1045 1455 1135 1498 acras
1150 1442 1236 1499 terra

122 1542 194 1612 ete,
219 1535 268 1600 ita
291 1535 377 1621 quod
400 1535 428 1602 oi
451 1543 608 1600 essartare
634 1534 799 1599 noluerint
824 1557 1031 1600 communem
1055 1537 1236 1622 predictam

120 1741 295 1819 decimam,
321 1749 356 1806 et
380 1741 547 1827 predictus
570 1742 750 1808 Nicholaus
770 1743 905 1809 habebit
928 1745 1090 1809 estoueria
1111 1767 1172 1810 oua
1194 1744 1236 1810 ad

119 1846 303 1912 ardendum
318 1845 534 1912 claudendum
550 1855 585 1912 at
599 1847 824 1912 edificandum
868 1847 967 1914 Unde
982 1847 1164 1935 dicitquod
1178 1871 1237 1935 per

118 1951 181 2016 hoo
196 1951 285 2037 quod
300 1952 395 2016 uenit
409 1959 522 2017 contra
536 1951 636 2018 finem
651 1953 745 2017 illum
760 1951 977 2018 deterioratus
991 1961 1052 2018 etc.

185 2055 234 2120 Et
257 2053 420 2120 Henricua
443 2055 537 2120 uenit
557 2064 592 2120 et
612 2055 774 2142 cognoscit
792 2054 893 2119 finem
908 2061 944 2120 et
957 2053 1185 2142 cirographum
1201 2063 1235 2122 et

117 2158 203 2223 dicit
229 2157 317 2244 quod
340 2158 480 2223 libenter
503 2159 631 2223 tenebit
654 2158 753 2223 finem
776 2158 871 2224 illum
896 2181 957 2224 nec
981 2159 1017 2224 in
1043 2159 1111 2224 ullo
1140 2160 1236 2225 uenit

117 2272 236 2329 contra
246 2262 346 2328 finem
356 2261 460 2341 illum,
469 2266 503 2327 et
514 2261 678 2349 cognoscit
689 2261 775 2348 quod
786 2261 865 2326 fecit
873 2262 1056 2348 predictum
1066 2271 1234 2342 assartum,
1247 2270 1389 2366 Nfflffi‘,

117 2377 154 2432 et
169 2366 253 2433 dicit
269 2367 356 2452 quod
370 2367 458 2433 idem
473 2367 658 2433 Willelmus
677 2367 778 2432 habet
798 2366 885 2432 ultra
903 2376 1032 2454 partem
1050 2389 1145 2433 suam
1167 2369 1234 2434 fera
1246 2365 1389 2451 ,fflffl

115 2494 193 2538 m
226 2493 324 2549 acras,
354 2480 388 2537 et
417 2469 503 2557 petit
532 2469 691 2537 iudicium
720 2470 749 2534 ai
777 2470 896 2537 debeat
931 2471 1039 2538 eidem
1068 2459 1397 2545 willelmoflfflffi'

115 2577 315 2664 respondere
335 2577 462 2642 desicut
481 2576 605 2641 nullam
626 2583 748 2641 sectam
768 2576 926 2661 producit
971 2577 1015 2641 Et
1029 2598 1132 2663 quum
1145 2578 1233 2643 idem
1246 2533 1382 2638 mh?
1390 2629 1395 2638 .

114 2680 308 2746 Willelmus
330 2681 454 2746 nullam
476 2688 600 2745 sectam
623 2679 724 2745 habet
747 2700 807 2743 nec
830 2678 954 2765 aliquid
978 2680 1122 2747 ostendit
1147 2682 1234 2768 quod
1246 2646 1399 2733 mm

112 2783 286 2851 Hernicus
301 2784 429 2849 uenerit
449 2792 561 2849 contra
580 2783 688 2860 finem,
703 2782 943 2848 consideratum
963 2786 1121 2871 estquod
1143 2740 1394 2882 Hen-ffiffim

111 2888 205 2955 ricus
230 2896 285 2953 eat
308 2888 440 2975 quietus
462 2888 504 2953 de
527 2887 677 2973 dampno,
698 2896 733 2952 et
747 2887 933 2954 Willelmua
953 2889 989 2954 in
1009 2888 1234 2958 misericordia

112 2992 160 3059 Et
186 2992 269 3078 quia
288 2992 450 3059 Henricue
472 2992 636 3078 cognoscit
655 2992 763 3068 finem,
778 3001 970 3079 preceptum
985 3003 1036 3060 est
1050 2995 1235 3061 uicecomiti

110 3096 208 3181 quod
229 3095 265 3161 in
281 3096 413 3182 propria
430 3118 566 3181 persona
579 3116 640 3161 oua
653 3094 787 3160 accedat
802 3095 845 3162 ad
860 3096 979 3183 Berlay
994 3106 1029 3162 et
1047 3119 1107 3184 per
1125 3096 1234 3164 uisum

111 3200 277 3285 legalium
306 3200 476 3265 hominum
504 3199 546 3265 de
575 3199 704 3264 uisneto
732 3199 790 3264 illo
819 3199 918 3264 faciat
954 3201 1087 3287 utrique
1121 3224 1234 3267 eorum

108 3305 241 3371 habere
256 3312 381 3390 partem
398 3326 491 3371 suam
506 3303 591 3369 sicut
606 3303 725 3369 habere
737 3303 836 3369 debet
850 3304 1030 3370 secundum
1043 3312 1233 3389 proportum

109 3418 220 3475 carte.

61 3570 67 3583 .
180 3514 354 3578 Waltorue
376 3512 418 3579 de
441 3511 622 3578 Mikelfeud
648 3511 734 3597 petit
759 3532 874 3577 uersus
899 3510 1103 3575 Willalmum
1128 3510 1233 3577 filium

108 3616 273 3684 Gaufn'di
300 3617 332 3702 ij.
363 3617 471 3682 bouet
502 3624 588 3682 terre
617 3624 653 3682 et
681 3616 736 3703 xij.
767 3638 828 3681 acr.
858 3623 944 3679 terre
980 3634 1055 3679 oum
1086 3620 1170 3699 pert
1198 3614 1234 3679 in

106 3721 304 3787 Mikelfeud
319 3730 358 3787 ut
373 3720 425 3788 ius
439 3744 544 3799 suurn,
560 3730 594 3787 et
608 3721 644 3786 in
659 3742 739 3807 quaa
758 3743 826 3785 non
845 3718 946 3785 habet
967 3719 1148 3805 ingrannum
1170 3719 1234 3785 niai

106 3848 172 3911 per
199 3824 357 3891 Swanum
380 3824 422 3889 de
446 3823 581 3888 Kerinol
605 3822 659 3888 cui
683 3822 849 3889 Galfridus
871 3821 913 3886 de
935 3820 1118 3885 Mikelfeud
1140 3829 1236 3907 pater

106 3928 223 4015 ipsius
237 3928 289 3993 W.
301 3928 394 3993 cuiue
409 3928 502 3993 heres
516 3927 586 4013 ipse
601 3934 651 3992 est
668 3934 729 3993 etc.
741 3926 773 3992 ei
787 3926 913 3991 dimisit
927 3924 970 3991 ad
984 3925 1162 3990 terminum
1176 3925 1235 4011 qui

107 4031 281 4119 preteriit
1355 4110 1359 4123 Ι

181 4135 233 4199 Et
247 4133 432 4200 Willelmus
446 4134 541 4199 uenit
556 4142 590 4199 et
604 4131 751 4199 defendit
769 4132 823 4197 ius
841 4154 938 4197 auum
953 4139 988 4197 et
1001 4130 1183 4219 ingrannum
1199 4141 1235 4198 et

106 4236 208 4327 quod
225 4258 395 4325 nunquam
411 4236 528 4304 habuit
542 4236 725 4325 ingressum
739 4260 799 4324 per
819 4236 973 4302 Swanum
993 4235 1093 4301 immo
1114 4236 1233 4303 habuit

142 4407 188 4443 1·¹
208 4405 341 4471 Probably
352 4405 407 4459 thia
418 4406 513 4459 should
529 4407 561 4458 bo
576 4406 652 4458 omit·
703 4406 841 4468 melosaly
851 4404 979 4469 repeated

105 4475 174 4535 teth
208 4470 235 4523 it
250 4486 341 4523 occure
357 4472 438 4526 abore
454 4471 507 4525 oud
522 4470 572 4525 hae
588 4472 653 4524 baon
738 4470 980 4535 *Supplyucm
