<?xml version="1.0" encoding="UTF-8"?>
<!DOCTYPE html PUBLIC "-//W3C//DTD XHTML 1.0 Transitional//EN"
    "http://www.w3.org/TR/xhtml1/DTD/xhtml1-transitional.dtd">
<html xmlns="http://www.w3.org/1999/xhtml" xml:lang="en" lang="en">
 <head>
  <title>
</title>
<meta http-equiv="Content-Type" content="text/html;charset=utf-8" />
  <meta name='ocr-system' content='tesseract 3.04.00' />
  <meta name='ocr-capabilities' content='ocr_page ocr_carea ocr_par ocr_line ocrx_word'/>
</head>
<body>
  <div class='ocr_page' id='page_1' title='image "bractonsnoteboo03maitgoog_0184.png"; bbox 0 0 3167 5075; ppageno 0'>
   <div class='ocr_carea' id='block_1_1' title="bbox 312 372 1197 447">
    <p class='ocr_par' dir='ltr' id='par_1_1' title="bbox 312 372 1197 447">
     <span class='ocr_line' id='line_1_1' title="bbox 312 372 1197 447; baseline -0.001 -10"><span class='ocrx_word' id='word_1_1' title='bbox 312 372 377 441; x_wconf 79' lang='lat'>1⁷0</span> <span class='ocrx_word' id='word_1_2' title='bbox 527 386 645 437; x_wconf 78' lang='lat' dir='ltr'>corun</span> <span class='ocrx_word' id='word_1_3' title='bbox 667 386 765 447; x_wconf 84' lang='lat' dir='ltr'>enen,</span> <span class='ocrx_word' id='word_1_4' title='bbox 786 386 851 436; x_wconf 77' lang='lat' dir='ltr'>an.</span> <span class='ocrx_word' id='word_1_5' title='bbox 877 373 1037 447; x_wconf 79' lang='grc'><strong>1235-6,</strong></span> <span class='ocrx_word' id='word_1_6' title='bbox 1059 387 1122 437; x_wconf 76' lang='lat' dir='ltr'>aa</span> <span class='ocrx_word' id='word_1_7' title='bbox 1146 372 1197 436; x_wconf 78' lang='lat'>20.</span> 
     </span>
    </p>
   </div>
   <div class='ocr_carea' id='block_1_2' title="bbox 178 559 1555 1359">
    <p class='ocr_par' dir='ltr' id='par_1_2' title="bbox 178 559 1555 1359">
     <span class='ocr_line' id='line_1_2' title="bbox 178 559 1418 647; baseline 0.003 -24"><span class='ocrx_word' id='word_1_8' title='bbox 178 561 269 623; x_wconf 88' lang='lat'>1151.</span> <span class='ocrx_word' id='word_1_9' title='bbox 375 559 559 626; x_wconf 89' lang='lat' dir='ltr'>Willelmus</span> <span class='ocrx_word' id='word_1_10' title='bbox 573 560 615 625; x_wconf 90' lang='lat' dir='ltr'>de</span> <span class='ocrx_word' id='word_1_11' title='bbox 629 559 820 626; x_wconf 86' lang='lat' dir='ltr'>Walebreus</span> <span class='ocrx_word' id='word_1_12' title='bbox 841 562 1059 627; x_wconf 76' lang='lat' dir='ltr'><strong>summonitus</strong></span> <span class='ocrx_word' id='word_1_13' title='bbox 1081 561 1146 626; x_wconf 87' lang='lat' dir='ltr'>fuit</span> <span class='ocrx_word' id='word_1_14' title='bbox 1165 560 1207 627; x_wconf 86' lang='lat' dir='ltr'>ad</span> <span class='ocrx_word' id='word_1_15' title='bbox 1220 561 1418 647; x_wconf 90' lang='lat' dir='ltr'>responden-</span> 
     </span>
     <span class='ocr_line' id='line_1_3' title="bbox 188 656 1418 752; baseline 0.002 -21"><span class='ocrx_word' id='word_1_16' title='bbox 188 656 249 695; x_wconf 53' lang='grc' dir='ltr'>σθω·</span> <span class='ocrx_word' id='word_1_17' title='bbox 308 666 388 731; x_wconf 90' lang='lat' dir='ltr'>dum</span> <span class='ocrx_word' id='word_1_18' title='bbox 418 664 571 731; x_wconf 86' lang='lat' dir='ltr'>Michaeli</span> <span class='ocrx_word' id='word_1_19' title='bbox 598 664 665 730; x_wconf 88' lang='lat' dir='ltr'>filio</span> <span class='ocrx_word' id='word_1_20' title='bbox 695 664 827 730; x_wconf 86' lang='lat' dir='ltr'>Radulfi</span> <span class='ocrx_word' id='word_1_21' title='bbox 852 672 888 731; x_wconf 92' lang='lat' dir='ltr'>et</span> <span class='ocrx_word' id='word_1_22' title='bbox 916 665 1076 731; x_wconf 87' lang='lat' dir='ltr'>Katerine</span> <span class='ocrx_word' id='word_1_23' title='bbox 1100 666 1194 730; x_wconf 85' lang='lat' dir='ltr'>uxori</span> <span class='ocrx_word' id='word_1_24' title='bbox 1219 665 1290 730; x_wconf 86' lang='lat' dir='ltr'>eius</span> <span class='ocrx_word' id='word_1_25' title='bbox 1315 688 1418 752; x_wconf 86' lang='lat' dir='ltr'>quare</span> 
     </span>
     <span class='ocr_line' id='line_1_4' title="bbox 309 769 1554 872; baseline 0.001 -37"><span class='ocrx_word' id='word_1_26' title='bbox 309 769 463 836; x_wconf 82' lang='lat' dir='ltr'>deforciat</span> <span class='ocrx_word' id='word_1_27' title='bbox 478 770 525 835; x_wconf 93' lang='lat' dir='ltr'>eis</span> <span class='ocrx_word' id='word_1_28' title='bbox 539 769 726 835; x_wconf 86' lang='lat' dir='ltr'>Ysobellem</span> <span class='ocrx_word' id='word_1_29' title='bbox 740 769 842 835; x_wconf 82' lang='lat' dir='ltr'>filiam</span> <span class='ocrx_word' id='word_1_30' title='bbox 857 778 892 836; x_wconf 91' lang='lat' dir='ltr'>et</span> <span class='ocrx_word' id='word_1_31' title='bbox 906 770 1058 835; x_wconf 87' lang='lat' dir='ltr'>heredem</span> <span class='ocrx_word' id='word_1_32' title='bbox 1073 769 1205 835; x_wconf 88' lang='lat' dir='ltr'>Radulfi</span> <span class='ocrx_word' id='word_1_33' title='bbox 1219 770 1260 836; x_wconf 93' lang='lat' dir='ltr'>de</span> <span class='ocrx_word' id='word_1_34' title='bbox 1274 771 1418 857; x_wconf 82' lang='lat' dir='ltr'>Tykam·</span> <span class='ocrx_word' id='word_1_35' title='bbox 1550 777 1554 872; x_wconf 64' lang='grc' dir='ltr'>Ι</span> 
     </span>
     <span class='ocr_line' id='line_1_5' title="bbox 307 874 1555 963; baseline -0.001 -23"><span class='ocrx_word' id='word_1_36' title='bbox 307 874 426 941; x_wconf 85' lang='lat' dir='ltr'>breche</span> <span class='ocrx_word' id='word_1_37' title='bbox 449 875 541 941; x_wconf 91' lang='lat' dir='ltr'>cuius</span> <span class='ocrx_word' id='word_1_38' title='bbox 564 874 712 940; x_wconf 87' lang='lat' dir='ltr'>custodie</span> <span class='ocrx_word' id='word_1_39' title='bbox 732 874 774 941; x_wconf 86' lang='lat' dir='ltr'>sd</span> <span class='ocrx_word' id='word_1_40' title='bbox 796 874 887 939; x_wconf 93' lang='lat' dir='ltr'>eum¹</span> <span class='ocrx_word' id='word_1_41' title='bbox 909 874 1053 960; x_wconf 76' lang='lat' dir='ltr'>pertinet</span> <span class='ocrx_word' id='word_1_42' title='bbox 1076 896 1115 939; x_wconf 91' lang='lat' dir='ltr'>eo</span> <span class='ocrx_word' id='word_1_43' title='bbox 1138 874 1225 960; x_wconf 93' lang='lat' dir='ltr'>quod</span> <span class='ocrx_word' id='word_1_44' title='bbox 1250 874 1419 960; x_wconf 89' lang='lat' dir='ltr'>predictus</span> <span class='ocrx_word' id='word_1_45' title='bbox 1551 897 1555 963; x_wconf 59' lang='lat' dir='ltr'>g</span> 
     </span>
     <span class='ocr_line' id='line_1_6' title="bbox 308 977 1418 1066; baseline 0 -22"><span class='ocrx_word' id='word_1_46' title='bbox 308 980 468 1045; x_wconf 79' lang='lat' dir='ltr'>Redulfus</span> <span class='ocrx_word' id='word_1_47' title='bbox 489 988 609 1046; x_wconf 84' lang='lat' dir='ltr'>terram</span> <span class='ocrx_word' id='word_1_48' title='bbox 631 1002 724 1045; x_wconf 86' lang='lat' dir='ltr'>suem</span> <span class='ocrx_word' id='word_1_49' title='bbox 746 980 856 1045; x_wconf 90' lang='lat' dir='ltr'>tenuit</span> <span class='ocrx_word' id='word_1_50' title='bbox 874 980 916 1046; x_wconf 91' lang='lat' dir='ltr'>de</span> <span class='ocrx_word' id='word_1_51' title='bbox 935 979 998 1045; x_wconf 87' lang='lat' dir='ltr'>eis¹</span> <span class='ocrx_word' id='word_1_52' title='bbox 1012 1001 1071 1066; x_wconf 90' lang='lat' dir='ltr'>per</span> <span class='ocrx_word' id='word_1_53' title='bbox 1084 978 1259 1045; x_wconf 86' lang='lat' dir='ltr'>seruicium</span> <span class='ocrx_word' id='word_1_54' title='bbox 1273 977 1418 1044; x_wconf 86' lang='lat' dir='ltr'>militare</span> 
     </span>
     <span class='ocr_line' id='line_1_7' title="bbox 308 1092 368 1151; baseline 0 0"><span class='ocrx_word' id='word_1_55' title='bbox 308 1092 368 1151; x_wconf 88' lang='lat' dir='ltr'>etc.</span> 
     </span>
     <span class='ocr_line' id='line_1_8' title="bbox 373 1186 1417 1275; baseline -0.001 -22"><span class='ocrx_word' id='word_1_56' title='bbox 373 1190 418 1253; x_wconf 88' lang='lat' dir='ltr'>Et</span> <span class='ocrx_word' id='word_1_57' title='bbox 433 1188 616 1254; x_wconf 89' lang='lat' dir='ltr'>Willelmus</span> <span class='ocrx_word' id='word_1_58' title='bbox 630 1210 689 1275; x_wconf 89' lang='lat' dir='ltr'>per</span> <span class='ocrx_word' id='word_1_59' title='bbox 707 1195 911 1254; x_wconf 87' lang='lat' dir='ltr'>attornatum</span> <span class='ocrx_word' id='word_1_60' title='bbox 932 1210 1029 1253; x_wconf 87' lang='lat' dir='ltr'>suum</span> <span class='ocrx_word' id='word_1_61' title='bbox 1051 1187 1145 1253; x_wconf 88' lang='lat' dir='ltr'>uenit</span> <span class='ocrx_word' id='word_1_62' title='bbox 1166 1195 1202 1253; x_wconf 93' lang='lat' dir='ltr'>et</span> <span class='ocrx_word' id='word_1_63' title='bbox 1223 1186 1305 1253; x_wconf 88' lang='lat' dir='ltr'>dicit</span> <span class='ocrx_word' id='word_1_64' title='bbox 1327 1186 1417 1273; x_wconf 93' lang='lat' dir='ltr'>quod</span> 
     </span>
     <span class='ocr_line' id='line_1_9' title="bbox 306 1291 1418 1359; baseline -0.001 -2"><span class='ocrx_word' id='word_1_65' title='bbox 306 1314 373 1358; x_wconf 91' lang='lat' dir='ltr'>non</span> <span class='ocrx_word' id='word_1_66' title='bbox 394 1292 495 1358; x_wconf 86' lang='lat' dir='ltr'>habet</span> <span class='ocrx_word' id='word_1_67' title='bbox 515 1292 605 1357; x_wconf 91' lang='lat' dir='ltr'>illam</span> <span class='ocrx_word' id='word_1_68' title='bbox 629 1292 815 1358; x_wconf 89' lang='lat' dir='ltr'>Ysobellam</span> <span class='ocrx_word' id='word_1_69' title='bbox 836 1314 897 1359; x_wconf 89' lang='lat' dir='ltr'>nec</span> <span class='ocrx_word' id='word_1_70' title='bbox 918 1291 1036 1359; x_wconf 77' lang='lat' dir='ltr'>hebuit</span> <span class='ocrx_word' id='word_1_71' title='bbox 1056 1314 1117 1358; x_wconf 89' lang='lat' dir='ltr'>nec</span> <span class='ocrx_word' id='word_1_72' title='bbox 1138 1293 1200 1359; x_wconf 92' lang='lat' dir='ltr'>scit</span> <span class='ocrx_word' id='word_1_73' title='bbox 1219 1292 1278 1357; x_wconf 91' lang='lat' dir='ltr'>ubi</span> <span class='ocrx_word' id='word_1_74' title='bbox 1291 1292 1352 1357; x_wconf 88' lang='lat' dir='ltr'>illa</span> <span class='ocrx_word' id='word_1_75' title='bbox 1365 1301 1418 1357; x_wconf 87' lang='lat' dir='ltr'>est</span> 
     </span>
    </p>
   </div>
   <div class='ocr_carea' id='block_1_3' title="bbox 306 1396 1418 1586">
    <p class='ocr_par' dir='ltr' id='par_1_3' title="bbox 306 1396 1418 1586">
     <span class='ocr_line' id='line_1_10' title="bbox 306 1396 732 1484; baseline -0.002 -20"><span class='ocrx_word' id='word_1_76' title='bbox 306 1421 366 1464; x_wconf 90' lang='lat' dir='ltr'>nec</span> <span class='ocrx_word' id='word_1_77' title='bbox 380 1405 488 1484; x_wconf 84' lang='lat' dir='ltr'>potest</span> <span class='ocrx_word' id='word_1_78' title='bbox 504 1419 575 1463; x_wconf 88' lang='lat' dir='ltr'>eam</span> <span class='ocrx_word' id='word_1_79' title='bbox 590 1396 732 1464; x_wconf 85' lang='lat' dir='ltr'>reddere.</span> 
     </span>
     <span class='ocr_line' id='line_1_11' title="bbox 373 1498 1418 1586; baseline -0.004 -19"><span class='ocrx_word' id='word_1_80' title='bbox 373 1502 417 1567; x_wconf 84' lang='lat' dir='ltr'>Et</span> <span class='ocrx_word' id='word_1_81' title='bbox 432 1500 600 1567; x_wconf 75' lang='lat' dir='ltr'>Michaelis</span> <span class='ocrx_word' id='word_1_82' title='bbox 615 1507 650 1565; x_wconf 90' lang='lat' dir='ltr'>et</span> <span class='ocrx_word' id='word_1_83' title='bbox 671 1500 831 1565; x_wconf 87' lang='lat' dir='ltr'>Katerina</span> <span class='ocrx_word' id='word_1_84' title='bbox 852 1521 911 1586; x_wconf 90' lang='lat' dir='ltr'>per</span> <span class='ocrx_word' id='word_1_85' title='bbox 931 1507 1134 1565; x_wconf 85' lang='lat' dir='ltr'>attornatum</span> <span class='ocrx_word' id='word_1_86' title='bbox 1155 1520 1251 1563; x_wconf 90' lang='lat' dir='ltr'>suum</span> <span class='ocrx_word' id='word_1_87' title='bbox 1273 1498 1418 1563; x_wconf 89' lang='lat' dir='ltr'>ueniunt</span> 
     </span>
    </p>
   </div>
   <div class='ocr_carea' id='block_1_4' title="bbox 166 1604 1559 4100">
    <p class='ocr_par' dir='ltr' id='par_1_4' title="bbox 166 1604 1559 4100">
     <span class='ocr_line' id='line_1_12' title="bbox 306 1604 1418 1693; baseline -0.004 -20"><span class='ocrx_word' id='word_1_88' title='bbox 306 1615 341 1673; x_wconf 87' lang='lat' dir='ltr'>et</span> <span class='ocrx_word' id='word_1_89' title='bbox 355 1606 469 1673; x_wconf 91' lang='lat' dir='ltr'>dicunt</span> <span class='ocrx_word' id='word_1_90' title='bbox 483 1604 570 1693; x_wconf 91' lang='lat' dir='ltr'>quod</span> <span class='ocrx_word' id='word_1_91' title='bbox 584 1606 672 1671; x_wconf 89' lang='lat' dir='ltr'>idem</span> <span class='ocrx_word' id='word_1_92' title='bbox 687 1605 871 1671; x_wconf 92' lang='lat' dir='ltr'>Willelmus</span> <span class='ocrx_word' id='word_1_93' title='bbox 884 1605 975 1671; x_wconf 81' lang='lat' dir='ltr'>illam</span> <span class='ocrx_word' id='word_1_94' title='bbox 995 1604 1112 1670; x_wconf 90' lang='lat' dir='ltr'>habuit</span> <span class='ocrx_word' id='word_1_95' title='bbox 1131 1604 1166 1669; x_wconf 89' lang='lat' dir='ltr'>in</span> <span class='ocrx_word' id='word_1_96' title='bbox 1185 1604 1335 1670; x_wconf 85' lang='lat' dir='ltr'>custodia</span> <span class='ocrx_word' id='word_1_97' title='bbox 1355 1627 1418 1670; x_wconf 88' lang='lat' dir='ltr'>sua</span> 
     </span>
     <span class='ocr_line' id='line_1_13' title="bbox 306 1708 1416 1798; baseline -0.002 -22"><span class='ocrx_word' id='word_1_98' title='bbox 306 1718 532 1798; x_wconf 87' lang='lat' dir='ltr'>postmortem</span> <span class='ocrx_word' id='word_1_99' title='bbox 547 1709 678 1775; x_wconf 87' lang='lat' dir='ltr'>Radulfi</span> <span class='ocrx_word' id='word_1_100' title='bbox 698 1710 801 1797; x_wconf 86' lang='lat' dir='ltr'>patris</span> <span class='ocrx_word' id='word_1_101' title='bbox 820 1710 922 1798; x_wconf 90' lang='lat' dir='ltr'>ipsius</span> <span class='ocrx_word' id='word_1_102' title='bbox 939 1709 1092 1776; x_wconf 86' lang='lat' dir='ltr'>Ysobelle</span> <span class='ocrx_word' id='word_1_103' title='bbox 1106 1717 1142 1775; x_wconf 89' lang='lat' dir='ltr'>et</span> <span class='ocrx_word' id='word_1_104' title='bbox 1155 1708 1233 1774; x_wconf 90' lang='lat' dir='ltr'>inde</span> <span class='ocrx_word' id='word_1_105' title='bbox 1247 1708 1416 1795; x_wconf 73' lang='lat' dir='ltr'>producit·</span> 
     </span>
     <span class='ocr_line' id='line_1_14' title="bbox 306 1812 1351 1899; baseline -0.003 -18"><span class='ocrx_word' id='word_1_106' title='bbox 306 1824 428 1881; x_wconf 87' lang='lat' dir='ltr'>sectam</span> <span class='ocrx_word' id='word_1_107' title='bbox 443 1822 477 1880; x_wconf 89' lang='lat' dir='ltr'>et</span> <span class='ocrx_word' id='word_1_108' title='bbox 492 1812 720 1879; x_wconf 79' lang='lat' dir='ltr'>nichilominus</span> <span class='ocrx_word' id='word_1_109' title='bbox 735 1812 828 1899; x_wconf 91' lang='lat' dir='ltr'>ponit</span> <span class='ocrx_word' id='word_1_110' title='bbox 842 1835 877 1878; x_wconf 88' lang='lat' dir='ltr'>se</span> <span class='ocrx_word' id='word_1_111' title='bbox 891 1812 968 1878; x_wconf 89' lang='lat' dir='ltr'>inde</span> <span class='ocrx_word' id='word_1_112' title='bbox 982 1834 1081 1899; x_wconf 90' lang='lat' dir='ltr'>super</span> <span class='ocrx_word' id='word_1_113' title='bbox 1094 1812 1351 1899; x_wconf 82' lang='lat' dir='ltr'>inquisicionem</span> 
     </span>
     <span class='ocr_line' id='line_1_15' title="bbox 372 1914 1417 2003; baseline -0.001 -22"><span class='ocrx_word' id='word_1_114' title='bbox 372 1918 416 1981; x_wconf 88' lang='lat' dir='ltr'>Et</span> <span class='ocrx_word' id='word_1_115' title='bbox 430 1915 614 1982; x_wconf 90' lang='lat' dir='ltr'>Willelmus</span> <span class='ocrx_word' id='word_1_116' title='bbox 636 1938 695 2003; x_wconf 89' lang='lat' dir='ltr'>per</span> <span class='ocrx_word' id='word_1_117' title='bbox 714 1923 918 1982; x_wconf 85' lang='lat' dir='ltr'>attornstum</span> <span class='ocrx_word' id='word_1_118' title='bbox 939 1937 1035 1981; x_wconf 92' lang='lat' dir='ltr'>suum</span> <span class='ocrx_word' id='word_1_119' title='bbox 1057 1914 1151 1981; x_wconf 91' lang='lat' dir='ltr'>uenit</span> <span class='ocrx_word' id='word_1_120' title='bbox 1170 1924 1206 1981; x_wconf 89' lang='lat' dir='ltr'>et</span> <span class='ocrx_word' id='word_1_121' title='bbox 1225 1915 1286 1981; x_wconf 95' lang='lat' dir='ltr'>hoc</span> <span class='ocrx_word' id='word_1_122' title='bbox 1305 1922 1417 1980; x_wconf 85' lang='lat' dir='ltr'>totum</span> 
     </span>
     <span class='ocr_line' id='line_1_16' title="bbox 307 2018 1417 2105; baseline -0.001 -19"><span class='ocrx_word' id='word_1_123' title='bbox 307 2018 454 2086; x_wconf 85' lang='lat' dir='ltr'>defendit</span> <span class='ocrx_word' id='word_1_124' title='bbox 474 2019 561 2105; x_wconf 92' lang='lat' dir='ltr'>quod</span> <span class='ocrx_word' id='word_1_125' title='bbox 582 2019 673 2085; x_wconf 86' lang='lat' dir='ltr'>illam</span> <span class='ocrx_word' id='word_1_126' title='bbox 695 2042 761 2086; x_wconf 89' lang='lat' dir='ltr'>non</span> <span class='ocrx_word' id='word_1_127' title='bbox 782 2019 883 2085; x_wconf 87' lang='lat' dir='ltr'>habet</span> <span class='ocrx_word' id='word_1_128' title='bbox 902 2042 962 2085; x_wconf 90' lang='lat' dir='ltr'>neo</span> <span class='ocrx_word' id='word_1_129' title='bbox 982 2019 1106 2086; x_wconf 88' lang='lat' dir='ltr'>habuit</span> <span class='ocrx_word' id='word_1_130' title='bbox 1152 2020 1196 2085; x_wconf 85' lang='lat' dir='ltr'>Et</span> <span class='ocrx_word' id='word_1_131' title='bbox 1212 2019 1286 2086; x_wconf 91' lang='lat' dir='ltr'>ideo</span> <span class='ocrx_word' id='word_1_132' title='bbox 1300 2019 1417 2085; x_wconf 85' lang='lat' dir='ltr'>uadiat</span> 
     </span>
     <span class='ocr_line' id='line_1_17' title="bbox 307 2123 1418 2213; baseline 0 -23"><span class='ocrx_word' id='word_1_133' title='bbox 307 2125 413 2213; x_wconf 87' lang='lat' dir='ltr'>legem</span> <span class='ocrx_word' id='word_1_134' title='bbox 428 2147 463 2191; x_wconf 88' lang='lat' dir='ltr'>se</span> <span class='ocrx_word' id='word_1_135' title='bbox 477 2124 531 2211; x_wconf 86' lang='lat' dir='ltr'>xij.</span> <span class='ocrx_word' id='word_1_136' title='bbox 548 2146 647 2190; x_wconf 86' lang='lat' dir='ltr'>manu</span> <span class='ocrx_word' id='word_1_137' title='bbox 663 2132 697 2190; x_wconf 91' lang='lat' dir='ltr'>et</span> <span class='ocrx_word' id='word_1_138' title='bbox 712 2124 826 2190; x_wconf 88' lang='lat' dir='ltr'>ueniat</span> <span class='ocrx_word' id='word_1_139' title='bbox 845 2146 920 2190; x_wconf 88' lang='lat' dir='ltr'>cum</span> <span class='ocrx_word' id='word_1_140' title='bbox 941 2124 1013 2211; x_wconf 86' lang='lat' dir='ltr'>lege</span> <span class='ocrx_word' id='word_1_141' title='bbox 1035 2124 1095 2190; x_wconf 87' lang='lat' dir='ltr'>tuli</span> <span class='ocrx_word' id='word_1_142' title='bbox 1116 2123 1170 2189; x_wconf 89' lang='lat' dir='ltr'>die</span> <span class='ocrx_word' id='word_1_143' title='bbox 1192 2131 1251 2190; x_wconf 80' lang='lat' dir='ltr'>etc</span> <span class='ocrx_word' id='word_1_144' title='bbox 1297 2124 1418 2191; x_wconf 86' lang='lat' dir='ltr'>Postea</span> 
     </span>
     <span class='ocr_line' id='line_1_18' title="bbox 306 2228 895 2295; baseline -0.003 0"><span class='ocrx_word' id='word_1_145' title='bbox 306 2228 490 2295; x_wconf 86' lang='lat' dir='ltr'>concordati</span> <span class='ocrx_word' id='word_1_146' title='bbox 504 2237 583 2294; x_wconf 92' lang='lat' dir='ltr'>sunt</span> <span class='ocrx_word' id='word_1_147' title='bbox 596 2250 671 2294; x_wconf 90' lang='lat' dir='ltr'>cum</span> <span class='ocrx_word' id='word_1_148' title='bbox 686 2228 821 2294; x_wconf 78' lang='lat' dir='ltr'>licencia</span> <span class='ocrx_word' id='word_1_149' title='bbox 835 2236 895 2294; x_wconf 83' lang='lat' dir='ltr'>etc</span> 
     </span>
     <span class='ocr_line' id='line_1_19' title="bbox 372 2332 1417 2422; baseline 0.002 -25"><span class='ocrx_word' id='word_1_150' title='bbox 372 2332 530 2398; x_wconf 88' lang='lat' dir='ltr'>Ricerdus</span> <span class='ocrx_word' id='word_1_151' title='bbox 558 2332 600 2398; x_wconf 90' lang='lat' dir='ltr'>de</span> <span class='ocrx_word' id='word_1_152' title='bbox 630 2332 763 2399; x_wconf 84' lang='lat' dir='ltr'>Olifford</span> <span class='ocrx_word' id='word_1_153' title='bbox 793 2333 880 2419; x_wconf 89' lang='lat' dir='ltr'>petit</span> <span class='ocrx_word' id='word_1_154' title='bbox 909 2354 1022 2400; x_wconf 86' lang='lat' dir='ltr'>uersus</span> <span class='ocrx_word' id='word_1_155' title='bbox 1052 2333 1186 2399; x_wconf 93' lang='lat' dir='ltr'>Petrum</span> <span class='ocrx_word' id='word_1_156' title='bbox 1216 2334 1246 2399; x_wconf 89' lang='lat' dir='ltr'>le</span> <span class='ocrx_word' id='word_1_157' title='bbox 1276 2334 1417 2422; x_wconf 84' lang='lat' dir='ltr'>Burgeis</span> 
     </span>
     <span class='ocr_line' id='line_1_20' title="bbox 213 2437 1416 2527; baseline 0.002 -24"><span class='ocrx_word' id='word_1_158' title='bbox 213 2452 257 2483; x_wconf 74' lang='lat'>⁰⁰⁰·</span> <span class='ocrx_word' id='word_1_159' title='bbox 307 2459 406 2503; x_wconf 85' lang='lat' dir='ltr'>unam</span> <span class='ocrx_word' id='word_1_160' title='bbox 420 2437 583 2524; x_wconf 82' lang='lat' dir='ltr'>uirgatam</span> <span class='ocrx_word' id='word_1_161' title='bbox 598 2444 683 2503; x_wconf 89' lang='lat' dir='ltr'>terre</span> <span class='ocrx_word' id='word_1_162' title='bbox 698 2460 772 2503; x_wconf 91' lang='lat' dir='ltr'>cum</span> <span class='ocrx_word' id='word_1_163' title='bbox 787 2446 869 2524; x_wconf 90' lang='lat' dir='ltr'>pert.</span> <span class='ocrx_word' id='word_1_164' title='bbox 884 2438 920 2504; x_wconf 91' lang='lat' dir='ltr'>in</span> <span class='ocrx_word' id='word_1_165' title='bbox 934 2438 1135 2524; x_wconf 83' lang='lat' dir='ltr'>Framptone</span> <span class='ocrx_word' id='word_1_166' title='bbox 1148 2461 1247 2525; x_wconf 83' lang='lat' dir='ltr'>quam</span> <span class='ocrx_word' id='word_1_167' title='bbox 1265 2439 1416 2527; x_wconf 84' lang='lat' dir='ltr'>Rogems</span> 
     </span>
     <span class='ocr_line' id='line_1_21' title="bbox 306 2541 1417 2631; baseline 0.004 -24"><span class='ocrx_word' id='word_1_168' title='bbox 306 2541 347 2608; x_wconf 91' lang='lat' dir='ltr'>de</span> <span class='ocrx_word' id='word_1_169' title='bbox 367 2543 566 2628; x_wconf 86' lang='lat' dir='ltr'>Framptona</span> <span class='ocrx_word' id='word_1_170' title='bbox 586 2542 719 2608; x_wconf 89' lang='lat' dir='ltr'>clericus</span> <span class='ocrx_word' id='word_1_171' title='bbox 741 2543 851 2609; x_wconf 88' lang='lat' dir='ltr'>tenuit</span> <span class='ocrx_word' id='word_1_172' title='bbox 871 2543 913 2610; x_wconf 91' lang='lat' dir='ltr'>de</span> <span class='ocrx_word' id='word_1_173' title='bbox 936 2543 1074 2610; x_wconf 86' lang='lat' dir='ltr'>Rioardo</span> <span class='ocrx_word' id='word_1_174' title='bbox 1097 2543 1139 2609; x_wconf 93' lang='lat' dir='ltr'>de</span> <span class='ocrx_word' id='word_1_175' title='bbox 1163 2543 1298 2611; x_wconf 81' lang='lat' dir='ltr'>Olifford</span> <span class='ocrx_word' id='word_1_176' title='bbox 1322 2555 1417 2631; x_wconf 86' lang='lat' dir='ltr'>patre</span> 
     </span>
     <span class='ocr_line' id='line_1_22' title="bbox 306 2644 1417 2735; baseline 0.005 -24"><span class='ocrx_word' id='word_1_177' title='bbox 306 2644 444 2733; x_wconf 76' lang='lat' dir='ltr'>predicti</span> <span class='ocrx_word' id='word_1_178' title='bbox 465 2645 597 2712; x_wconf 86' lang='lat' dir='ltr'>Ricardi</span> <span class='ocrx_word' id='word_1_179' title='bbox 618 2647 710 2713; x_wconf 90' lang='lat' dir='ltr'>cuius</span> <span class='ocrx_word' id='word_1_180' title='bbox 732 2647 826 2713; x_wconf 88' lang='lat' dir='ltr'>heres</span> <span class='ocrx_word' id='word_1_181' title='bbox 845 2647 914 2735; x_wconf 90' lang='lat' dir='ltr'>ipse</span> <span class='ocrx_word' id='word_1_182' title='bbox 934 2656 986 2713; x_wconf 92' lang='lat' dir='ltr'>est</span> <span class='ocrx_word' id='word_1_183' title='bbox 999 2655 1035 2714; x_wconf 89' lang='lat' dir='ltr'>et</span> <span class='ocrx_word' id='word_1_184' title='bbox 1048 2646 1164 2713; x_wconf 85' lang='lat' dir='ltr'>debuit</span> <span class='ocrx_word' id='word_1_185' title='bbox 1179 2669 1248 2713; x_wconf 89' lang='lat' dir='ltr'>esse</span> <span class='ocrx_word' id='word_1_186' title='bbox 1262 2649 1417 2716; x_wconf 75' lang='lat' dir='ltr'>eschaeta</span> 
     </span>
     <span class='ocr_line' id='line_1_23' title="bbox 307 2750 1416 2840; baseline 0.004 -24"><span class='ocrx_word' id='word_1_187' title='bbox 307 2773 366 2816; x_wconf 90' lang='lat' dir='ltr'>sua</span> <span class='ocrx_word' id='word_1_188' title='bbox 380 2771 418 2816; x_wconf 90' lang='lat' dir='ltr'>eo</span> <span class='ocrx_word' id='word_1_189' title='bbox 432 2750 520 2836; x_wconf 92' lang='lat' dir='ltr'>quod</span> <span class='ocrx_word' id='word_1_190' title='bbox 533 2750 621 2817; x_wconf 90' lang='lat' dir='ltr'>idem</span> <span class='ocrx_word' id='word_1_191' title='bbox 636 2751 783 2840; x_wconf 86' lang='lat' dir='ltr'>Rogerus</span> <span class='ocrx_word' id='word_1_192' title='bbox 797 2752 969 2820; x_wconf 73' lang='lat' dir='ltr'>bastardus</span> <span class='ocrx_word' id='word_1_193' title='bbox 983 2753 1048 2818; x_wconf 82' lang='lat' dir='ltr'>fuit</span> <span class='ocrx_word' id='word_1_194' title='bbox 1062 2761 1097 2818; x_wconf 92' lang='lat' dir='ltr'>et</span> <span class='ocrx_word' id='word_1_195' title='bbox 1111 2752 1193 2819; x_wconf 91' lang='lat' dir='ltr'>obiit</span> <span class='ocrx_word' id='word_1_196' title='bbox 1206 2753 1278 2818; x_wconf 90' lang='lat' dir='ltr'>sine</span> <span class='ocrx_word' id='word_1_197' title='bbox 1295 2752 1416 2820; x_wconf 84' lang='lat' dir='ltr'>herede</span> 
     </span>
     <span class='ocr_line' id='line_1_24' title="bbox 306 2854 1414 2924; baseline 0.004 -4"><span class='ocrx_word' id='word_1_198' title='bbox 306 2854 348 2920; x_wconf 92' lang='lat' dir='ltr'>de</span> <span class='ocrx_word' id='word_1_199' title='bbox 367 2876 401 2920; x_wconf 90' lang='lat' dir='ltr'>se</span> <span class='ocrx_word' id='word_1_200' title='bbox 422 2863 481 2920; x_wconf 87' lang='lat' dir='ltr'>etc</span> <span class='ocrx_word' id='word_1_201' title='bbox 528 2855 571 2920; x_wconf 85' lang='lat' dir='ltr'>Et</span> <span class='ocrx_word' id='word_1_202' title='bbox 593 2855 710 2921; x_wconf 88' lang='lat' dir='ltr'>Petrus</span> <span class='ocrx_word' id='word_1_203' title='bbox 731 2855 812 2922; x_wconf 89' lang='lat' dir='ltr'>alias</span> <span class='ocrx_word' id='word_1_204' title='bbox 833 2857 928 2922; x_wconf 90' lang='lat' dir='ltr'>uenit</span> <span class='ocrx_word' id='word_1_205' title='bbox 950 2863 984 2922; x_wconf 89' lang='lat' dir='ltr'>et</span> <span class='ocrx_word' id='word_1_206' title='bbox 1009 2856 1142 2921; x_wconf 80' lang='lat' dir='ltr'>uocauit</span> <span class='ocrx_word' id='word_1_207' title='bbox 1167 2855 1209 2922; x_wconf 86' lang='lat' dir='ltr'>ad</span> <span class='ocrx_word' id='word_1_208' title='bbox 1232 2866 1414 2924; x_wconf 79' lang='lat' dir='ltr'>warantum</span> 
     </span>
     <span class='ocr_line' id='line_1_25' title="bbox 307 2957 1415 3028; baseline 0.004 -4"><span class='ocrx_word' id='word_1_209' title='bbox 307 2957 471 3024; x_wconf 87' lang='lat' dir='ltr'>Abhetem</span> <span class='ocrx_word' id='word_1_210' title='bbox 486 2958 527 3024; x_wconf 92' lang='lat' dir='ltr'>de</span> <span class='ocrx_word' id='word_1_211' title='bbox 542 2957 745 3025; x_wconf 82' lang='lat' dir='ltr'>Gloucestria</span> <span class='ocrx_word' id='word_1_212' title='bbox 759 2967 795 3025; x_wconf 91' lang='lat' dir='ltr'>et</span> <span class='ocrx_word' id='word_1_213' title='bbox 808 2959 926 3025; x_wconf 87' lang='lat' dir='ltr'>hebuit</span> <span class='ocrx_word' id='word_1_214' title='bbox 940 2959 1028 3024; x_wconf 91' lang='lat' dir='ltr'>diem</span> <span class='ocrx_word' id='word_1_215' title='bbox 1045 2957 1087 3024; x_wconf 90' lang='lat' dir='ltr'>de</span> <span class='ocrx_word' id='word_1_216' title='bbox 1107 2958 1256 3025; x_wconf 90' lang='lat' dir='ltr'>habendo</span> <span class='ocrx_word' id='word_1_217' title='bbox 1270 2972 1415 3028; x_wconf 80' lang='lat' dir='ltr'>waranto</span> 
     </span>
     <span class='ocr_line' id='line_1_26' title="bbox 307 3062 1415 3150; baseline 0.002 -20"><span class='ocrx_word' id='word_1_218' title='bbox 307 3086 371 3130; x_wconf 90' lang='lat' dir='ltr'>suo.</span> <span class='ocrx_word' id='word_1_219' title='bbox 417 3062 471 3129; x_wconf 88' lang='lat' dir='ltr'>Ad</span> <span class='ocrx_word' id='word_1_220' title='bbox 485 3085 583 3150; x_wconf 89' lang='lat' dir='ltr'>quem</span> <span class='ocrx_word' id='word_1_221' title='bbox 598 3063 685 3130; x_wconf 89' lang='lat' dir='ltr'>diem</span> <span class='ocrx_word' id='word_1_222' title='bbox 705 3087 765 3131; x_wconf 92' lang='lat' dir='ltr'>nec</span> <span class='ocrx_word' id='word_1_223' title='bbox 785 3064 880 3131; x_wconf 89' lang='lat' dir='ltr'>uenit</span> <span class='ocrx_word' id='word_1_224' title='bbox 900 3087 962 3130; x_wconf 91' lang='lat' dir='ltr'>nec</span> <span class='ocrx_word' id='word_1_225' title='bbox 975 3071 1156 3130; x_wconf 82' lang='lat' dir='ltr'>warantum</span> <span class='ocrx_word' id='word_1_226' title='bbox 1177 3085 1275 3130; x_wconf 85' lang='lat' dir='ltr'>suum</span> <span class='ocrx_word' id='word_1_227' title='bbox 1297 3065 1415 3132; x_wconf 92' lang='lat' dir='ltr'>habuit</span> 
     </span>
     <span class='ocr_line' id='line_1_27' title="bbox 306 3167 1413 3256; baseline 0.003 -22"><span class='ocrx_word' id='word_1_228' title='bbox 306 3169 355 3236; x_wconf 85' lang='lat' dir='ltr'>ita</span> <span class='ocrx_word' id='word_1_229' title='bbox 376 3167 462 3254; x_wconf 93' lang='lat' dir='ltr'>quod</span> <span class='ocrx_word' id='word_1_230' title='bbox 483 3191 542 3256; x_wconf 90' lang='lat' dir='ltr'>per</span> <span class='ocrx_word' id='word_1_231' title='bbox 562 3167 719 3235; x_wconf 90' lang='lat' dir='ltr'>iudicium</span> <span class='ocrx_word' id='word_1_232' title='bbox 742 3167 831 3235; x_wconf 87' lang='lat' dir='ltr'>curie</span> <span class='ocrx_word' id='word_1_233' title='bbox 852 3175 949 3254; x_wconf 87' lang='lat' dir='ltr'>capte</span> <span class='ocrx_word' id='word_1_234' title='bbox 970 3168 1035 3233; x_wconf 87' lang='lat' dir='ltr'>fuit</span> <span class='ocrx_word' id='word_1_235' title='bbox 1054 3177 1142 3235; x_wconf 81' lang='lat' dir='ltr'>terra</span> <span class='ocrx_word' id='word_1_236' title='bbox 1157 3169 1215 3234; x_wconf 88' lang='lat' dir='ltr'>illa</span> <span class='ocrx_word' id='word_1_237' title='bbox 1227 3169 1263 3235; x_wconf 91' lang='lat' dir='ltr'>in</span> <span class='ocrx_word' id='word_1_238' title='bbox 1278 3193 1413 3237; x_wconf 89' lang='lat' dir='ltr'>manum</span> 
     </span>
     <span class='ocr_line' id='line_1_28' title="bbox 307 3270 1414 3360; baseline 0.002 -22"><span class='ocrx_word' id='word_1_239' title='bbox 307 3273 400 3338; x_wconf 91' lang='lat' dir='ltr'>Dom.</span> <span class='ocrx_word' id='word_1_240' title='bbox 416 3273 526 3360; x_wconf 82' lang='lat' dir='ltr'>Regis,</span> <span class='ocrx_word' id='word_1_241' title='bbox 542 3272 594 3338; x_wconf 89' lang='lat' dir='ltr'>et⁴</span> <span class='ocrx_word' id='word_1_242' title='bbox 608 3271 695 3359; x_wconf 93' lang='lat' dir='ltr'>quod</span> <span class='ocrx_word' id='word_1_243' title='bbox 709 3272 778 3359; x_wconf 88' lang='lat' dir='ltr'>ipse</span> <span class='ocrx_word' id='word_1_244' title='bbox 793 3271 952 3338; x_wconf 87' lang='lat' dir='ltr'>summon’</span> <span class='ocrx_word' id='word_1_245' title='bbox 966 3271 1008 3338; x_wconf 86' lang='lat' dir='ltr'>ad</span> <span class='ocrx_word' id='word_1_246' title='bbox 1023 3272 1111 3338; x_wconf 91' lang='lat' dir='ltr'>hunc</span> <span class='ocrx_word' id='word_1_247' title='bbox 1130 3270 1216 3338; x_wconf 90' lang='lat' dir='ltr'>diem</span> <span class='ocrx_word' id='word_1_248' title='bbox 1239 3273 1414 3340; x_wconf 79' lang='lat' dir='ltr'>auditurus</span> 
     </span>
     <span class='ocr_line' id='line_1_29' title="bbox 305 3373 1061 3442; baseline 0.003 -2"><span class='ocrx_word' id='word_1_249' title='bbox 305 3373 462 3442; x_wconf 91' lang='lat' dir='ltr'>iudicium</span> <span class='ocrx_word' id='word_1_250' title='bbox 477 3397 573 3441; x_wconf 89' lang='lat' dir='ltr'>suum</span> <span class='ocrx_word' id='word_1_251' title='bbox 589 3383 648 3441; x_wconf 93' lang='lat' dir='ltr'>etc.</span> <span class='ocrx_word' id='word_1_252' title='bbox 1055 3411 1061 3426; x_wconf 89' lang='lat'><strong>·</strong></span> 
     </span>
     <span class='ocr_line' id='line_1_30' title="bbox 175 3476 1412 3565; baseline 0.002 -21"><span class='ocrx_word' id='word_1_253' title='bbox 175 3489 267 3554; x_wconf 81' lang='grc'><strong>1153,</strong></span> <span class='ocrx_word' id='word_1_254' title='bbox 370 3479 482 3544; x_wconf 86' lang='lat' dir='ltr'>Assisa</span> <span class='ocrx_word' id='word_1_255' title='bbox 503 3478 596 3544; x_wconf 92' lang='lat' dir='ltr'>uenit</span> <span class='ocrx_word' id='word_1_256' title='bbox 617 3476 824 3565; x_wconf 77' lang='lat' dir='ltr'>recognitum</span> <span class='ocrx_word' id='word_1_257' title='bbox 841 3477 870 3542; x_wconf 92' lang='lat' dir='ltr'>si</span> <span class='ocrx_word' id='word_1_258' title='bbox 888 3476 1054 3543; x_wconf 89' lang='lat' dir='ltr'>Walterus</span> <span class='ocrx_word' id='word_1_259' title='bbox 1077 3477 1255 3565; x_wconf 85' lang='lat' dir='ltr'>Episcopus</span> <span class='ocrx_word' id='word_1_260' title='bbox 1277 3480 1412 3547; x_wconf 78' lang='lat' dir='ltr'>Karleo</span> 
     </span>
     <span class='ocr_line' id='line_1_31' title="bbox 166 3578 1412 3651; baseline 0.006 -7"><span class='ocrx_word' id='word_1_261' title='bbox 166 3587 269 3628; x_wconf 52' lang='grc' dir='ltr'>ΟΜΝ·</span> <span class='ocrx_word' id='word_1_262' title='bbox 305 3580 402 3647; x_wconf 91' lang='lat' dir='ltr'>lensis</span> <span class='ocrx_word' id='word_1_263' title='bbox 424 3589 459 3646; x_wconf 92' lang='lat' dir='ltr'>et</span> <span class='ocrx_word' id='word_1_264' title='bbox 480 3579 641 3646; x_wconf 86' lang='lat' dir='ltr'>Radulfus</span> <span class='ocrx_word' id='word_1_265' title='bbox 662 3578 754 3644; x_wconf 88' lang='lat' dir='ltr'>Prior</span> <span class='ocrx_word' id='word_1_266' title='bbox 775 3578 994 3644; x_wconf 87' lang='lat' dir='ltr'>Karleolensis</span> <span class='ocrx_word' id='word_1_267' title='bbox 1013 3579 1135 3645; x_wconf 90' lang='lat' dir='ltr'>iniuste</span> <span class='ocrx_word' id='word_1_268' title='bbox 1153 3589 1212 3646; x_wconf 86' lang='lat' dir='ltr'>etc</span> <span class='ocrx_word' id='word_1_269' title='bbox 1228 3581 1412 3651; x_wconf 82' lang='lat' dir='ltr'>disseisiue·</span> 
     </span>
     <span class='ocr_line' id='line_1_32' title="bbox 304 3683 1410 3755; baseline 0.005 -5"><span class='ocrx_word' id='word_1_270' title='bbox 304 3693 382 3751; x_wconf 89' lang='lat' dir='ltr'>runt</span> <span class='ocrx_word' id='word_1_271' title='bbox 397 3685 477 3750; x_wconf 87' lang='lat' dir='ltr'>Rad&#39;</span> <span class='ocrx_word' id='word_1_272' title='bbox 492 3685 533 3751; x_wconf 87' lang='lat' dir='ltr'>de</span> <span class='ocrx_word' id='word_1_273' title='bbox 548 3683 714 3749; x_wconf 84' lang='lat' dir='ltr'>Duffeldia</span> <span class='ocrx_word' id='word_1_274' title='bbox 728 3691 762 3748; x_wconf 91' lang='lat' dir='ltr'>et</span> <span class='ocrx_word' id='word_1_275' title='bbox 778 3683 928 3748; x_wconf 86' lang='lat' dir='ltr'>Emmam</span> <span class='ocrx_word' id='word_1_276' title='bbox 942 3705 1076 3749; x_wconf 88' lang='lat' dir='ltr'>uxorem</span> <span class='ocrx_word' id='word_1_277' title='bbox 1091 3685 1218 3752; x_wconf 89' lang='lat' dir='ltr'>eiusde</span> <span class='ocrx_word' id='word_1_278' title='bbox 1238 3687 1341 3754; x_wconf 90' lang='lat' dir='ltr'>libero</span> <span class='ocrx_word' id='word_1_279' title='bbox 1363 3698 1410 3755; x_wconf 88' lang='lat' dir='ltr'>te-</span> 
     </span>
     <span class='ocr_line' id='line_1_33' title="bbox 305 3787 1040 3876; baseline 0.001 -20"><span class='ocrx_word' id='word_1_280' title='bbox 305 3798 458 3857; x_wconf 88' lang='lat' dir='ltr'>nemento</span> <span class='ocrx_word' id='word_1_281' title='bbox 472 3811 531 3855; x_wconf 90' lang='lat' dir='ltr'>suo</span> <span class='ocrx_word' id='word_1_282' title='bbox 545 3797 606 3855; x_wconf 92' lang='lat' dir='ltr'>etc.</span> <span class='ocrx_word' id='word_1_283' title='bbox 620 3789 655 3853; x_wconf 93' lang='lat' dir='ltr'>in</span> <span class='ocrx_word' id='word_1_284' title='bbox 672 3787 876 3876; x_wconf 84' lang='lat' dir='ltr'>Seburgham</span> <span class='ocrx_word' id='word_1_285' title='bbox 890 3798 965 3876; x_wconf 89' lang='lat' dir='ltr'>post</span> <span class='ocrx_word' id='word_1_286' title='bbox 980 3797 1040 3857; x_wconf 80' lang='lat' dir='ltr'>etc</span> 
     </span>
     <span class='ocr_line' id='line_1_34' title="bbox 371 3890 1413 3986; baseline 0.005 -27"><span class='ocrx_word' id='word_1_287' title='bbox 371 3894 415 3959; x_wconf 85' lang='lat' dir='ltr'>Et</span> <span class='ocrx_word' id='word_1_288' title='bbox 449 3892 611 3959; x_wconf 85' lang='lat' dir='ltr'>Robertus</span> <span class='ocrx_word' id='word_1_289' title='bbox 646 3890 687 3956; x_wconf 94' lang='lat' dir='ltr'>de</span> <span class='ocrx_word' id='word_1_290' title='bbox 715 3891 897 3959; x_wconf 85' lang='lat' dir='ltr'>Aluertona</span> <span class='ocrx_word' id='word_1_291' title='bbox 925 3893 1060 3960; x_wconf 87' lang='lat' dir='ltr'>clericus</span> <span class='ocrx_word' id='word_1_292' title='bbox 1089 3894 1231 3962; x_wconf 85' lang='lat' dir='ltr'>balliuua</span> <span class='ocrx_word' id='word_1_293' title='bbox 1260 3897 1413 3986; x_wconf 88' lang='lat' dir='ltr'>Episcopi</span> 
     </span>
     <span class='ocr_line' id='line_1_35' title="bbox 305 3997 1559 4100; baseline 0.003 -34"><span class='ocrx_word' id='word_1_294' title='bbox 305 4000 398 4066; x_wconf 89' lang='lat' dir='ltr'>uenit</span> <span class='ocrx_word' id='word_1_295' title='bbox 417 4021 475 4086; x_wconf 88' lang='lat' dir='ltr'>pro</span> <span class='ocrx_word' id='word_1_296' title='bbox 494 4020 533 4064; x_wconf 91' lang='lat' dir='ltr'>eo</span> <span class='ocrx_word' id='word_1_297' title='bbox 555 4005 590 4064; x_wconf 91' lang='lat' dir='ltr'>et</span> <span class='ocrx_word' id='word_1_298' title='bbox 610 3997 701 4064; x_wconf 87' lang='lat' dir='ltr'>Prior</span> <span class='ocrx_word' id='word_1_299' title='bbox 722 3997 873 4065; x_wconf 89' lang='lat' dir='ltr'>similiter</span> <span class='ocrx_word' id='word_1_300' title='bbox 893 3999 987 4064; x_wconf 91' lang='lat' dir='ltr'>uenit</span> <span class='ocrx_word' id='word_1_301' title='bbox 1009 4007 1045 4064; x_wconf 93' lang='lat' dir='ltr'>et</span> <span class='ocrx_word' id='word_1_302' title='bbox 1065 3999 1180 4066; x_wconf 86' lang='lat' dir='ltr'>dieunt</span> <span class='ocrx_word' id='word_1_303' title='bbox 1201 4003 1289 4087; x_wconf 92' lang='lat' dir='ltr'>quod</span> <span class='ocrx_word' id='word_1_304' title='bbox 1312 4004 1414 4070; x_wconf 83' lang='lat' dir='ltr'>assisa</span> <span class='ocrx_word' id='word_1_305' title='bbox 1558 4041 1559 4100; x_wconf 28' lang='lat' dir='ltr'>p</span> 
     </span>
    </p>
   </div>
   <div class='ocr_carea' id='block_1_5' title="bbox 401 4241 1412 4501">
    <p class='ocr_par' dir='ltr' id='par_1_5' title="bbox 401 4241 1412 4501">
     <span class='ocr_line' id='line_1_36' title="bbox 880 4241 1412 4370; baseline 0.006 -13"><span class='ocrx_word' id='word_1_306' title='bbox 880 4241 1070 4370; x_wconf 53' lang='lat' dir='ltr'>hki&#39;nrosssry</span> <span class='ocrx_word' id='word_1_307' title='bbox 1090 4305 1146 4356; x_wconf 75' lang='lat' dir='ltr'>ae</span> <span class='ocrx_word' id='word_1_308' title='bbox 1163 4305 1258 4356; x_wconf 75' lang='lat' dir='ltr'>mous</span> <span class='ocrx_word' id='word_1_309' title='bbox 1281 4307 1314 4358; x_wconf 73' lang='lat' dir='ltr'>se</span> <span class='ocrx_word' id='word_1_310' title='bbox 1336 4311 1412 4360; x_wconf 77' lang='lat' dir='ltr'>cum-</span> 
     </span>
     <span class='ocr_line' id='line_1_37' title="bbox 881 4370 1411 4439; baseline -0.013 -16"><span class='ocrx_word' id='word_1_311' title='bbox 881 4371 996 4430; x_wconf 81' lang='lat' dir='ltr'>berland.</span> <span class='ocrx_word' id='word_1_312' title='bbox 1008 4371 1037 4421; x_wconf 90' lang='lat' dir='ltr'>in</span> <span class='ocrx_word' id='word_1_313' title='bbox 1048 4370 1133 4421; x_wconf 80' lang='lat' dir='ltr'>which</span> <span class='ocrx_word' id='word_1_314' title='bbox 1149 4373 1247 4435; x_wconf 80' lang='lat' dir='ltr'>ecunty</span> <span class='ocrx_word' id='word_1_315' title='bbox 1264 4371 1287 4422; x_wconf 81' lang='lat' dir='ltr'>is</span> <span class='ocrx_word' id='word_1_316' title='bbox 1307 4373 1411 4439; x_wconf 58' lang='lat' dir='ltr'>seburg.</span> 
     </span>
     <span class='ocr_line' id='line_1_38' title="bbox 401 4433 952 4501; baseline 0.007 -17"><span class='ocrx_word' id='word_1_317' title='bbox 401 4433 463 4498; x_wconf 77' lang='lat' dir='ltr'>pply</span> <span class='ocrx_word' id='word_1_318' title='bbox 475 4435 658 4486; x_wconf 64' lang='grc' dir='ltr'>ωπείἀενατιιω</span> <span class='ocrx_word' id='word_1_319' title='bbox 669 4438 725 4501; x_wconf 71' lang='lat' dir='ltr'>salt</span> <span class='ocrx_word' id='word_1_320' title='bbox 740 4451 770 4486; x_wconf 89' lang='lat' dir='ltr'>or</span> <span class='ocrx_word' id='word_1_321' title='bbox 785 4436 830 4487; x_wconf 86' lang='lat' dir='ltr'>the</span> <span class='ocrx_word' id='word_1_322' title='bbox 880 4437 952 4488; x_wconf 84' lang='lat' dir='ltr'>hum.</span> 
     </span>
    </p>
   </div>
   <div class='ocr_carea' id='block_1_6' title="bbox 337 4237 417 4485">
    <p class='ocr_par' dir='ltr' id='par_1_6' title="bbox 337 4237 417 4485">
     <span class='ocr_line' id='line_1_39' title="bbox 337 4237 415 4289; baseline 0 0"><span class='ocrx_word' id='word_1_323' title='bbox 337 4237 345 4270; x_wconf 93' lang='lat'>¹</span> <span class='ocrx_word' id='word_1_324' title='bbox 364 4237 415 4289; x_wconf 84' lang='lat' dir='ltr'>Sic.</span> 
     </span>
     <span class='ocr_line' id='line_1_40' title="bbox 337 4303 416 4353; baseline 0 0"><span class='ocrx_word' id='word_1_325' title='bbox 337 4303 348 4334; x_wconf 82' lang='lat'>²</span> <span class='ocrx_word' id='word_1_326' title='bbox 365 4303 416 4353; x_wconf 80' lang='lat' dir='ltr'>Sic.</span> 
     </span>
     <span class='ocr_line' id='line_1_41' title="bbox 338 4368 417 4420; baseline -0.051 0"><span class='ocrx_word' id='word_1_327' title='bbox 338 4368 348 4400; x_wconf 79' lang='lat'>⁸</span> <span class='ocrx_word' id='word_1_328' title='bbox 366 4369 417 4420; x_wconf 85' lang='lat' dir='ltr'>Sic.</span> 
     </span>
     <span class='ocr_line' id='line_1_42' title="bbox 337 4434 402 4485; baseline -0.031 0"><span class='ocrx_word' id='word_1_329' title='bbox 337 4435 347 4467; x_wconf 82' lang='lat'><strong>⁴</strong></span> <span class='ocrx_word' id='word_1_330' title='bbox 365 4434 402 4485; x_wconf 80' lang='lat' dir='ltr'>Su</span> 
     </span>
    </p>
   </div>
   <div class='ocr_carea' id='block_1_7' title="bbox 0 0 1588 5075">
    <p class='ocr_par' dir='ltr' id='par_1_7' title="bbox 0 0 1588 5075">
     <span class='ocr_line' id='line_1_43' title="bbox 0 0 1588 5075; baseline 0 0"><span class='ocrx_word' id='word_1_331' title='bbox 0 0 1588 5075; x_wconf 95' lang='lat' dir='ltr'> </span> 
     </span>
    </p>
   </div>
  </div>
 </body>
</html>
