3167 5075
372 392 435 460 276
589 402 707 459 consu
728 402 828 471 anon,
849 402 914 456 an.
938 392 1097 469 1238-9,
1118 406 1183 457 nu
1201 393 1258 458 23.

371 577 489 644 sibiet
510 577 683 645 heredibus
705 579 771 645 suis
791 578 833 644 de
854 578 933 665 ipsis
952 578 1105 646 Johanne
1127 588 1162 645 et
1180 580 1288 645 Alicio
1309 590 1345 646 et
1364 602 1459 646 eorum

372 682 546 748 heredibus
561 683 662 749 libere
677 692 712 749 et
726 684 855 771 integre
869 684 905 749 in
923 689 1128 771 perpetuum,
1143 684 1308 751 reddendo
1326 684 1398 750 inde
1413 707 1460 771 per

372 806 494 853 annum
524 806 553 853 v.
581 787 637 852 sol.
664 808 722 872 pro
747 785 837 850 omni
861 786 998 851 semicio
1022 786 1113 851 saluo
1136 786 1300 864 forinseco,
1320 788 1369 853 its
1387 787 1458 875 quod

373 889 516 957 reddidit
537 890 584 957 eis
605 891 771 957 redditum
793 876 886 955 illum
908 890 1010 955 donec
1031 912 1090 977 per
1107 891 1194 977 ipsos
1209 892 1390 979 assignatus
1408 893 1459 957 fuit

373 994 519 1062 Waltero
541 996 581 1061 de
602 996 800 1061 Bannebiria
819 995 861 1061 ad
883 995 1047 1060 redditum
1066 995 1162 1060 illum
1180 994 1384 1061 reddendum
1422 996 1459 1059 Et

373 1098 512 1184 predicti
533 1099 691 1164 iuratores
709 1099 829 1185 quesiti
849 1098 877 1163 si
896 1106 986 1163 certa
1006 1098 1064 1163 illa
1083 1120 1164 1163 uere
1184 1098 1236 1174 sit,
1256 1098 1368 1163 dicunt
1387 1096 1458 1184 quod

374 1201 429 1280 sic,
443 1212 478 1268 et
492 1204 625 1290 quidam
644 1226 754 1269 eorum
769 1204 988 1269 interfuerunt
1001 1202 1060 1267 ubi
1074 1212 1164 1267 cama
1181 1202 1240 1266 illa
1253 1202 1339 1267 lecta
1356 1202 1414 1267 fuit
1431 1201 1460 1265 in

374 1306 470 1391 pleno
491 1307 658 1385 comitatu,
672 1315 707 1372 et
726 1306 813 1393 quod
833 1306 920 1371 idem
943 1306 1056 1371 Simon
1078 1326 1137 1391 per
1156 1314 1281 1370 cartam
1302 1305 1390 1370 illam
1408 1304 1462 1368 fuit

374 1410 524 1476 feoffatus
540 1412 579 1477 de
595 1420 682 1477 terra
695 1412 759 1475 illa
806 1410 850 1475 Et
865 1410 937 1475 ideo
958 1409 1027 1496 ipse
1050 1408 1163 1474 Simon
1182 1407 1259 1473 iude
1278 1410 1349 1475 sine
1368 1409 1417 1474 die
1434 1416 1463 1472 et

375 1513 501 1579 dictum
513 1524 562 1579 est
574 1515 718 1602 predicte
731 1516 845 1579 Emme
860 1514 947 1601 quod
957 1513 1020 1579 sibi
1034 1500 1111 1578 inde
1125 1513 1293 1599 perquirat
1306 1535 1365 1599 per
1377 1513 1464 1578 breue

375 1616 416 1683 de
431 1618 650 1683 conuincendo
665 1619 737 1684 illos
750 1640 810 1705 per
823 1617 924 1703 xxiiij.
938 1617 966 1681 si
981 1616 1122 1682 uoluerit
1136 1616 1191 1682 uel
1206 1617 1270 1681 alio
1284 1616 1400 1683 modo¹.

440 1720 546 1787 Alicia
557 1722 597 1786 de
612 1722 740 1787 Russolr
754 1721 840 1807 petit
854 1742 967 1786 uersus
982 1720 1162 1785 Gslfridum
1178 1721 1335 1807 Esturmy
1345 1721 1467 1786 terciam

303 1840 335 1871 ¹¹³⁴
375 1831 501 1912 partem
513 1825 650 1891 manerii
661 1824 702 1891 de
718 1824 845 1889 Russolr
859 1846 933 1889 cum
945 1833 1026 1909 pert
1042 1832 1082 1888 ut
1096 1823 1207 1889 dotem
1220 1847 1315 1889 suam
1329 1833 1390 1889 etc
1430 1823 1467 1887 Et

376 1927 541 1994 Gslfridus
555 1928 648 1994 uenit
663 1936 698 1992 et
712 1926 791 1991 elias
806 1925 884 1991 fecit
897 1925 1053 1990 defaltam
1072 1933 1244 2011 postquam
1264 1926 1423 1992 obiecerat
1441 1924 1469 1990 ei

375 2030 462 2117 quod
481 2031 623 2097 wauiata
642 2031 705 2096 fuit
725 2029 760 2094 in
783 2028 940 2094 comitatu
956 2027 1121 2115 Wigornie
1143 2050 1201 2113 pro
1222 2038 1328 2095 morte
1342 2027 1470 2094 Walteri

375 2134 417 2199 de
432 2134 544 2199 Portes
560 2142 594 2199 et
608 2132 773 2198 abiurauit
787 2154 925 2220 regnum
940 2130 1061 2218 Anglie
1080 2130 1170 2216 apud
1188 2130 1223 2195 N
1224 2132 1468 2218 orhemptonam,

375 2237 424 2304 ita
446 2238 534 2324 quod
559 2246 646 2303 terra
669 2245 766 2323 capte
790 2236 854 2301 fuit
878 2237 914 2300 in
939 2257 1073 2300 manum
1096 2236 1191 2301 Doni
1220 2236 1322 2323 Regis
1351 2236 1468 2322 etipse

375 2340 592 2406 summonitus
606 2340 671 2404 fuit
684 2338 772 2426 quod
792 2348 878 2405 essct
897 2338 1069 2404 auditurus
1086 2338 1244 2405 iudicium
1264 2363 1371 2407 suum.
1410 2336 1468 2419 Qui

376 2444 469 2509 uenit
483 2451 518 2509 et
538 2442 618 2508 dicit
637 2443 724 2529 quod
744 2444 872 2508 nullum
894 2442 972 2509 fecit
992 2451 1195 2508 attornatum
1218 2443 1254 2509 in
1273 2444 1400 2531 loquela
1417 2463 1470 2511 noc

375 2547 483 2614 Adam
498 2547 652 2631 Esturmy
667 2567 726 2610 nec
746 2545 856 2612 ulium
899 2545 1019 2612 Postea
1038 2545 1212 2612 inuentum
1234 2556 1285 2612 est
1308 2548 1345 2612 in
1365 2546 1473 2612 rotulis

376 2650 462 2737 quod
476 2649 563 2714 idem
578 2648 742 2714 Galfridus
756 2647 834 2713 fecit
847 2647 1030 2733 predictum
1046 2649 1153 2715 Adam
1168 2659 1203 2715 et
1224 2651 1381 2737 quosdam
1397 2651 1475 2715 ulios

375 2763 555 2820 ottomatos
569 2776 642 2819 suos
659 2753 717 2839 qui
737 2775 795 2839 pro
815 2774 853 2818 eo
874 2752 1096 2839 sequebantur
1114 2754 1275 2841 loquelam
1291 2756 1390 2820 illam.
1433 2755 1476 2818 Et

375 2860 453 2946 quie
490 2857 654 2945 predictus
684 2857 791 2922 Adam
822 2879 889 2923 non
920 2866 1030 2943 potest
1062 2859 1187 2925 ssluare
1217 2859 1374 2925 defaltum
1403 2881 1478 2924 oon·

242 3017 244 3023 .
375 2964 552 3028 sideratum
564 2971 613 3027 est
628 2962 714 3048 quod
725 2961 833 3027 Alicio
842 2962 1048 3048 recuperauit
1062 2962 1214 3028 seisinum
1224 2985 1317 3029 suem
1329 2963 1370 3030 de
1378 2965 1478 3029 tercia

375 3076 467 3154 parte
482 3067 620 3153 predicti
636 3066 779 3144 manerii,
794 3075 829 3132 et
844 3066 882 3132 G.
898 3066 934 3132 in
949 3067 1174 3146 misericordie,
1191 3066 1256 3133 uisi
1274 3069 1396 3134 milites
1416 3068 1475 3134 inr'

375 3171 517 3236 dixerint
540 3172 627 3257 quod
649 3169 719 3256 ipsa
740 3170 882 3235 wauiute
903 3171 967 3236 l'uit
996 3171 1032 3237 in
1053 3172 1211 3238 comitatu
1233 3173 1400 3261 Wigornie
1424 3173 1478 3238 uel

375 3274 461 3360 quod
475 3273 639 3340 abiursuit
653 3295 790 3360 regnum
805 3274 893 3360 apud
908 3275 1196 3362 Norhamptonam
1215 3273 1222 3364 Ι

302 3437 307 3450 ,
440 3379 557 3444 Postea
577 3377 717 3443 ueniunt
746 3400 858 3443 omnes
886 3379 1045 3444 iuratores
1074 3388 1109 3445 ct
1138 3379 1253 3446 dicunt
1286 3381 1375 3468 quod
1409 3381 1481 3468 ipsa

373 3503 542 3567 nunquam
571 3482 712 3547 wauiste
740 3482 805 3546 fuit
832 3482 868 3546 in
896 3483 1053 3547 comitutu
1084 3483 1251 3571 Wigomie
1288 3507 1346 3571 pro
1374 3498 1479 3550 morte

375 3585 512 3671 predicti
527 3585 664 3650 Walteri
678 3585 718 3650 de
734 3586 848 3651 Po1tes
858 3607 918 3650 nec
929 3585 1094 3651 abiursuit
1104 3609 1241 3672 regnum
1256 3588 1376 3676 Anglie
1388 3590 1480 3676 apud

374 3689 661 3774 Norhumptonam¹
708 3689 751 3753 Et
774 3689 848 3754 ideo
870 3689 943 3774 ipsa
967 3688 1042 3754 inde
1067 3688 1179 3775 quieta
1207 3698 1243 3754 et
1271 3693 1481 3777 recuperauit

374 3793 525 3858 seisinam
540 3813 632 3857 suem
648 3801 682 3857 et
697 3792 735 3858 G.
750 3791 785 3856 in
800 3791 1026 3859 misericordia
1071 3792 1115 3857 Et
1129 3793 1209 3858 fecit
1228 3793 1329 3859 finem
1349 3817 1427 3860 cum
1442 3820 1483 3862 ea

374 3918 432 3982 pro
446 3895 595 3982 dampnis
610 3895 676 3961 suis
691 3904 751 3962 etc.
767 3905 801 3961 et
816 3895 945 3960 inuenit
959 3895 1082 3983 plegios
1096 3919 1171 3962 suos
1185 3905 1246 3964 etc

242 4015 334 4083 1267,
440 4001 579 4066 Thomas
604 4002 644 4067 de
669 4001 796 4066 Baiocis
820 4001 1037 4067 summonitus
1062 4002 1126 4066 fuit
1154 4001 1196 4067 ed
1217 4002 1484 4089 respondendum

246 4115 327 4156 Dm
374 4107 467 4172 Dum.
483 4105 568 4192 Regi
588 4128 686 4191 quare
706 4105 844 4170 adduxit
866 4106 1002 4170 Elenem
1025 4106 1184 4171 iuniorem
1205 4105 1309 4172 filiam
1332 4108 1485 4178 Eudonis

228 4180 339 4221 snm
373 4211 413 4277 de
429 4209 580 4276 Moruilla
594 4232 657 4296 que
672 4219 722 4275 est
736 4211 777 4275 de
792 4210 968 4276 donacione
984 4211 1076 4276 Dom
1092 4211 1192 4298 Regis
1207 4211 1264 4297 qui
1284 4235 1359 4279 eam
1372 4217 1486 4283 uoluit

404 4383 413 4416 ¹
430 4380 554 4432 Thinisa
566 4397 623 4433 csse
634 4383 674 4432 lor
684 4398 718 4434 sn
730 4383 834 4438 adsint.
846 4389 894 4434 not
944 4383 1016 4446 plain
1028 4383 1138 4447 enough.

371 4449 444 4499 lora
465 4447 610 4506 certificate,
628 4448 668 4497 lor
690 4447 733 4498 the
750 4449 847 4498 verdict
870 4451 893 4498 is
