3167 5075
290 410 409 459 consu
432 396 1044 471 anon,s.n.1234—5,aa18-19.
1109 446 1113 451 .
1156 396 1217 456 145

186 582 226 646 Et
238 582 328 647 Prior
341 582 421 648 dicit
436 582 522 670 quod
536 584 736 670 presentacio
748 583 892 669 pertinet
905 583 947 649 ad
961 581 1069 670 ipsum
1084 591 1119 648 et
1133 583 1219 669 quod

130 684 208 751 Prior
232 687 389 775 Sampson
414 688 618 775 predecessor
643 711 720 754 suus
750 689 952 775 presentauit
980 688 1022 753 ad
1052 687 1218 753 eeclesiam

129 788 294 873 predictum
315 790 423 857 Adam
448 791 600 857 clericum
626 799 661 856 et
682 791 740 878 qui
761 791 804 857 ad
828 790 1104 877 presentaeionem
1126 813 1218 856 suam

128 891 357 959 firitadmissus

184 994 238 1062 ¹Et
258 1020 356 1084 super
377 997 436 1063 hoc
464 997 557 1062 uenit
582 996 715 1084 quidam
742 996 855 1063 Simon
880 998 921 1063 de
948 997 1159 1065 Chennouere
1185 1006 1220 1063 et

127 1096 301 1187 dicitquod
323 1102 523 1188 presentaoio
545 1102 688 1187 pertinet
710 1102 751 1167 ad
773 1102 880 1189 ipsum
903 1111 938 1167 et
960 1102 1092 1190 quidam
1112 1102 1219 1168 Adam

126 1217 295 1270 antecessor
335 1228 413 1271 suus
452 1206 656 1293 presentauit
699 1206 881 1293 predictum
921 1206 1029 1272 Adam
1068 1208 1220 1273 clericum

125 1317 264 1393 nepotem
279 1332 374 1374 suum
397 1310 439 1376 ad
460 1310 596 1375 eandem
617 1311 784 1376 ecclesiam
806 1311 863 1398 qui
883 1310 924 1375 ad
944 1312 1219 1397 presentaoionem

125 1430 206 1475 suam
236 1412 300 1478 fuit
328 1413 497 1492 admissus,
526 1423 560 1479 et
590 1413 677 1479 unde
706 1414 787 1479 dicit
817 1414 904 1501 quod
932 1439 1020 1481 nunc
1047 1416 1220 1482 aramiauit

123 1515 243 1581 assam
259 1517 375 1583 ultime
390 1517 642 1605 presentacionis
656 1541 762 1585 coram
783 1520 968 1586 iusticiariis
989 1520 1219 1586 itinerantibus

122 1620 201 1705 apud
216 1622 446 1688 Hertfordiam.

180 1726 222 1790 Et
250 1726 342 1792 Prior
369 1727 449 1793 dicit
479 1726 565 1814 quod
594 1727 758 1813 predictus
796 1728 910 1794 Simon
945 1728 1046 1793 nichil
1081 1729 1218 1793 clamare

121 1828 232 1913 poterit
260 1830 297 1895 in
327 1831 474 1917 predicta
502 1831 715 1897 eduocaeione
742 1833 820 1919 quia
845 1833 914 1919 ipse
942 1833 1054 1899 Simon
1080 1832 1219 1897 remisit¹

120 1934 264 2019 cognouit
287 1935 374 2021 quod
395 1934 566 2000 aduooaoio
588 1934 676 2001 illius
699 1936 832 2001 ecclesie
851 1936 996 2023 pertinet
1015 1936 1057 2001 ad
1077 1936 1218 2000 Priorem

119 2044 150 2101 et
170 2048 367 2105 conuentum
390 2048 424 2105 et
444 2040 611 2105 ecclesiam
631 2062 723 2105 suam
745 2041 777 2106 S.
793 2041 965 2106 Trinitatis
985 2040 1026 2106 de
1041 2039 1219 2128 Wallinge-

119 2142 214 2209 sordis
235 2153 269 2210 et
292 2144 393 2210 nichil
416 2144 568 2210 uendicat
592 2168 652 2210 nec
675 2145 848 2211 nendicare
872 2146 993 2232 poterit
1016 2146 1051 2210 in
1075 2145 1221 2232 predicta

118 2247 326 2315 aduocacione
347 2258 381 2315 et
402 2250 487 2336 quod
510 2250 659 2336 quietum
681 2250 836 2315 clamauit
857 2273 915 2337 pro
937 2273 970 2314 se
993 2259 1027 2314 et
1049 2249 1221 2314 heredibus

119 2352 180 2417 suis
194 2354 350 2441 quicquid
363 2355 432 2441 ipse
448 2356 502 2420 uel
517 2354 652 2420 heredes
670 2355 720 2419 sui
740 2354 775 2419 in
795 2377 835 2420 ea
853 2363 985 2441 possent
1006 2355 1144 2419 clamare
1166 2354 1220 2418 uel

118 2457 285 2523 nendicare
301 2458 409 2546 aliquo
429 2467 584 2546 tempore,
599 2467 634 2524 et
655 2458 731 2524 inde
754 2460 876 2546 profert
898 2467 1020 2525 cartam
1042 2481 1134 2524 suam
1156 2480 1220 2546 que

118 2560 173 2627 hoe
187 2571 338 2629 testatur.

178 2669 221 2734 Et
237 2669 353 2736 Simon
369 2669 461 2735 uenit
477 2678 511 2734 et
525 2670 608 2735 bene
624 2669 785 2757 cognoscit
801 2669 887 2756 quod
902 2670 979 2735 fecit
993 2678 1114 2735 cartam
1129 2669 1219 2734 illam

118 2769 214 2837 Priori
229 2783 265 2839 et
281 2773 393 2838 domui
407 2795 465 2839 sue
482 2782 533 2839 set
553 2773 740 2859 dicitquod
760 2773 820 2838 hoc
841 2773 918 2838 fecit
938 2797 996 2860 per
1016 2773 1165 2838 timorem
1186 2782 1220 2838 et

118 2879 354 2962 oppressionem
376 2887 410 2944 et
432 2879 466 2944 in
490 2887 634 2964 tempore
656 2900 779 2966 guerre.
826 2878 869 2943 Et
888 2878 1035 2964 quesitus
1050 2877 1129 2964 quid
1142 2877 1220 2942 fecit

117 2991 184 3065 post
205 3005 359 3071 guerram
381 2982 409 3047 si
431 2982 620 3047 reclamaret
642 2990 677 3047 et
699 2981 884 3048 ostenderet
907 2982 1049 3068 aliquam
1074 2982 1142 3046 uim
1166 2982 1220 3046 uel

118 3093 236 3150 metum
260 3085 294 3150 ei
314 3085 441 3151 illatum
465 3095 499 3151 et
519 3086 598 3173 quid
616 3086 744 3152 fecisset
765 3095 909 3173 tempore
929 3087 1025 3173 pacis,
1040 3086 1119 3152 dicit
1134 3087 1221 3172 quod

116 3186 210 3253 nichil
235 3187 316 3253 inde
342 3189 425 3254 fecit.
480 3190 524 3255 Et
548 3189 621 3255 ideo
646 3191 884 3257 consideratum
911 3200 961 3256 est
984 3192 1070 3278 quod
1092 3191 1221 3278 loquela

118 3313 215 3360 uacua
243 3302 297 3360 est
326 3302 485 3381 quantum
514 3295 556 3360 ad
585 3295 692 3382 ipsum
722 3305 756 3360 et
784 3305 951 3362 remaneat
986 3296 1085 3361 assisa
1122 3318 1218 3382 quarn

117 3400 285 3465 aramiauit
309 3423 414 3465 coram
436 3399 621 3465 iusticiariis
642 3399 730 3486 apud
757 3401 988 3479 Hertfordiam,
1010 3410 1043 3466 et
1069 3400 1220 3487 procedat

117 3500 198 3568 inter
226 3503 390 3592 predictos
416 3505 579 3592 Rogerum
606 3505 647 3571 de
672 3507 808 3594 Quency
831 3515 867 3571 et
889 3507 1042 3583 Priorem,
1064 3514 1098 3570 et
1121 3505 1221 3570 assisa

118 3619 281 3676 remaneat
307 3610 464 3696 capienda
485 3633 543 3696 pro
565 3609 694 3676 defectu
717 3611 963 3697 recognitorum,
984 3608 1062 3696 quia
1090 3616 1221 3673 tantum

120 3719 179 3778 tres
208 3722 374 3780 uenerunt
402 3723 437 3781 et
467 3723 532 3780 tres
562 3737 596 3780 se
626 3715 878 3780 essoniauerunt.
938 3714 982 3778 Et
1013 3713 1086 3778 ideo
1122 3706 1250 3776 assisa'
1349 3761 1355 3768 .

118 3819 246 3902 ponitur
274 3819 311 3884 in
340 3828 522 3906 respectum
552 3843 654 3906 usque
683 3827 743 3887 eto.
770 3828 805 3885 et
834 3819 970 3884 ueniant
999 3827 1078 3884 tunc
1106 3817 1160 3903 xij.
1187 3826 1222 3882 et

119 3920 294 3989 uioeoomes
317 3932 460 4011 apponat
483 3924 605 3990 milites
628 3931 679 3989 tot
703 3932 737 3989 et
761 3924 844 3989 tales
867 3931 927 3990 etc.
971 3923 1016 3987 Et
1037 3944 1222 3987 concessum

118 4027 275 4113 estquod
299 4028 369 4092 siue
393 4027 543 4093 uenerint
568 4028 639 4094 siue
666 4051 730 4093 non
754 4027 854 4094 assisa
878 4028 936 4092 illa
958 4026 1113 4113 capiatur.
1169 4024 1223 4090 Ad

118 4127 201 4196 diem
215 4131 311 4198 illum
325 4133 419 4198 uenit
433 4132 533 4199 assisa
547 4139 606 4198 etc

150 4333 301 4395 ¹Bracton,
314 4336 334 4385 l.
351 4337 383 4387 16
393 4337 417 4396 b,
435 4335 499 4387 cites
517 4337 569 4387 this
587 4350 646 4388 osse
698 4335 769 4386 third
780 4339 865 4398 party.

121 4412 148 4447 as
173 4400 331 4465 conoerning
358 4402 456 4453 duresa
500 4402 591 4454 Simon
619 4402 647 4452 ol
729 4401 945 4464 ”Supplycth

122 4463 242 4516 chennor
253 4471 322 4516 vemt
337 4485 354 4518 o
372 4471 457 4528 latere,
474 4483 561 4518 comos
571 4467 600 4517 in
615 4483 645 4518 as

204 4585 312 4636 tam
