3167 5075
347 375 411 439 540
647 387 789 448 11111111,
812 387 878 436 nn.
902 373 995 448 1226,
1016 387 1080 436 aa
1105 373 1154 436 10.

410 561 488 625 Post
509 560 603 625 uenit
625 559 766 625 Thomas
787 567 823 624 et
845 559 940 624 offert
966 559 1113 625 tantum¹
1137 567 1197 625 etc
1221 580 1280 645 pro
1303 556 1432 622 habenda

344 665 555 752 inquisicione
582 667 610 733 si
640 667 828 754 Stephanus
857 668 957 732 frater
985 689 1063 731 suus
1091 664 1144 731 die
1174 687 1238 752 quo
1269 664 1434 750 Stephanus

344 777 438 854 pater
463 791 574 834 eorum
597 769 680 834 obiit
706 769 838 834 saisitus
864 770 928 834 fuit
953 769 995 834 de
1025 778 1112 835 terra
1139 769 1196 834 illa
1226 777 1265 833 ut
1293 769 1332 833 de
1359 767 1434 832 feodo

344 895 411 951 suo,
425 873 480 937 uel
495 873 523 938 ai
539 871 726 959 Stephanus
740 881 836 958 pater
850 895 961 937 eorum
983 873 1036 937 dic
1057 895 1120 960 quo
1140 873 1223 938 obiit
1243 872 1306 936 fuit
1324 870 1435 935 saisitus

344 973 385 1038 de
409 982 497 1040 terra
519 975 578 1040 illa
599 985 638 1040 ut
664 976 705 1040 de
733 975 826 1041 feodo
852 998 910 1041 suo
940 984 999 1041 etc
1046 977 1090 1041 Et
1118 975 1227 1041 iurata
1255 975 1363 1040 ueniat
1388 973 1436 1038 tui

345 1078 398 1144 die
421 1087 481 1144 etc

411 1180 586 1246 ’Ricardns
614 1182 645 1247 le
675 1182 738 1247 Gol
768 1183 890 1270 optulit
925 1207 958 1248 se
999 1204 1112 1249 uersus
1147 1184 1312 1270 Rogemm
1345 1183 1381 1246 de
1412 1181 1437 1246 S.

264 1308 291 1337 τι
347 1285 504 1351 Edwardo
533 1294 568 1350 et
597 1287 756 1353 Leticiam
786 1311 920 1353 uxorem
950 1288 1021 1353 eius
1049 1287 1090 1352 de
1120 1286 1241 1373 placito
1270 1284 1438 1351 medietatis

346 1390 444 1455 unius
465 1390 546 1477 uirg
571 1399 656 1455 terre
679 1414 755 1455 cum
777 1400 861 1478 pert.
883 1392 919 1456 in
944 1391 1055 1456 Pidele
1078 1413 1175 1477 quam
1200 1391 1320 1456 clamat
1344 1411 1439 1454 uersus

346 1517 400 1560 eoa
415 1502 454 1558 ut
468 1494 520 1559 ius
534 1517 638 1560 suum

410 1597 456 1660 Et
471 1597 617 1683 Rogems
632 1606 666 1664 et
681 1599 807 1666 Leticia
820 1623 887 1665 non
901 1599 1050 1678 ueniunt,
1061 1607 1112 1664 set
1123 1599 1270 1685 Rogemus
1280 1595 1438 1663 cesoniauit

345 1725 381 1766 se
406 1701 447 1766 de
473 1703 559 1766 malo
586 1703 663 1768 lecti
688 1712 723 1768 et
748 1705 911 1770 esconium
939 1727 1004 1769 non
1031 1704 1132 1769 iacet¹
1158 1704 1237 1789 quia
1259 1711 1441 1768 uocauerunt

347 1806 509 1872 Abbatem
534 1806 574 1872 de
597 1807 687 1873 Hida
708 1808 750 1873 ad
771 1817 953 1874 warantum
975 1817 1010 1874 et
1033 1808 1209 1873 easoniauit
1232 1831 1267 1873 se
1290 1807 1389 1894 primo
1408 1805 1441 1868 de

346 1911 432 1976 malo
453 1909 608 1974 ueniendi
629 1919 664 1975 et
685 1919 799 1997 postea
820 1911 1009 1997 comparuit.
1055 1911 1099 1975 Et
1121 1910 1194 1976 ideo
1220 1911 1441 1976 consideratum

346 2013 494 2100 estquod
505 2013 664 2080 medietas
674 2015 732 2080 illa
742 2016 890 2102 capiatur
904 2015 939 2080 in
955 2038 1089 2080 manum
1102 2016 1196 2082 Dom.
1210 2015 1312 2102 Regis
1326 2023 1359 2079 et
1370 2009 1441 2100 quod

347 2119 411 2204 ipsi
425 2118 571 2205 Rogerus
586 2125 620 2182 et
635 2118 760 2183 leticia
774 2127 1042 2184 commoneantur
1056 2117 1142 2205 quod
1157 2117 1224 2183 sint
1240 2117 1299 2183 tali
1314 2117 1365 2181 die
1379 2123 1431 2180 eta

414 2219 508 2285 Idem
532 2220 690 2286 Ricardus
712 2221 799 2308 petit
822 2244 935 2286 uersus
961 2221 1142 2286 Walterum
1173 2221 1280 2308 Bugle
1310 2230 1344 2284 et
1371 2219 1443 2283 hiar-

349 2324 472 2411 geriam
497 2347 631 2389 uxorem
658 2324 728 2390 eius
753 2325 830 2390 dim.
857 2325 939 2413 uirg.
964 2334 1048 2391 terre
1075 2348 1149 2391 cum
1175 2334 1257 2412 pert.
1282 2325 1318 2390 in
1343 2323 1442 2389 eadem

350 2428 431 2492 uilla
457 2436 496 2492 ut
521 2428 573 2492 ius
598 2451 701 2494 suum
747 2429 791 2493 Et
817 2431 982 2496 Walterus
1010 2439 1045 2496 et
1070 2430 1233 2517 Margeria
1261 2430 1358 2496 simul
1383 2449 1447 2494 cum

349 2531 503 2618 predictis
532 2533 659 2619 Rogero
688 2544 723 2600 et
752 2533 878 2601 Leticia
905 2544 1107 2601 uocauerunt
1135 2535 1176 2601 (16
1206 2544 1278 2600 tota
1307 2544 1389 2600 terra
1412 2529 1447 2596 ad

350 2643 531 2699 warantum
553 2635 736 2721 predictum
758 2637 931 2703 Abbatem.
977 2638 1043 2717 Qui
1064 2636 1158 2702 uenit
1179 2660 1239 2724 per
1260 2644 1447 2701 attornatun

351 2760 448 2803 suum
468 2746 502 2803 et
522 2739 608 2824 petit
628 2740 715 2826 quod
734 2740 899 2806 Walterus
921 2740 1072 2807 ostendat
1093 2741 1124 2806 ei
1146 2748 1270 2806 cartam
1292 2762 1381 2805 suam
1400 2758 1448 2824 per

351 2862 449 2926 quam
479 2840 511 2905 ei
539 2842 746 2907 warentizare
775 2843 917 2911 deberet.
972 2843 1016 2908 Et
1045 2843 1210 2909 Walterus
1239 2852 1275 2909 et
1303 2840 1450 2929 Margana

351 2943 465 3008 dicunt
480 2945 567 3030 quod
581 2945 707 3011 Leticia
721 2955 772 3012 est
785 2946 1004 3033 primogenita
1022 2968 1109 3011 soror
1128 2946 1289 3033 Margarie
1309 2956 1344 3011 et
1363 2944 1448 3009 habet

352 3072 463 3114 eorum
487 3059 617 3117 cartam
671 3051 716 3116 Et
741 3052 815 3117 ideo
840 3052 937 3117 datus
963 3060 1013 3116 est
1038 3051 1109 3116 dies
1134 3051 1210 3115 talis
1236 3058 1298 3119 etc.
1320 3058 1358 3115 ut
1383 3058 1450 3113 tunc

352 3153 473 3217 sciatur
494 3153 522 3218 si
544 3154 691 3241 Rogerus
713 3166 748 3221 et
770 3155 896 3221 Leticia
917 3178 1030 3221 sanare
1051 3155 1175 3241 possint
1197 3156 1353 3221 defaltum
1372 3154 1449 3219 illam

353 3258 408 3322 nel
431 3281 504 3335 non,
530 3268 565 3325 et
589 3267 629 3324 ut
660 3268 740 3325 tnnc
768 3260 963 3346 respondeat
991 3261 1103 3327 Abbas
1132 3260 1173 3325 (16
1203 3259 1358 3325 warentia
1384 3256 1450 3343 ipsis

353 3363 498 3428 Waltero
518 3371 552 3428 et
574 3363 734 3450 Margeric
756 3372 817 3431 etc.
862 3364 956 3429 Idem
980 3365 1049 3430 dies
1070 3364 1168 3429 datus
1190 3371 1241 3428 est
1264 3362 1384 3429 Abbati
1403 3380 1452 3447 per

352 3472 555 3530 attomatum
569 3487 666 3529 suum
681 3473 741 3531 etc

265 3632 272 3647 ‚
308 3634 316 3649 ,
418 3569 616 3635 ‘Willelmua
652 3570 761 3635 Pictor
796 3571 998 3636 attacbiatus
1035 3569 1100 3635 fuit
1135 3570 1177 3635 ad
1207 3566 1452 3657 respondendum

269 3697 281 3725 e
356 3673 510 3738 Matillidi
533 3696 596 3761 que
620 3674 684 3739 fuit
707 3697 789 3739 uxor
813 3675 903 3741 Petri
922 3676 982 3741 filii
1003 3674 1152 3742 Gaufn'di
1172 3697 1272 3761 quare
1291 3696 1354 3739 non
1373 3680 1453 3737 tenet

355 3778 387 3843 ei
409 3777 508 3841 finem
530 3779 652 3843 factum
675 3786 736 3845 etc.
758 3778 920 3845 intereos
943 3780 983 3845 de
1009 3802 1075 3845 uno
1101 3781 1268 3867 mesuagio
1289 3802 1360 3845 cum
1382 3786 1454 3865 pert

356 3882 391 3947 in
414 3881 599 3967 Wycumba
619 3882 707 3947 unde
731 3882 957 3970 cirographum
984 3892 1043 3950 etc
1069 3894 1105 3949 et
1129 3883 1217 3948 unde
1239 3884 1309 3970 ipsa
1329 3880 1455 3947 Matillis

356 3986 505 4072 queritur
518 3986 604 4072 quod
619 3986 706 4051 idem
721 3987 907 4053 Willelmus
926 3988 1094 4075 distringit
1114 4010 1186 4054 eam
1206 3988 1249 4054 ad
1268 3986 1454 4053 reddendum

356 4089 388 4154 ei
402 4112 596 4176 perannum
610 4099 722 4157 contra
739 4090 838 4158 finem
859 4092 952 4159 illum
972 4092 1013 4179 xj.
1030 4093 1112 4171 den,
1127 4100 1161 4158 et
1181 4093 1267 4180 petit
1285 4090 1370 4178 quod
1391 4088 1454 4153 finis

357 4202 518 4259 teneatur.

389 4328 398 4360 ¹
416 4327 572 4388 HaHmarlr,
585 4329 615 4378 Β.
967 4330 1036 4380 ’Ba
1052 4331 1071 4379 t.
1084 4332 1141 4383 350.

389 4393 555 4445 ⁹B.m.6d
967 4396 1133 4447 ‘amsa
