3167 5075
403 408 467 481 244
618 418 735 478 consu
757 418 855 480 anon
877 416 942 471 sn.
967 403 1125 480 1237-8,
1148 418 1211 468 aa
1234 406 1286 470 22.

467 586 511 653 Et
532 586 674 653 Jacobus
696 595 731 653 et
754 608 866 652 omues
888 585 946 652 alii
971 585 1112 652 ueniunt
1134 594 1170 653 et
1192 585 1308 651 dicum
1331 584 1413 672 quod
1435 608 1485 651 nou

403 692 523 759 debent
552 691 604 758 ad·
623 692 683 755 hoc
713 690 813 755 breue
842 689 1035 775 respondere
1063 690 1142 778 quia
1171 713 1236 755 uon
1260 698 1376 755 tenent
1397 698 1487 754 totum

403 797 582 862 manerium
611 794 694 859 illud
723 794 801 880 quia
823 794 973 858 Fraricus
998 794 1039 859 de
1065 794 1295 879 Bissopestona
1317 800 1407 858 tonet
1426 792 1486 856 iude

402 922 501 964 unam
516 900 626 964 hidam
642 906 726 964 terre
741 898 781 963 de
803 921 868 984 qua
886 897 987 963 nichil
1009 898 1133 963 habent
1154 898 1190 963 in
1212 897 1372 964 dominico
1392 920 1444 963 nec
1460 896 1487 961 iu

403 1004 546 1082 seruicio,
561 1011 595 1069 et
609 1003 683 1068 ideo
697 1004 814 1068 nolunt
828 1001 1020 1089 respondere
1035 1003 1099 1067 nisi
1112 1004 1203 1069 curia
1216 1002 1464 1069 considerauerit

469 1106 512 1171 Et
539 1107 695 1171 Ricardus
718 1107 812 1171 uenit
837 1114 872 1171 et
895 1104 977 1171 dicit
1001 1105 1088 1192 quod
1112 1107 1199 1192 petit
1222 1107 1403 1172 manerium
1422 1102 1487 1169 illud

403 1208 525 1274 scilicet
540 1207 574 1273 id
589 1209 675 1295 quod
690 1216 782 1274 tenet
796 1208 832 1273 in
852 1207 1043 1272 dominico
1033 1231 1069 1273 m
1089 1207 1260 1288 dominico,
1274 1218 1310 1274 et-
1325 1210 1361 1274 in
1374 1208 1489 1273 semicio

403 1310 438 1375 in
452 1311 595 1388 seruicia
611 1320 646 1376 et
665 1311 780 1398 quod
770 1334 806 1375 ιιι
826 1309 1026 1375 aduocaria
1016 1334 1052 1375 m
1074 1310 1256 1390 aduocatis,
1272 1321 1306 1377 et
1327 1312 1410 1378 unde
1426 1311 1489 1377 dicit

403 1397 489 1502 quod
504 1415 560 1480 illa
574 1414 651 1479 hida
665 1422 749 1479 terre
765 1414 829 1480 fuit
843 1413 885 1479 de
899 1413 1071 1479 aduocaria
1085 1414 1224 1500 predicti
1237 1415 1383 1481 Jordani

468 1518 586 1583 Postea
610 1516 724 1581 dicunt
746 1515 891 1582 Jacobus
913 1524 950 1581 et
974 1516 1031 1581 alii
1055 1524 1090 1581 et
1112 1517 1196 1583 bene
1220 1517 1402 1584 concedunt
1422 1514 1490 1603 quod

402 1620 565 1687 Jordanus
594 1622 657 1687 fuit
686 1621 735 1686 ita
763 1621 893 1686 saisitus
922 1621 963 1685 de
987 1620 1133 1708 predicto
1156 1623 1301 1687 manerio
1325 1631 1376 1688 set
1397 1642 1491 1687 reuera

403 1724 503 1790 nichil
533 1725 611 1790 iuris
639 1734 748 1812 potest
776 1725 970 1790 descendere
1006 1724 1048 1790 ad
1084 1725 1186 1791 istum
1222 1727 1399 1792 Ricardum
1430 1726 1491 1811 quia

403 1828 552 1894 nesciunt
567 1829 639 1916 quis
653 1830 708 1895 ille
723 1829 775 1907 sit,
787 1828 865 1916 quia
878 1850 992 1894 reuera
1006 1827 1174 1914 predictus
1187 1829 1354 1896 Jordanus
1368 1827 1491 1895 duxitiu

404 1956 536 1998 uxorem
551 1934 724 2023 quamdam
740 1933 845 1999 Euam
860 1941 895 1997 et
909 1932 1014 2018 prima
1031 1940 1127 1997 nocte
1144 1955 1212 2020 qua
1225 1933 1326 1998 simul
1345 1934 1492 1999 iacuerunt

404 2034 532 2103 inuenit
518 2044 618 2103 team
632 2058 774 2123 grossam
790 2044 825 2101 et
838 2035 1077 2123 impregnatam
1091 2036 1140 2101 ita
1153 2036 1242 2123 quod
1255 2038 1372 2103 statim
1386 2034 1492 2123 expulit

404 2160 476 2205 eam
491 2140 608 2205 alecto
623 2148 729 2204 suoet
744 2138 1118 2204 nonhabuitaccessum
1134 2138 1177 2205 ad
1190 2160 1264 2204 eam
1283 2149 1364 2205 ante
1383 2148 1492 2224 tempus

404 2250 526 2329 partus,
548 2251 582 2308 et
607 2242 678 2329 ipss
702 2242 830 2329 peperit
858 2243 943 2308 inim
967 2266 996 2308 x.
1023 2243 1221 2328 septimanas
1249 2252 1422 2331 postquam
1444 2242 1535 2307 init

293 2402 296 2409 .
404 2346 605 2433 desponsata,
620 2354 655 2411 et
669 2346 751 2412 bene
772 2347 880 2413 sciunt
901 2346 1140 2433 quodquidam
1161 2355 1241 2413 tunc
1260 2358 1362 2415 natus
1380 2347 1439 2414 fuit
1454 2354 1492 2411 set
1534 2313 1535 2422 i

404 2449 553 2515 nesciunt
575 2450 602 2515 si
623 2450 678 2516 ille
702 2451 744 2516 sit
766 2450 828 2517 iste
851 2450 1008 2515 Ricardus
1029 2450 1084 2515 uel
1106 2472 1180 2517 non
1225 2450 1270 2515 Et
1290 2450 1407 2517 dicunt
1425 2448 1535 2538 quod
1534 2481 1535 2502 ι

404 2555 529 2642 predict
530 2579 569 2620 us
593 2556 757 2620 Jordanus
782 2556 860 2622 fecit
885 2579 961 2621 eum
986 2556 1100 2620 statim
1122 2556 1265 2621 amoueri
1288 2565 1326 2622 et
1347 2575 1493 2642 nunquam

404 2658 578 2723 aduocauit
592 2680 667 2722 eum
678 2681 736 2745 pro
747 2680 814 2734 suo,
825 2666 875 2722 set
889 2657 968 2722 aiibi
979 2657 1124 2723 nutritus
1135 2659 1200 2723 fuit
1211 2667 1247 2724 et
1257 2659 1494 2724 forisfamiliatus
1533 2710 1534 2745 4

404 2784 425 2827 a
439 2761 562 2826 familia
575 2759 712 2847 predicti
731 2759 874 2828 Jordani.
918 2761 1129 2826 Postmodum
1143 2761 1230 2826 uixit
1248 2783 1310 2847 per
1330 2761 1397 2826 1¹⁸¹.
1411 2779 1493 2825 annos
1533 2748 1534 2753 ¹

403 2889 464 2931 nec
478 2865 540 2932 iste
562 2864 718 2930 Rioardus
738 2886 906 2950 nunquam
926 2865 1061 2930 accessit
1080 2886 1156 2928 eum
1176 2885 1237 2930 nec
1257 2864 1330 2950 ipse
1352 2864 1494 2930 Jordauus

404 2993 547 3056 unquam
563 2991 639 3034 eum
654 2967 747 3034 uidit.
793 2967 853 3033 Set
867 2977 981 3054 postea
993 2976 1191 3056 cognoscunt
1205 2967 1294 3054 quod
1314 2969 1379 3034 istc
1392 2965 1493 3034 ostilio

404 3073 561 3140 Ricardus
576 3073 632 3160 qui
646 3073 695 3139 ita
708 3081 806 3138 natus
820 3072 891 3138 fuit

447 3211 451 3222 ·
468 3177 512 3241 Et
527 3176 684 3242 Ricardus
698 3175 778 3242 dicit
793 3177 879 3263 quod
894 3185 945 3242 est
958 3177 1045 3242 filius
1061 3184 1096 3242 at
1114 3176 1208 3241 hares
1222 3175 1365 3262 predicti
1378 3171 1495 3242 Jordaoi
1532 3202 1533 3213 ¹

403 3288 438 3346 et
460 3281 642 3368 legittimus
663 3289 697 3346 et
718 3280 777 3346 hoc
798 3280 873 3345 uuit
893 3280 1048 3346 addocere
1068 3281 1123 3347 uel
1142 3297 1202 3368 per
1219 3281 1363 3368 patriam
1383 3281 1433 3347 uel
1449 3299 1496 3364 per

402 3384 525 3452 curiam
540 3384 763 3450 cristianitatis
777 3384 862 3449 sicut
876 3385 967 3450 curia
980 3385 1073 3451 Dom.
1090 3386 1192 3473 Regis
1205 3386 1461 3453 considerauerit

467 3489 584 3554 Postea
612 3497 774 3554 uenerunt
802 3489 945 3555 Jacobus
974 3499 1009 3554 et
1037 3490 1095 3556 alii
1124 3498 1160 3556 et
1186 3489 1305 3555 dicunt
1330 3490 1418 3578 quod
1439 3489 1494 3573 ipe

376 3657 380 3665 ,
403 3591 560 3658 Ricardus
588 3591 758 3657 bastardus
785 3600 844 3670 est,
873 3600 909 3658 et
943 3592 1017 3657 ideo
1052 3591 1243 3658 mandatum
1272 3602 1326 3659 est
1356 3593 1495 3680 Episcopo
1531 3582 1532 3607 ³

402 3695 630 3764 Herefordensi
644 3695 730 3782 quod
745 3696 843 3761 faciat
857 3719 955 3782 super
968 3697 1029 3762 hoc
1043 3696 1291 3784 inquisicionem
1296 3697 1315 3763 ¹.

356 3860 363 3874 ,
468 3801 629 3872 Hemicus
643 3801 683 3865 da
698 3801 731 3864 la
746 3801 837 3864 Mare
851 3801 1068 3866 summonitus
1087 3801 1153 3865 ruit
1172 3799 1214 3865 ad
1233 3795 1495 3887 respondendom'

402 3904 582 3970 Robertum
596 3903 637 3975 d'e
652 3903 684 3968 la
699 3902 851 3968 Wifaude
866 3913 901 3968 st
915 3903 1024 3989 plures
1040 3903 1121 3970 alios
1140 3903 1289 3969 homines
1308 3905 1352 3970 de
1372 3903 1448 3969 uilla
1463 3899 1494 3963 de
1530 3920 1531 3935 ¹

403 4006 614 4094 Sheperugge
629 4006 671 4072 ad
685 4005 820 4074 faciend'
836 4006 867 4073 ei
881 4007 961 4074 alias
975 4007 1227 4074 consuetudines
1241 4017 1277 4074 et
1294 4009 1362 4074 alis
1376 4005 1496 4074 semicia
1530 4044 1531 4049 κ

402 4131 500 4197 quam
529 4111 631 4176 facere
662 4109 783 4176 debent
812 4117 848 4174 et
877 4111 980 4176 facere
1006 4120 1247 4178 consuaserunt
1271 4120 1418 4198 tempore
1443 4129 1496 4196 quo

403 4212 583 4292 manerium
605 4211 686 4277 illud
709 4212 772 4278 fuit
794 4212 829 4278 in
851 4213 1001 4279 manibus
1021 4211 1282 4299 predecessorum
1300 4215 1396 4282 Dom
1411 4211 1496 4298 Regis

404 4313 531 4401 Regum
547 4314 666 4401 Anglie
681 4322 741 4380 etc.

501 4443 628 4497 ιΒοθΒι.
642 4443 661 4494 f.
674 4443 705 4494 68
718 4443 742 4494 b.
884 4444 895 4476 ¹
912 4445 1011 4509 Supply
1021 4461 1100 4510 querc
1110 4447 1243 4508 damasit
1254 4461 1285 4498 or
1295 4445 1341 4498 the
1352 4446 1412 4497 like
1529 4418 1530 4435 ἶ
