3167 5075
319 434 437 482 cosan
459 434 558 492 saon,
580 434 645 482 sn.
671 420 829 495 1234-5,
851 433 914 483 aa
939 421 1074 485 18-19.
1185 420 1246 483 135

143 606 261 671 derunt
279 605 366 694 quod
384 605 472 672 ¹cum
492 607 543 672 illi
565 608 622 693 qui
643 608 715 674 nati
736 616 814 673 sunt
835 615 913 673 ante
935 607 1177 673 matrimonium
1200 608 1248 674 ita

142 710 297 797 legittimi
323 717 400 774 sunt
425 710 510 775 sicut
533 710 582 775 illi
613 710 670 796 qui
695 718 769 796 post
798 710 1042 775 matrimonium
1071 711 1142 776 nati
1169 720 1248 777 sunt

141 817 220 881 coad
249 817 347 881 deum
377 824 412 881 et
441 816 519 882 cond
542 815 724 882 ecclesiam¹
746 817 922 881 noluerunt
943 839 1049 903 neque
1070 826 1248 903 potuerunt

140 921 223 986 'sine
243 919 421 1006 preiudicio
442 920 657 986 ecclesiastice
677 920 849 1007 dignitatis
870 920 1061 1007 respondere
1084 921 1125 986 ad
1148 922 1247 987 breue

140 1024 180 1089 de
202 1024 416 1110 inquisicione
439 1024 587 1090 facienda
609 1024 649 1089 de
671 1024 837 1090 bastanlia
858 1023 904 1089 sic
926 1024 1060 1102 obiecta,
1076 1026 1247 1092 rescribere

139 1131 233 1198 Dom
251 1132 336 1219 Regi
350 1132 385 1196 in
400 1132 502 1195 forma
522 1128 568 1193 eis
588 1126 785 1192 demandata
806 1150 826 1191 a
844 1127 938 1192 Dom.
960 1127 1051 1214 Rege
1071 1149 1129 1214 per
1147 1129 1246 1194 breue

139 1258 245 1313 suum,
261 1233 414 1300 uidelicet
430 1240 543 1297 utrum
563 1232 632 1318 ipse
653 1230 710 1317 qui
728 1230 915 1295 huiusmodi
936 1231 1101 1295 bastanlia
1122 1232 1248 1297 obiecta

139 1347 225 1403 esset
240 1347 338 1402 natus
353 1344 438 1402 esset
453 1344 530 1401 ante
551 1334 713 1422 sponsalia
733 1334 803 1399 siue
825 1333 1069 1398 matrimonium
1091 1334 1145 1399 uel
1165 1344 1246 1421 post,

138 1449 172 1507 et
201 1464 279 1506 cum
308 1442 368 1505 hoc
398 1448 482 1505 esset
511 1440 547 1504 in
575 1438 790 1526 preiudicium
816 1437 1028 1503 ecclesiastice
1054 1438 1247 1527 dignitatis',

138 1546 299 1633 rogabant
321 1554 491 1633 magnates
511 1553 549 1609 ut
573 1544 616 1609 ad
638 1544 698 1609 hoc
718 1543 946 1619 consentirent,
969 1544 1055 1629 quod
1076 1544 1147 1608 nati
1168 1553 1245 1610 ante

137 1648 400 1715 matrimonium⁸
430 1650 478 1715 ita
507 1648 663 1737 legittimi
693 1657 801 1713 essent
830 1649 915 1713 sicut
945 1658 979 1713 et
1009 1649 1058 1714 illi
1088 1649 1144 1735 qui
1173 1658 1246 1735 post

136 1754 303 1840 sponsalis
318 1753 387 1819 uel⁴
405 1753 648 1819 matrimonium
669 1751 763 1817 ⁵coad
783 1753 998 1818 successiones
1019 1762 1191 1839 parentum
1212 1762 1246 1819 et

137 1880 251 1924 eorum
275 1858 495 1935 hereditates⁵,
517 1856 595 1943 quia
612 1856 746 1922 eeclesia
765 1858 847 1921 tales
866 1857 967 1922 habet
988 1880 1045 1944 pro
1067 1858 1245 1945 legittimis.

138 1964 181 2028 Et
204 1986 319 2028 omnes
340 1962 484 2029 Comites
506 1971 540 2027 et
564 1963 706 2027 Barones
728 1970 889 2047 quotquot
911 1960 1059 2026 fuerunt⁸
1079 1984 1146 2026 una
1167 1986 1246 2027 uoce
1259 1980 1374 2021 summ

136 2065 376 2153 responderunt
412 2065 498 2152 quod
532 2064 723 2130 noluerunt*
758 2065 847 2153 leges
876 2065 996 2153 Anglie
1026 2074 1153 2131 mutare
1183 2088 1246 2153 que

137 2170 259 2256 susque
274 2168 317 2233 ed
332 2176 462 2255 tempus
476 2168 575 2233 illud⁸
590 2168 711 2233 usitate
727 2168 859 2233 fuerunt
874 2176 909 2233 et
923 2168 1123 2255 approbata]

202 2271 340 2337 'Postea
355 2294 433 2336 uero
448 2270 510 2336 alio
526 2271 579 2336 die
594 2294 701 2335 coram
716 2271 786 2357 ipso
801 2269 894 2336 Dorn
907 2271 997 2357 Rege
1009 2279 1044 2335 et
1058 2272 1247 2357 subscriptis

137 2384 317 2442 conuocato
332 2375 465 2441 consilio
480 2376 647 2462 prouisum
662 2376 726 2440 fuit
745 2383 780 2441 et
802 2398 987 2441 conoessum
1005 2376 1047 2440 ab
1066 2375 1137 2461 ipso
1151 2376 1245 2442 Dom.

137 2483 230 2570 Rege
246 2504 355 2547 coram
370 2480 549 2548 uenerabili
564 2488 657 2568 patre
673 2481 707 2546 E.
726 2479 954 2547 Cantuariensi
968 2479 1247 2568 Archiepiscopo¹⁰,

137 2588 174 2652 R
192 2586 401 2675 Cycestrensi
418 2587 575 2673 Episcopo
590 2587 684 2652 Dom.
706 2585 806 2673 Regis
822 2585 1029 2663 Cancellario,
1045 2586 1083 2651 R.
1100 2586 1246 2651 Dunnol-

137 2691 244 2757 mensi
269 2690 436 2776 Episcopo,
455 2691 496 2754 H.
520 2691 651 2777 Elyensi
675 2689 840 2775 Episcopo,
861 2688 1019 2774 Episcopo
1041 2689 1249 2767 Norwicensi‚

138 2795 300 2881 Episcopo
323 2793 549 2870 Londoniensi,
565 2795 722 2880 Episcopo
745 2793 966 2869 Batboniensi,
986 2792 1144 2879 Episcopo
1164 2795 1247 2859 Exo

136 2899 254 2975 aiensi,
271 2898 428 2985 Episcopo
444 2898 654 2976 Karleolensi,
674 2899 834 2984 Episcopo
849 2897 1078 2962 Herefonlensi
1101 2905 1135 2961 et
1155 2898 1247 2983 Epis-

136 3025 216 3090 copo
240 3003 395 3080 Roffensi,
419 3003 498 3068 item
522 3026 628 3068 coram
651 3002 824 3068 comitibus
847 3000 1035 3086 subscriptis
1058 3001 1096 3066 R.
1120 3000 1247 3067 Comite

138 3107 305 3174 Cornubie
336 3116 371 3171 et
400 3107 555 3194 Pictauie,
587 3107 623 3173 G.
655 3106 782 3173 Comite
820 3105 1016 3183 Marescallo,
1052 3105 1083 3169 J.
1120 3104 1247 3170 Comite

138 3212 317 3289 Lincolnie,
332 3211 383 3277 W.
400 3212 528 3277 Oomite
540 3212 712 3288 Warenne‚
724 3211 755 3275 J.
769 3210 897 3276 Comite
911 3209 1045 3286 Uestris,
1055 3208 1106 3274 W.
1119 3207 1247 3274 Comite

169 3368 208 3400 ¹·¹
227 3366 294 3416 This
306 3365 390 3416 whole
401 3380 509 3429 passage
520 3365 543 3414 is
554 3365 669 3427 wanting
720 3365 856 3414 Pmaim
870 3366 926 3426 suit
945 3371 971 3413 et
986 3378 1126 3413 concauam
1141 3379 1158 3412 a
1173 3365 1246 3414 Dom.

138 3435 166 3483 in
179 3434 211 3493 S;
229 3433 275 3482 Br.
290 3432 360 3495 gives
371 3431 393 3482 it
404 3430 467 3481 with
478 3431 573 3494 merely
584 3431 670 3480 verbsl
720 3430 786 3491 Rege
805 3437 829 3479 et
846 3431 992 3491 rubampttr
1012 3430 1123 3478 coraibus
1141 3437 1165 3477 et
1185 3431 1247 3479 aliia

140 3499 294 3549 misticus.
720 3495 787 3558 qrwd
809 3496 919 3544 decerem
942 3497 990 3543 eto.
1035 3493 1113 3542 From
1136 3496 1245 3545 decerem

170 3564 210 3596 Η
228 3563 311 3614 Shas
326 3562 421 3625 merely
436 3563 470 3610 ad
485 3561 554 3610 istud
570 3575 668 3624 respon·
720 3558 997 3617 uhiohoccarsbelow,
1006 3558 1028 3607 A
1037 3573 1124 3621 agrees
1132 3559 1195 3608 with
1202 3574 1247 3623 my

140 3631 206 3688 dere,
218 3632 282 3693 quio
294 3631 339 3678 too
351 3636 412 3677 esset
423 3635 511 3677 conta
522 3641 670 3676 commanem
721 3628 784 3686 text,
804 3625 904 3688 subject
920 3627 948 3673 to
965 3623 1009 3673 the
1025 3623 1142 3673 variants
1159 3624 1246 3674 thatI

135 3697 248 3758 sos-m
275 3695 385 3744 ecclesie.
424 3691 468 3741 Br.
497 3706 585 3754 agrees
613 3691 670 3740 sub·
721 3689 886 3740 havenomd.
921 3689 1072 3738 Thenames
1081 3689 1110 3739 of
1119 3688 1164 3739 the
1174 3705 1245 3752 mag-

140 3759 279 3823 stantislly
289 3758 354 3808 with
364 3757 410 3807 the
422 3760 484 3806 text.
722 3759 796 3805 nates
812 3756 841 3805 in
857 3755 879 3804 A
896 3768 973 3803 occur
989 3757 1017 3804 at
1033 3753 1078 3803 the
1094 3755 1145 3804 end
1158 3755 1187 3804 of
1201 3755 1246 3805 the

171 3823 240 3874 3Βῐ.
251 3823 569 3885 batnotSinsertsquood
577 3824 669 3871 omnio.
721 3820 870 3879 ordinasse,
882 3820 949 3869 after
962 3835 1017 3869 mem
1035 3821 1096 3868 talis
1115 3822 1247 3870 testardie

172 3888 605 3951 ⁴SbutnotBomitarpmualto
619 3889 669 3936 uel.
721 3887 853 3936 obiciatur.
890 3884 974 3933 There
990 3884 1014 3933 is
1027 3885 1139 3947 nothing
1156 3885 1185 3934 in
1201 3885 1246 3936 the

173 3955 213 3986 Η
229 3955 267 4003 Br
287 3955 377 4012 omits;
401 3952 483 4002 suas
500 3959 620 4016 quanam
636 3955 670 4002 oct
721 3950 897 4000 statute-book
929 3949 1075 4012 snswering
1112 3956 1140 3999 to
1175 3951 1246 4001 what

142 4021 320 4070 macariorum
332 4019 520 4068 hereditariam.
720 4016 828 4066 follows.
844 4016 957 4064 Braoton
966 4015 1036 4076 gives
1043 4014 1150 4065 thedate
1155 4017 1245 4066 Postea

173 4084 184 4117 ⁸
202 4085 230 4143 8,
253 4084 300 4134 bnt
319 4088 368 4134 not
383 4084 439 4142 Ba,
456 4082 535 4133 omits
551 4090 670 4146 quotquot
719 4097 778 4131 uero
790 4083 832 4131 die
843 4082 917 4130 louis
923 4083 1042 4143 proxim
1050 4089 1108 4143 post
1113 4083 1208 4143 sestam
1217 4083 1244 4131 S.

137 4150 255 4210 laenam.
375 4141 377 4152 ¹
720 4148 843 4196 Diooiaii.
878 4145 933 4194 The
944 4160 1005 4206 year
1016 4146 1162 4208 previously
1173 4161 1244 4196 men·

172 4213 314 4274 vassen
332 4216 428 4273 uoluat,
442 4214 467 4265 S.
721 4211 811 4262 tionsd
822 4211 855 4274 by
866 4210 956 4259 bimis
967 4212 996 4261 A.
1011 4211 1042 4259 R.
1055 4213 1095 4260 20.
1125 4210 1244 4262 §.Derris

174 4277 215 4312 Η
231 4279 308 4330 shut
320 4283 367 4329 not
378 4279 415 4328 Br
426 4277 514 4328 omits.
720 4276 743 4326 is
755 4277 810 4327 Oct.
829 4279 853 4334 9,
870 4275 985 4339 Monday
996 4275 1024 4324 in
1041 4277 1113 4334 1234,
1126 4276 1245 4342 Tuesday

175 4344 237 4394 ’st
255 4345 300 4394 the
317 4347 363 4407 top
383 4343 412 4394 ol
430 4345 459 4396 A.
485 4359 521 4393 m.
542 4343 616 4404 lod,
640 4357 670 4393 ss
721 4340 1106 4403 in1235,Thnrsdayin1236.

143 4410 249 4472 already
276 4409 333 4460 said
360 4411 384 4459 is
412 4409 457 4459 the
484 4408 597 4469 heading
619 4409 669 4457 Die
755 4406 775 4439 ¹⁰
791 4407 823 4455 In
840 4406 863 4454 A
879 4406 923 4455 the
938 4421 1029 4455 names
1045 4409 1073 4455 at
1089 4406 1134 4455 the
1152 4405 1203 4455 end
1218 4408 1247 4457 oi

44 4509 48 4516 -
143 4477 217 4526 Joos
226 4478 349 4542 proxima,
364 4479 413 4526 etc.
448 4475 490 4528 On
504 4473 669 4527 thisfollous
720 4471 918 4526 theordinanos
929 4470 1244 4528 arsinthenominstive.
