3167 5075
168 371 398 441 PATESEULL’S
419 390 512 439 aran
534 391 572 439 m
596 391 768 452 noanonn,
790 390 857 442 nn.
881 375 976 454 1227,
998 392 1061 442 aa
1087 379 1136 442 12.
1181 370 1246 442 ms

141 567 210 647 post
230 560 288 626 ult’
304 569 364 627 etc
410 561 455 628 Et
469 559 654 627 Willelmus
676 571 825 628 mortuus
846 571 905 640 est,
920 570 955 628 et
976 563 1140 628 Robertus
1161 563 1248 628 filius

140 689 215 732 suus
229 665 323 730 uenit
338 673 372 730 et
387 666 550 754 cognoscit
565 667 652 753 quod
666 675 759 732 tonet
778 676 883 732 totam
903 676 1023 733 terram
1039 668 1130 732 illam
1145 667 1209 732 scil
1221 667 1246 753 j.

141 792 244 834 acram
259 780 293 835 et
308 769 384 834 dim.
401 778 435 835 et
450 770 533 836 bene
548 770 695 836 concedit
710 771 852 836 assisam.

202 875 225 941 J
227 883 370 940 oratores
385 874 499 939 dicunt
514 875 601 961 quod
616 875 778 940 Robertus
792 897 961 961 nunquam
972 874 1149 940 disseisiuit
1164 896 1248 950 eum,

141 978 215 1064 quia
229 979 317 1044 idem
332 979 490 1045 Ricardus
505 1001 672 1066 nunquam
688 979 805 1045 habuit
820 980 897 1045 inde
911 980 1070 1044 seisinam
1116 979 1161 1044 Et
1175 978 1249 1044 idco
1286 1003 1291 1011 ·

141 1082 377 1148 consideratum
392 1091 443 1148 est
462 1084 549 1170 quod
571 1084 733 1150 Robertus
755 1093 789 1150 et
811 1085 869 1150 alii
891 1094 969 1150 eant
989 1085 1066 1150 inde
1088 1083 1193 1171 quieti
1214 1091 1249 1148 et

140 1185 296 1252 Ricardus
311 1195 371 1252 etc.

46 1295 104 1358 809.
201 1288 314 1354 Assisa
328 1288 421 1354 uenit
436 1289 680 1376 recognitumsi
693 1291 876 1356 Willelmus
890 1291 932 1357 de
946 1291 1113 1378 Pinkenys
1127 1290 1249 1356 iniuste
1268 1311 1404 1352 aarum

138 1399 196 1458 etc
209 1392 387 1458 disscisiuit
401 1393 424 1457 J
425 1392 587 1458 ohannem
601 1394 632 1458 le
648 1395 752 1458 Poure
766 1393 809 1459 de
823 1394 926 1459 libero
939 1403 1128 1460 tenemento
1141 1416 1200 1458 suo
1213 1395 1250 1484 in

138 1496 323 1562 Tattessete
338 1505 412 1583 post
427 1497 486 1562 ult’
502 1504 564 1564 etc.
593 1498 638 1563 Et
647 1497 833 1563 Willelmus
847 1498 941 1564 uenit
955 1507 990 1563 et
1004 1499 1088 1564 bene
1103 1498 1250 1564 concedit

136 1623 281 1668 assisam.

201 1703 227 1768 J
227 1711 374 1770 uratoms
388 1703 503 1769 dicunt
514 1705 599 1790 quod
612 1713 717 1770 mater
727 1704 830 1791 ipsius
838 1704 861 1770 J
862 1703 1000 1770 ohannis
1010 1704 1120 1770 tenuit
1130 1712 1250 1770 terram

135 1807 228 1872 illam
244 1808 280 1872 in
294 1809 405 1874 dotem
420 1817 454 1874 et
470 1832 542 1874 eam
558 1809 682 1874 dimisit
697 1809 739 1874 ad
759 1809 936 1874 terminum
958 1808 1088 1874 cuidam
1109 1809 1250 1874 Radulfo

133 1911 175 1976 ad
191 1911 300 1976 uitam
315 1919 418 1989 suam,
432 1920 467 1977 et
481 1913 643 1978 Redulfus
657 1913 739 1978 obiit
753 1913 884 1978 saisitus
899 1913 940 1978 de
955 1922 1042 1978 terra
1052 1913 1117 1990 illa,
1128 1923 1162 1978 et
1176 1922 1251 1998 post

133 2039 211 2081 cum
239 2017 350 2081 tenuit
375 2016 516 2082 Michael
544 2017 629 2082 filius
658 2039 737 2081 suus
765 2024 886 2082 terrem
915 2017 1006 2082 illam
1031 2017 1133 2082 donec
1162 2016 1251 2082 idom

132 2119 305 2184 Johannes
327 2143 402 2185 eum
425 2120 643 2206 implacitauit
663 2121 698 2185 in
718 2122 808 2186 curia
821 2121 1054 2199 cristianitatis,
1069 2130 1103 2186 ct
1118 2120 1250 2186 interim

133 2223 230 2290 uenit
245 2223 334 2289 idem
349 2225 491 2290 Micheel
507 2235 541 2291 ct
556 2233 675 2290 terram
691 2225 781 2290 illam
802 2226 893 2290 dedit
916 2227 1061 2312 predicto
1076 2224 1250 2304 Willelmo,

131 2329 223 2394 unde
247 2328 414 2414 predictus
441 2329 608 2395 Johannes
633 2329 759 2395 nullam
785 2329 903 2395 habuit
925 2330 1088 2408 saisinam,
1113 2338 1148 2394 et
1176 2331 1250 2396 ideo

131 2433 252 2498 dicunt
275 2433 361 2519 quod
375 2433 541 2520 predictus
556 2434 741 2499 Willelmus
756 2457 822 2499 non
836 2434 1013 2499 disseisiuit
1027 2457 1104 2500 eum
1118 2433 1249 2500 iniuste.

131 2538 176 2601 Et
199 2538 279 2603 ideo
301 2538 539 2604 consideratum
562 2546 612 2604 est
634 2540 720 2625 quod
741 2539 926 2605 Willelmus
947 2540 1025 2605 inde
1046 2540 1117 2605 sine
1138 2540 1200 2618 die,
1215 2547 1250 2605 et

129 2642 153 2707 J
154 2642 306 2707 ohannes
321 2642 356 2706 in
370 2642 595 2708 misericordia

85 2798 91 2812 .
198 2746 368 2811 Henricus
382 2746 423 2811 dc
439 2747 558 2812 Stocke
573 2747 694 2832 optulit
708 2768 742 2811 se
757 2746 838 2833 iiijr.
852 2748 906 2811 die
920 2770 1034 2813 uersus
1048 2748 1251 2815 Willelmum
1371 2796 1376 2806 -

128 2850 171 2915 de
204 2850 331 2916 Stocke
361 2849 402 2914 de
431 2848 551 2936 placito
580 2849 668 2936 quod
697 2858 782 2915 esset
811 2850 984 2915 auditurus
1012 2853 1180 2918 recordum
1218 2861 1252 2919 et

126 2953 298 3018 indicium
320 2975 417 3017 suum
439 2954 480 3019 de
502 2953 630 3040 loquela
651 2977 715 3041 que
737 2955 802 3019 fuit
824 2978 930 3020 coram
953 2956 1140 3022 iusticiariis
1165 2958 1253 3044 apud

128 3056 353 3124 Gouentriam
390 3056 477 3121 inter
513 3056 621 3143 ipsum
658 3058 839 3125 Henricum
875 3067 1045 3145 petentem
1082 3069 1116 3126 et
1145 3060 1253 3146 ipsum

127 3162 345 3229 Willelmum
367 3168 535 3227 tenentem
558 3161 599 3226 de
622 3162 748 3227 duabus
769 3163 918 3249 partibus
934 3163 958 3249 j.
975 3164 1056 3249 uirg.
1071 3173 1157 3228 terre
1178 3186 1254 3227 eum

125 3274 213 3353 pert.
227 3266 270 3330 in
281 3264 426 3343 Westm’,
435 3266 522 3330 unde
534 3265 662 3351 loquela
675 3265 751 3330 inde
766 3268 922 3331 remansit
936 3267 1007 3332 sine
1021 3267 1075 3333 die
1090 3268 1254 3333 occasione

125 3368 305 3435 bastardie
327 3391 427 3455 quam
448 3368 537 3433 idem
558 3369 719 3435 chricus
737 3371 857 3435 obiecit
870 3371 1016 3458 predicto
1031 3372 1203 3451 Willelmo,
1219 3381 1253 3438 et

125 3474 221 3539 unde
247 3472 339 3538 idem
362 3472 525 3539 Henricus
547 3474 669 3559 profert
692 3474 820 3539 litteras
841 3483 993 3561 patentes
1015 3477 1108 3542 Dom
1125 3477 1252 3543 Concu·

124 3577 255 3642 mensis
284 3575 437 3662 Episcopi
462 3600 525 3663 que
554 3586 720 3643 testantur
748 3579 834 3664 quod
859 3578 947 3644 idem
971 3578 1155 3645 Willelmus
1179 3589 1254 3666 post
1266 3592 1324 3632 ΝΜ·
1360 3592 1389 3633 οὐ

123 3681 334 3746 citacionem
360 3678 392 3743 ei
417 3679 537 3745 factem
563 3681 732 3746 transtulit
757 3704 791 3745 se
817 3682 859 3745 ad
881 3689 990 3767 partes
1015 3640 1402 3773 transmarinas,i‚÷¹:,¹’¹⁰t2‚¹¹;hf³·‘et

123 3806 186 3869 per
202 3780 300 3868 quod
315 3802 381 3845 non
395 3781 505 3866 potnit
520 3782 767 3867 inquisicionem
783 3785 888 3849 facere
903 3785 944 3849 de
964 3786 1110 3851 eiusdem
1130 3788 1255 3874 legitti-
1267 3780 1399 3875 ffilffl

123 3884 288 3951 macione
303 3892 364 3948 etc.
411 3884 455 3948 Et
469 3884 655 3950 Willclmus
669 3909 734 3950 non
749 3887 843 3951 uenit
858 3895 917 3952 etc.
933 3896 968 3953 et
983 3896 1070 3955 terra
1083 3900 1181 3977 capta
1191 3892 1255 3957 fuit
1266 3877 1387 3959 iffi&

122 3988 160 4053 in
182 4008 332 4053 manum
355 3986 448 4051 Dom.
473 3986 573 4073 Regis
592 4010 650 4073 pro
674 3988 797 4054 defalta
816 4012 914 4075 quam
938 3992 1015 4056 fecit
1037 3994 1124 4079 apud
1147 3994 1254 4059 West·
1267 3969 1418 4061 ii‘iiiiiiro

121 4089 375 4159 monasterium
404 4089 465 4155 tali
493 4090 547 4154 die
577 4100 635 4156 etc.
690 4092 734 4157 Et
764 4093 943 4160 uicecomes
971 4096 1062 4160 misit
1090 4098 1190 4163 breue
1219 4108 1254 4164 et
1267 4060 1418 4146 mim*

121 4194 315 4265 mandauit
330 4194 416 4279 quod
431 4194 648 4259 summonitus
669 4195 732 4260 fuit
748 4203 809 4263 etc.
853 4198 897 4263 Et
919 4198 993 4264 ideo
1015 4201 1254 4268 consideratum
1309 4178 1373 4221 Μ’

122 4311 176 4367 est
201 4296 303 4388 quod
325 4296 488 4363 chricus
509 4298 715 4385 recuperauit
738 4300 891 4367 seisinam
910 4326 1004 4370 suam
1018 4313 1055 4371 et
1069 4306 1254 4374 Willelmus

463 4427 473 4461 ¹
489 4427 610 4490 Bronton,
625 4428 643 4479 f.
656 4430 713 4491 420,
725 4428 789 4481 cites
800 4428 855 4481 this
865 4446 932 4483 case.
