3167 5075
409 369 561 431 rnrsurr,
582 369 646 418 sn.
672 356 765 432 1220,
787 370 852 419 sn
876 359 904 419 4.
1146 359 1211 423 383

128 554 158 610 ct
169 542 302 611 defendit
315 543 368 609 ius
380 564 477 608 suum
492 547 527 607 et
544 540 696 607 seisinsm
716 540 857 627 predicti
870 540 1027 609 Willelmi
1041 542 1097 609 cui
1111 542 1164 607 sui
1178 550 1213 608 et

129 656 222 712 totum
243 655 301 712 etc
324 653 360 710 et
381 644 469 731 quod
491 643 580 711 idem
605 642 783 709 Robertus¹
807 666 873 711 non
897 642 994 721 uidit,
1016 664 1075 729 per
1099 666 1214 729 corpus

128 750 261 837 Hugonis
276 748 317 814 de
338 749 415 813 Ken
436 747 495 835 qui
518 770 651 834 presens
674 747 738 814 fuit
761 747 816 813 uel
841 770 899 834 per
921 771 1036 835 corpus
1057 748 1214 815 Willslmi

127 855 162 919 de
179 853 335 941 Coplande
355 852 410 919 uel
430 874 488 939 per
507 875 622 938 corpus
639 852 797 917 Willelmi
817 853 857 918 de
880 854 913 919 N
916 854 1052 919 orthons
1073 854 1129 940 qui
1149 853 1214 919 duo

119 961 273 1042 presentes
286 978 353 1021 non
367 956 509 1033 firerunt.
553 955 597 1020 Et
611 978 671 1041 per
689 955 756 1024 iste
773 955 875 1021 uerbs
893 956 1131 1024 consideratum
1150 956 1214 1022 fuit

126 1060 253 1126 duellum
267 1061 424 1125 intereos
437 1082 496 1146 per
510 1060 774 1125 emendacionem
789 1060 867 1125 etc.²

180 1164 220 1228 Et
247 1164 401 1229 Matheus
429 1163 576 1249 quesitus
604 1162 634 1230 si
657 1163 825 1229 recordum
851 1163 917 1229 tsle
943 1163 994 1242 sit,
1020 1163 1100 1230 dicit
1129 1164 1216 1251 quod

126 1267 246 1333 teleest

179 1371 219 1435 Et
238 1370 406 1437 «Iohannes
425 1369 521 1435 dicit⁸
540 1369 627 1456 quod
648 1370 684 1435 in
703 1378 797 1456 perte
817 1372 1025 1437 recordentur
1044 1394 1160 1459 porum
1180 1380 1214 1437 et

123 1474 249 1561 inperte
262 1474 412 1540 nimium.
457 1474 544 1554 Quis
557 1473 641 1539 bene
655 1495 773 1541 uerum
786 1481 837 1539 est
856 1475 943 1560 quod
963 1475 1116 1543 Metheus
1135 1477 1215 1543 tulit

124 1576 210 1641 breue
226 1577 267 1642 de
285 1594 376 1641 recto
395 1576 490 1641 Dom.
509 1576 723 1644 Bethoniensi
743 1584 778 1642 et
798 1577 885 1662 quod
903 1578 952 1643 ibi
973 1578 1036 1643 fuit
1057 1580 1215 1665 placitum

123 1681 270 1747 intereos
290 1681 334 1746 de
355 1681 503 1767 predicte
523 1688 618 1758 terre,
638 1689 672 1749 et
697 1680 826 1767 quando
849 1682 972 1767 plscuit
995 1682 1058 1769 ipsi
1081 1684 1215 1750 Matheo

124 1784 177 1849 iuit
199 1784 240 1851 ed
263 1785 467 1851 comitatum.
512 1784 557 1849 Et
582 1785 665 1849 bene
691 1792 800 1871 potest
829 1806 897 1849 esse
928 1786 1014 1871 quod
1042 1787 1216 1852 comitatus

123 1889 326 1955 consideraret
355 1888 442 1973 quod
467 1886 685 1953 summonitus
709 1895 807 1965 esset,
830 1895 865 1951 et
890 1887 975 1973 petit
1001 1888 1064 1953 sibi
1088 1888 1218 1955 sllocsri

123 1992 197 2077 quod
219 1992 283 2079 ipsi
308 1990 519 2057 recordantur
547 1990 634 2077 quod
662 1991 817 2055 Matheus
846 1990 963 2057 missus
992 1992 1056 2057 fuit
1077 1992 1118 2057 sd
1145 2014 1218 2079 pro-

121 2096 252 2162 bandum
281 2095 439 2161 defaltum
468 2102 506 2159 et
539 2093 626 2181 quod
654 2094 745 2162 illsm
774 2094 926 2180 probauit
955 2094 1024 2161 sine
1052 2095 1219 2182 presencie

124 2198 262 2287 Episcopi
275 2200 332 2265 uel
347 2199 418 2265 eius
437 2198 627 2265 senescallit
672 2199 763 2263 Petit
782 2198 886 2263 eciem
905 2198 969 2265 sibi
987 2198 1116 2265 nilocnri
1131 2200 1218 2286 quod

121 2302 174 2388 ipsi
200 2304 413 2371 recordentur
442 2303 529 2389 quod
553 2303 772 2368 summonitus
797 2302 861 2367 fuit
886 2325 944 2389 per
968 2303 1106 2369 belliuos
1131 2305 1218 2370 uice-

121 2407 244 2485 comitis,
272 2407 403 2473 desicut
431 2428 491 2493 per
519 2405 657 2471 balliuos
685 2428 760 2471 suos
788 2406 880 2470 nulls
907 2406 1118 2472 summonicio
1148 2406 1218 2473 fieri

120 2510 231 2592 debuit,
245 2535 285 2579 eo
299 2512 389 2599 quod
404 2511 586 2598 Episcopus
602 2511 832 2578 Bethoniensis
850 2512 951 2579 telem
970 2513 1018 2582 ibi
1032 2514 1219 2580 libertatem

120 2614 209 2684 hebet
222 2618 313 2705 quod
329 2616 401 2682 sine
420 2616 551 2682 belliuis
570 2615 638 2682 stris
659 2638 725 2680 non
745 2625 855 2702 potest
876 2618 1055 2684 uicecomes
1075 2619 1219 2706 aliquem

118 2721 400 2786 commonicionem
411 2720 571 2796 incenset
584 2719 655 2806 ipse
669 2727 781 2784 menet
795 2719 831 2784 in
845 2719 902 2785 ills
915 2719 1093 2788 libertate⁶.
1128 2721 1219 2787 Dicit

118 2823 210 2890 eciem
235 2824 328 2912 quod
352 2846 468 2890 reuera
496 2831 584 2889 terre
611 2845 671 2888 suc
694 2831 793 2910 eapte
816 2824 880 2889 fuit
904 2825 940 2890 in
965 2844 1098 2892 menum
1124 2827 1217 2892 Dom

118 2925 217 3012 Regis,
240 2936 277 2992 et
303 2927 375 3012 ipse
398 2925 493 2992 uenit
518 2923 561 2990 ed
585 2925 698 2991 horem
712 2933 747 2991 et
771 2925 872 3012 peciit
896 2949 1003 2992 corsm
1029 2928 1219 2994 uicecomite

118 3035 228 3096 terrem
256 3052 355 3096 susm
390 3050 448 3114 per
481 3028 658 3114 pleuinsm,
688 3036 723 3093 et
751 3029 933 3094 uicecomes
959 3029 1044 3096 dixit
1072 3031 1103 3096 ei
1133 3030 1222 3118 quod

118 3136 236 3201 ueniret
265 3136 311 3202 nd
340 3135 525 3221 proximum
557 3134 758 3200 comitatum.
816 3134 871 3200 Ad
899 3134 993 3200 illum
1026 3135 1220 3202 comitatum

117 3240 201 3305 uenit
229 3241 403 3306 Johsnnes
430 3238 555 3304 scilicet
579 3237 615 3303 in
640 3237 781 3304 cmstino
807 3238 839 3303 S.
867 3238 1035 3306 Michaelis
1060 3249 1095 3305 et
1120 3239 1221 3326 peciit

118 3350 229 3409 terrum
242 3367 341 3410 suam
359 3366 417 3430 per
435 3342 603 3429 pleuinsm
622 3350 657 3407 et
676 3342 858 3408 desendidit
879 3342 1165 3410 summonicionem
1185 3353 1220 3410 et

116 3449 287 3533 supersises
302 3456 338 3513 et
353 3447 518 3524 defeltsm‚
533 3453 568 3511 et
582 3445 683 3532 peciit
702 3468 742 3512 ee
760 3445 824 3512 sibi
842 3445 971 3512 siloesri
991 3468 1054 3532 que
1074 3446 1222 3533 predicte

116 3560 195 3630 sunt,
215 3560 252 3616 et
273 3549 378 3638 peciit
397 3557 436 3615 ut
458 3549 559 3634 possit
581 3549 693 3615 uidere
717 3571 772 3614 sos
794 3549 852 3636 qui
875 3550 1021 3614 fscerrmt
1043 3551 1220 3617 summoni-

116 3653 234 3719 cionem
249 3654 294 3719 de
316 3675 356 3717 eo
374 3661 409 3718 et
428 3651 557 3718 nullum
577 3651 688 3718 uidere
707 3653 825 3738 potuit,
841 3660 875 3717 et
894 3675 959 3716 non
980 3653 1129 3719 obstante
1152 3655 1221 3732 hoc,

114 3757 292 3846 replegisto
316 3755 382 3822 fuit
404 3754 437 3821 ei
457 3765 545 3822 tens
565 3778 634 3834 sus,
652 3763 688 3820 et
706 3755 922 3821 considerauit
942 3755 1115 3821 comitatus
1134 3758 1222 3842 quod

115 3861 259 3927 uedinret
273 3861 384 3948 legem
399 3883 435 3926 se
448 3867 542 3924 sente
555 3881 655 3926 manu
669 3868 704 3926 et
718 3859 906 3925 defenderet
926 3859 1221 3934 summonicionem.

116 3963 156 4029 Et
177 3965 277 4032 mus
302 3964 368 4028 fuit
391 3963 424 4029 ei
445 3962 516 4029 dies
538 3963 580 4028 ed
602 3963 786 4048 proximum
810 3962 1001 4028 comitatum
1025 3971 1059 4028 et
1084 3971 1164 4029 tunc
1187 3987 1222 4030 se

115 4069 289 4135 emonismt
309 4068 487 4143 Johsnnes,
501 4075 536 4131 et
556 4066 673 4133 hebuit
692 4067 780 4132 diem
799 4090 858 4153 per
877 4068 1106 4134 essonietorem
1125 4091 1222 4134 suum

143 4203 153 4236 ¹
168 4203 266 4281 Botert
281 4203 315 4254 oi
328 4202 451 4267 copton,
462 4201 644 4254 demenduut's
726 4203 738 4236 ⁸
753 4203 950 4292 lietenbeginse
964 4205 1027 4282 lopg
1043 4208 1183 4256 statement
1195 4207 1223 4256 of

114 4268 338 4388 &initian-ends
364 4332 412 4384 the
437 4332 527 4384 record
548 4333 644 4384 ottho
693 4267 1221 4396 'oiliiriiiriilddtiitirimiiiiiiiddimy

115 4405 216 4463 county.
725 4399 737 4430 ⁸
754 4399 856 4450 Second
867 4399 1013 4462 obiection..
