3167 5075
386 377 451 441 304
793 390 1084 441 nuceriensem.

252 570 345 635 1294.
448 564 499 631 De
515 564 637 631 Itinere
654 564 697 631 M.
713 564 754 631 de
769 564 965 631 Patteshille
977 564 1013 631 in
1028 564 1196 632 Comitatu
1217 563 1381 630 Linoolnie
1398 587 1465 631 anuo

383 668 482 757 Regis
497 669 633 734 Henrici
648 692 676 735 a
692 669 814 734 Rotulo
828 670 871 757 xj.

448 773 581 840 ¹Jurata
609 773 650 839 de
680 796 837 839 consensu
867 774 1013 859 parcium
1049 774 1143 839 uenit
1178 773 1391 863 recognitum¹
1422 797 1467 861 per

382 879 598 967 recognitores
638 879 836 965 subscriptos
875 878 918 943 ad
957 878 1250 965 recognoscendum
1290 880 1363 966 quis
1399 888 1467 944 esset

381 981 591 1069 propinquior
619 982 712 1047 heres
740 980 863 1067 Rogeri
891 980 932 1046 de
962 981 1076 1045 Monte
1105 981 1246 1067 Begonis
1274 1004 1334 1067 per
1359 982 1466 1068 propin-

382 1086 543 1171 quitatem
573 1094 607 1151 et
636 1108 676 1150 ex
706 1083 940 1150 consuetudine
968 1084 1061 1171 regni
1091 1084 1164 1170 quis
1199 1084 1320 1150 habere
1355 1085 1468 1150 deberet

383 1188 599 1254 hereditatem
625 1188 727 1275 ipsius
752 1189 873 1277 Rogeri
899 1196 958 1253 etc
987 1188 1183 1255 Conuictum
1209 1190 1274 1254 fuit
1298 1212 1358 1276 per
1379 1212 1467 1275 recog·

383 1292 503 1359 nitores
533 1292 619 1379 quod
649 1292 811 1358 Henricus
843 1293 885 1358 de
919 1292 1155 1358 Munewedena
1186 1292 1250 1357 fuit
1282 1292 1469 1379 propinquior

384 1397 476 1463 heres
490 1397 628 1483 predicti
643 1397 764 1483 Rogeri
778 1405 814 1461 et
828 1395 915 1483 quod
930 1396 1040 1461 nullus
1054 1396 1139 1461 alius
1154 1396 1205 1461 ius
1222 1397 1361 1461 clamare
1379 1395 1467 1481 potuit

384 1500 418 1565 in
443 1502 588 1589 predicta
613 1502 795 1566 hereditate
820 1501 856 1565 in
881 1500 954 1566 uita
978 1500 1080 1587 ipsius
1105 1500 1242 1565 Henrici
1270 1508 1331 1566 etc
1375 1501 1415 1564 Et
1436 1498 1468 1562 de

384 1615 487 1671 castro
502 1616 537 1671 et
552 1606 645 1672 terris
660 1606 700 1672 de
717 1606 849 1693 Omeby
864 1614 898 1671 et
913 1607 954 1672 de
969 1605 1156 1692 Mellinges²
1168 1605 1323 1671 dicebant
1333 1606 1468 1670 iuratores
1524 1631 1525 1684 i

383 1709 433 1775 illi
446 1710 533 1796 quod
547 1698 711 1795 predictus
726 1710 873 1798 Rogerus
888 1731 953 1774 non
967 1709 1032 1774 fuit
1046 1707 1122 1773 inde
1137 1707 1269 1773 seisitus
1282 1730 1368 1773 anno
1381 1718 1412 1772 et
1426 1706 1467 1769 die

383 1834 448 1899 quo
473 1811 563 1890 obiit,
588 1811 666 1897 quia
690 1834 749 1897 per
774 1833 877 1876 unum
903 1833 1025 1876 annum
1055 1819 1090 1875 et
1119 1832 1158 1875 eo
1187 1809 1328 1896 amplius
1355 1808 1468 1873 dederat

383 1923 525 1981 castnrm
554 1915 636 1980 illud
666 1924 699 1981 et
729 1922 831 1979 terras
859 1914 933 1979 illas
961 1912 1106 1980 Johanni
1134 1911 1176 1979 de
1205 1913 1398 2000 Lunguilers
1423 1911 1469 1997 qni

384 2025 497 2105 postea
518 2040 644 2105 semper
663 2017 820 2082 remansit
839 2017 874 2081 in
894 2016 1013 2082 seisina
1031 2015 1073 2081 de
1092 2016 1207 2081 eodem
1226 2024 1332 2081 castro
1345 2024 1379 2081 et
1392 2015 1469 2081 terris

384 2120 447 2186 illis
471 2143 529 2207 per
551 2119 674 2185 donum
697 2118 781 2185 illud
803 2141 906 2205 usque
930 2119 972 2185 ad
995 2127 1134 2184 mortem
1148 2119 1294 2185 eiusdem
1310 2120 1430 2209 Rogeri
1443 2128 1470 2182 et

385 2232 503 2290 terram
524 2225 614 2289 illam
635 2224 776 2289 excoluit
796 2232 831 2289 et
850 2222 948 2289 blada
969 2224 1057 2309 cepit
1076 2232 1111 2287 et
1130 2223 1278 2289 redditus
1295 2233 1331 2288 et
1345 2222 1471 2311 expleris
1524 2219 1525 2244 ³

385 2330 469 2395 siout
498 2329 538 2393 de
569 2336 656 2393 terra
684 2350 751 2406 sua,
781 2327 829 2393 ita
858 2328 945 2415 quod
972 2326 1116 2393 reddidit
1144 2327 1221 2393 inde
1249 2327 1378 2393 domino
1401 2324 1471 2412 Regi

386 2432 695 2520 quintamdecimam
710 2432 795 2497 sicut
809 2431 850 2497 de
865 2432 990 2498 catallis
1004 2432 1072 2497 suis
1086 2433 1230 2519 propriis
1275 2433 1391 2498 Postea
1402 2439 1455 2495 ete
1524 2493 1525 2514 q

305 2578 322 2608 a,
450 2538 567 2602 Postea
581 2535 616 2600 in
631 2534 754 2601 Itinere
770 2535 914 2602 eiusdem
931 2535 974 2602 M.
990 2544 1025 2600 et
1038 2535 1153 2601 eodem
1172 2559 1258 2601 anno
1276 2537 1313 2601 in
1331 2535 1471 2602 comitatu

384 2639 570 2706 Lanosstrie
591 2639 733 2706 conuicti
753 2641 887 2705 fuerunt
907 2640 956 2704 illi
975 2640 1133 2705 iuratores
1152 2639 1193 2706 de
1213 2640 1354 2727 periurio
1372 2648 1406 2704 et
1425 2659 1473 2725 per

384 2753 622 2811 sacramentum
637 2744 753 2830 xxxvj„
769 2745 827 2830 qui
841 2743 941 2809 iurati
953 2743 1106 2809 dicebant
1121 2745 1208 2831 quod
1218 2767 1333 2810 reuera
1342 2743 1473 2831 Rogems

384 2850 425 2916 de
449 2851 562 2914 Monte
585 2849 727 2936 Begonis
749 2848 844 2914 uenit
867 2847 909 2913 ad
931 2848 1124 2913 comitatum
1147 2848 1334 2914 Lancastrie
1347 2857 1382 2913 et
1394 2846 1474 2912 dedit

384 2954 527 3020 Johanni
552 2952 593 3018 de
622 2953 818 3041 Lunguilers
847 2974 905 3039 per
934 2952 1097 3039 quandam
1126 2961 1248 3018 cartam
1277 2961 1415 3018 castrum
1440 2949 1474 3014 de

385 3059 517 3146 Omeby
532 3081 605 3125 cum
626 3079 723 3123 socna
741 3057 866 3123 scilicet
889 3056 1061 3144 Mellinges
1080 3066 1116 3123 et
1135 3057 1230 3123 terris
1248 3057 1475 3144 pertinentibus

384 3170 418 3227 et
438 3169 560 3227 cartam
583 3160 615 3226 ei
634 3159 786 3225 liberauit
806 3159 842 3224 in
862 3159 957 3246 pleno
977 3160 1144 3238 comitatu,
1164 3168 1216 3226 set
1236 3160 1325 3226 idem
1342 3162 1474 3248 Rogerm

384 3289 511 3353 semper
532 3264 652 3330 mansit
674 3263 709 3328 in
731 3264 851 3329 seisina
872 3263 913 3329 de
935 3263 1049 3329 eodem
1071 3273 1176 3330 cestro
1198 3273 1232 3330 et
1246 3287 1323 3330 cum
1336 3262 1476 3352 predictis

384 3368 479 3434 terris
500 3367 741 3454 pertinentibus
763 3369 813 3432 ita
833 3367 921 3453 quod
941 3367 1030 3453 cepit
1052 3368 1199 3454 expleeia
1219 3377 1254 3432 et
1279 3368 1428 3456 homagia
1448 3375 1474 3430 et

384 3471 507 3538 releuia
520 3493 622 3558 usque
638 3470 680 3536 ad
694 3481 833 3536 mortem
846 3493 939 3536 suam
954 3471 1038 3536 etin
1052 3479 1156 3536 morte
1170 3494 1230 3537 sua
1243 3473 1370 3560 legauit
1383 3471 1478 3538 omnia

385 3575 519 3640 mobilia
529 3597 589 3640 sua
600 3582 668 3638 tam
679 3574 764 3638 inira
778 3583 920 3640 castrum
936 3597 1033 3662 quam
1047 3584 1140 3640 extra
1149 3584 1184 3640 et
1195 3599 1364 3663 nunquam
1374 3577 1408 3642 in
1417 3576 1478 3642 uite

386 3701 446 3744 sua
464 3677 589 3743 amouit
609 3677 883 3742 constabularium
904 3678 962 3765 qui
978 3679 1069 3765 prius
1088 3679 1136 3744 ibi
1149 3681 1266 3757 fuerat,
1279 3702 1386 3767 neque
1398 3679 1479 3744 eleri—

385 3805 460 3847 cum
481 3790 689 3867 receptorem,
703 3804 763 3846 nec
782 3782 924 3869 aliquem
940 3783 1137 3849 seruientem
1152 3785 1206 3850 uel
1220 3784 1381 3851 bellinum
1394 3805 1478 3850 suurn

386 3886 427 3952 de
445 3886 558 3950 eodem
578 3894 689 3950 castro.
737 3887 780 3950 Et
801 3887 888 3952 unde
908 3888 1059 3952 dicebant
1079 3887 1201 3974 precise
1220 3889 1308 3975 quod
1327 3889 1479 3976 predictus

385 3991 531 4079 Rogerus
555 3991 618 4055 fuit
642 3990 717 4056 inde
742 3991 872 4056 seisitus
895 4015 979 4056 anno
1002 4001 1038 4057 et
1060 3991 1113 4056 die
1137 4015 1201 4079 quo
1220 3993 1312 4058 obiit.
1357 3995 1400 4058 Et
1418 3991 1480 4057 ideo

386 4094 622 4160 consideratum
637 4094 701 4158 fuit
716 4095 803 4180 quod
817 4095 955 4180 predicti
969 4097 1024 4183 xij.
1039 4095 1196 4160 iuratores
1206 4097 1352 4163 conuicti
1361 4098 1481 4164 fuerunt

386 4199 426 4264 de
452 4197 600 4284 periuria
627 4206 661 4263 et
687 4199 856 4284 redempti,
882 4209 917 4264 et
943 4208 1028 4265 terre
1054 4209 1089 4265 et
1113 4200 1233 4265 catalla
1256 4225 1370 4268 eorum
1398 4210 1483 4286 capta

790 4373 828 4406 Η
846 4374 976 4436 Repeated
987 4374 1015 4423 in
1026 4375 1082 4424 MS.

627 4437 762 4502 ²Homby
779 4439 858 4492 castle
874 4439 903 4488 in
921 4440 965 4490 tho
987 4440 1077 4502 parish
1092 4441 1122 4489 ol
1136 4440 1253 4503 Melling.
