3167 5075
336 391 658 459 sternumento.
683 383 779 457 1225,
800 393 862 446 nn
887 383 1002 448 9-10.
1155 379 1217 448 521

184 571 226 634 Et
245 568 383 656 predicti
401 568 460 655 iiij.
479 568 603 633 milites
623 590 682 655 pro
704 569 861 633 comitatu
884 569 944 635 hoc
965 569 1088 656 precise
1110 570 1221 638 defen·
1280 593 1340 644 [ιιι]

123 675 201 740 dunt
223 683 258 740 et
280 674 394 740 dicunt
415 673 502 760 quod
522 674 690 738 recordum
709 673 917 760 predictum¹‚
937 682 971 740 et
991 696 1049 760 per
1066 673 1221 741 defaltam

122 779 272 844 «iohannis
287 779 371 844 sicut
386 777 569 864 predictum
585 785 635 841 est
650 785 719 855 etc,
735 786 769 842 et
784 778 925 842 offerunt
940 779 1074 864 probare
1090 788 1149 845 etc.
1166 779 1221 844 uel

121 879 286 946 defendere
300 890 360 947 ete
405 881 450 945 Et
465 879 543 965 quia
556 879 732 944 comitatus
747 879 933 945 recordatur
948 880 1034 965 quod
1049 903 1107 966 per
1120 881 1221 946 defui-

121 995 184 1049 tum
204 977 364 1051 iohannis
384 994 420 1049 et
441 983 583 1048 Abbatis
604 983 727 1047 fectum
749 983 814 1047 fuit
836 983 993 1049 iudicium
1016 993 1050 1050 et
1073 1007 1138 1050 non
1164 1007 1223 1071 per

121 1087 267 1152 <lesuram
288 1085 475 1173 campionis,
488 1093 525 1150 et
544 1084 656 1150 Abbus
676 1085 776 1149 nichil
795 1084 884 1150 aliud
900 1087 1043 1152 ostendit
1057 1086 1121 1152 nisi
1135 1088 1222 1174 quod

122 1189 303 1275 simpliciter
323 1189 384 1254 hoc
404 1188 562 1266 defendit,
577 1187 826 1254 Consideratum
849 1197 900 1253 est
922 1191 1008 1275 quod
1026 1190 1139 1256 Abbas
1156 1214 1222 1256 non

120 1303 220 1379 potest
234 1295 295 1360 hoc
314 1293 461 1359 dedicere
482 1300 517 1358 et
537 1292 610 1357 ideo
629 1291 742 1357 Abbns
756 1292 792 1357 in
807 1292 1025 1359 misericordia
1039 1303 1073 1360 et
1087 1295 1221 1360 comita·

121 1408 170 1461 tus
183 1397 258 1462 inde
271 1397 405 1483 quietus
419 1404 482 1461 etc.

54 1502 90 1568 13.
178 1497 312 1563 'Jurata
327 1497 419 1562 uenit
433 1496 639 1583 recognitum
653 1495 694 1560 de
714 1518 870 1560 consensu
891 1497 1036 1582 parcium
1057 1497 1220 1564 siRober·
1302 1523 1315 1554 ο
1335 1541 1342 1554 ·

121 1608 169 1666 tus
182 1601 221 1667 de
235 1603 340 1668 Bosco
354 1601 517 1688 quondam
532 1601 584 1665 uir
598 1600 769 1666 Metillidis
780 1601 834 1666 die
846 1623 910 1687 quo
925 1624 997 1666 eam
1012 1601 1221 1690 despoueeuit

120 1705 220 1771 tenuit
234 1705 277 1772 xi
294 1729 355 1772 scr.
372 1716 457 1772 terre
472 1729 547 1770 eum
561 1713 643 1792 pert.
659 1707 696 1771 in
711 1706 886 1771 Sturstona
904 1706 939 1771 in
960 1707 1052 1772 feodo
1071 1709 1126 1774 uel
1145 1731 1220 1788 non,
1259 1759 1263 1766 .

119 1809 199 1873 unde
227 1810 398 1876 contencio
425 1819 477 1875 est
508 1811 596 1875 inter
623 1810 802 1875 Radulfum
831 1810 872 1876 de
902 1811 988 1898 Bray
1018 1821 1052 1876 et
1081 1813 1220 1879 Aliciom

119 1932 244 1976 uxorem
264 1912 337 1978 eius
357 1920 531 1998 querentes
550 1922 585 1976 et
599 1911 779 1998 predictum
795 1912 991 1978 Matillidem
1006 1913 1047 1978 de
1063 1915 1164 1980 Bosco
1178 1915 1220 1981 dc

117 2032 177 2096 qus
188 2014 355 2098 predictus
369 2013 530 2078 Rcdulfus
544 2023 580 2078 et
591 2013 699 2080 Alicio
712 2011 821 2100 questi
835 2015 968 2080 fuerunt
983 2015 1069 2101 quod
1084 2017 1220 2083 Metillis

116 2115 229 2181 iniuste
244 2126 460 2203 occupauerat
475 2125 595 2182 terram
610 2117 701 2182 illam
716 2140 755 2182 eo
766 2117 852 2204 quod
863 2118 1047 2184 Willelmus
1062 2120 1102 2185 de
1118 2121 1220 2186 Bosoo

117 2221 291 2285 auunculus
313 2220 451 2307 predicti
471 2220 607 2285 Roberti
628 2229 708 2285 tunc
728 2221 838 2286 tenuit
858 2222 930 2288 illas
950 2223 991 2288 xl.
1007 2231 1169 2290 conterre
1183 2225 1219 2290 in

116 2324 202 2388 feodo
215 2334 251 2390 et
265 2325 519 2404 non'Rob‘ertus,
534 2325 620 2391 sicut
638 2325 729 2411 prius
749 2325 786 2390 in
804 2325 935 2390 recordo
957 2325 998 2391 de
1019 2349 1085 2393 uno
1107 2350 1218 2393 mense

117 2437 182 2512 post
195 2429 317 2495 festum
330 2429 363 2496 S.
372 2428 513 2508 Hillarii,
524 2429 603 2516 quin
616 2429 777 2494 Rudulfus
791 2437 827 2494 et
841 2429 948 2494 Alicin
962 2431 1071 2516 questi
1085 2432 1219 2498 fuerunt

117 2533 196 2617 quod
218 2533 393 2620 occupauit
417 2533 540 2599 iniuste
564 2542 684 2599 terrem
706 2533 799 2599 illam
824 2533 987 2601 occasione
1010 2534 1097 2602 dotis
1120 2560 1219 2623 quarn

116 2636 180 2722 ipss
192 2638 401 2725 recuperauit
415 2660 529 2703 uersus
544 2660 605 2703 eos

173 2743 346 2808 Juratores
367 2742 483 2808 dicunt
503 2743 590 2829 quod
609 2743 773 2808 Robertus
795 2742 837 2809 de
861 2744 963 2809 Bosoo
987 2768 1085 2811 senex
1110 2748 1219 2815 tenuit
1267 2762 1280 2821 ’,

116 2845 181 2912 illes
201 2848 245 2914 xi
268 2870 333 2914 scr.
356 2856 442 2913 terre
467 2870 542 2912 cum
568 2856 650 2934 pert.
671 2856 711 2912 ut
733 2848 786 2912 ius
809 2870 905 2912 suum
929 2856 964 2913 et
988 2848 1065 2915 inde
1090 2850 1220 2918 dotauit

116 2950 278 3019 flebilium
293 2974 427 3018 uxorem
442 2952 522 3028 eius,
536 2961 572 3017 et
586 2951 703 3019 habuit
717 2951 758 3016 de
773 2974 814 3017 ea
827 2950 909 3016 duos
923 2952 1006 3017 filios
1022 2954 1218 3020 Gilibertum

115 3067 146 3121 et
159 3059 370 3135 Willelmum,
384 3064 419 3122 et
434 3057 615 3123 Gilibertus
634 3066 708 3142 post
728 3064 868 3121 mortem
888 3057 1025 3123 Roberti
1043 3059 1145 3144 patris
1166 3060 1219 3126 sui

116 3160 282 3227 inseisina
301 3162 366 3225 fuit
385 3160 427 3225 de
447 3160 630 3225 hereditate
652 3160 755 3246 petris
776 3160 836 3237 sui,
857 3168 891 3225 et
911 3168 1015 3226 totam
1038 3171 1156 3228 terram
1176 3163 1217 3229 de

116 3264 261 3331 Stertono
288 3264 468 3351 assignnuit
492 3264 628 3329 Mobilie
654 3264 752 3329 matri
774 3286 833 3329 sue
858 3264 894 3328 in
920 3264 1031 3329 dotem
1057 3288 1157 3345 suem,
1181 3276 1217 3333 et

114 3364 241 3433 Msbilin
262 3367 374 3433 tenuit
395 3375 516 3431 terram
535 3367 626 3432 illam
645 3375 680 3431 et
699 3366 792 3431 dedit
807 3367 883 3433 inde
898 3367 1063 3433 Willelmo
1077 3390 1135 3434 suo
1149 3370 1216 3434 filio

114 3470 267 3552 predictas
282 3471 325 3535 xl.
338 3492 400 3535 ocr.
416 3478 501 3535 terre
518 3492 592 3535 oum
603 3477 738 3555 pert.,et
749 3478 864 3556 postea
877 3480 950 3557 post
962 3480 1099 3537 mortem
1114 3474 1217 3560 ipsius

114 3572 238 3640 Mcbilie
254 3574 366 3639 tenuit
377 3573 562 3639 Willelmus
576 3582 695 3639 terram
710 3575 801 3640 illum
812 3597 871 3661 per
880 3574 1003 3640 donum
1019 3576 1134 3643 matris
1148 3600 1215 3657 sue,

113 3684 145 3739 et
164 3678 343 3743 Gilibertus
363 3678 464 3743 frater
485 3700 564 3742 suus
584 3678 645 3743 hoc
665 3679 749 3744 bene
763 3679 911 3765 permisit
926 3689 998 3745 totu
1012 3682 1085 3747 uita
1098 3704 1165 3759 suu,
1180 3696 1215 3749 et

114 3776 287 3847 Gilibertus
305 3780 423 3847 habuit
442 3804 546 3847 unum
568 3781 674 3845 filium
696 3783 877 3847 Robertum
900 3785 1030 3850 nomine
1051 3787 1215 3872 quondam

112 3881 212 3949 uirum
227 3885 331 3971 ipsius
345 3885 526 3964 Motillidis‚
537 3894 571 3949 et
585 3894 659 3972 post
675 3895 813 3951 mortem
829 3887 983 3953 Giliberti
997 3889 1113 3957 habuit
1126 3892 1215 3958 idem

113 3984 268 4053 Robertus
289 3988 506 4054 hereditatem
529 4011 631 4067 suom,
655 3997 690 4054 et
713 3990 809 4055 duxit
830 3990 935 4078 ipsam
959 3993 1155 4081 Metillidem
1179 3996 1214 4061 in

113 4109 246 4168 uxorem,
276 4101 312 4157 et
346 4092 430 4157 bene
467 4092 616 4178 permisit
647 4091 849 4157 Willelmum
884 4094 1083 4160 auunculum
1117 4120 1215 4167 suum

114 4202 215 4260 tenere
244 4195 481 4260 terramillam
507 4195 592 4260 siout
621 4194 711 4281 prius
742 4196 860 4275 tenuit,
886 4197 935 4261 itu
958 4198 1044 4283 quod
1070 4198 1123 4265 die
1149 4222 1214 4286 quo

142 4332 151 4362 ¹
167 4334 264 4398 Supply
274 4351 361 4384 oerum
375 4342 420 4398 at,
434 4335 471 4397 133
487 4334 535 4385 but
549 4333 632 4385 Ahus
715 4335 726 4365 ²
742 4335 773 4387 A.
786 4352 822 4385 ru.
836 4338 881 4395 143
899 4338 928 4389 B.
943 4354 978 4389 m.
995 4342 1033 4389 12.
1069 4340 1116 4390 See
1132 4340 1213 4390 above

114 4405 156 4447 not
166 4398 236 4451 these
248 4400 338 4451 words.
684 4400 763 4451 Cescs
774 4404 831 4459 487,
844 4404 902 4453 968.
