<?xml version="1.0" encoding="UTF-8"?>
<!DOCTYPE html PUBLIC "-//W3C//DTD XHTML 1.0 Transitional//EN"
    "http://www.w3.org/TR/xhtml1/DTD/xhtml1-transitional.dtd">
<html xmlns="http://www.w3.org/1999/xhtml" xml:lang="en" lang="en">
 <head>
  <title>
</title>
<meta http-equiv="Content-Type" content="text/html;charset=utf-8" />
  <meta name='ocr-system' content='tesseract 3.04.00' />
  <meta name='ocr-capabilities' content='ocr_page ocr_carea ocr_par ocr_line ocrx_word'/>
</head>
<body>
  <div class='ocr_page' id='page_1' title='image "bractonsnoteboo03maitgoog_0340.png"; bbox 0 0 3167 5075; ppageno 0'>
   <div class='ocr_carea' id='block_1_1' title="bbox 373 370 1246 448">
    <p class='ocr_par' dir='ltr' id='par_1_1' title="bbox 373 370 1246 448">
     <span class='ocr_line' id='line_1_1' title="bbox 373 370 1246 448; baseline -0.005 -9"><span class='ocrx_word' id='word_1_1' title='bbox 373 375 436 439; x_wconf 78' lang='lat'>326</span> <span class='ocrx_word' id='word_1_2' title='bbox 604 385 838 448; x_wconf 79' lang='lat' dir='ltr'>monsauuss,</span> <span class='ocrx_word' id='word_1_3' title='bbox 860 385 925 435; x_wconf 78' lang='lat' dir='ltr'>sn.</span> <span class='ocrx_word' id='word_1_4' title='bbox 950 370 1045 448; x_wconf 78' lang='lat'>121⁷,</span> <span class='ocrx_word' id='word_1_5' title='bbox 1067 386 1130 435; x_wconf 69' lang='lat' dir='ltr'>aa</span> <span class='ocrx_word' id='word_1_6' title='bbox 1155 372 1246 435; x_wconf 80' lang='lat'>1-2.</span> 
     </span>
    </p>
   </div>
   <div class='ocr_carea' id='block_1_2' title="bbox 243 557 1464 3768">
    <p class='ocr_par' dir='ltr' id='par_1_2' title="bbox 243 557 1464 3768">
     <span class='ocr_line' id='line_1_2' title="bbox 373 557 1448 646; baseline -0.005 -21"><span class='ocrx_word' id='word_1_7' title='bbox 373 582 438 625; x_wconf 90' lang='lat' dir='ltr'>non</span> <span class='ocrx_word' id='word_1_8' title='bbox 458 559 614 624; x_wconf 81' lang='lat' dir='ltr'><strong>remansit</strong></span> <span class='ocrx_word' id='word_1_9' title='bbox 634 558 799 623; x_wconf 75' lang='lat' dir='ltr'>occasione</span> <span class='ocrx_word' id='word_1_10' title='bbox 822 580 953 646; x_wconf 83' lang='lat' dir='ltr'>gwerre.</span> <span class='ocrx_word' id='word_1_11' title='bbox 998 558 1044 624; x_wconf 87' lang='lat' dir='ltr'>Et</span> <span class='ocrx_word' id='word_1_12' title='bbox 1065 558 1183 624; x_wconf 89' lang='lat' dir='ltr'>Petrus</span> <span class='ocrx_word' id='word_1_13' title='bbox 1204 558 1264 623; x_wconf 93' lang='lat' dir='ltr'>hoc</span> <span class='ocrx_word' id='word_1_14' title='bbox 1284 581 1348 622; x_wconf 90' lang='lat' dir='ltr'>non</span> <span class='ocrx_word' id='word_1_15' title='bbox 1366 557 1448 644; x_wconf 89' lang='lat' dir='ltr'>potuit</span> 
     </span>
     <span class='ocr_line' id='line_1_3' title="bbox 373 662 1291 743; baseline -0.003 -13"><span class='ocrx_word' id='word_1_16' title='bbox 373 665 530 743; x_wconf 88' lang='lat' dir='ltr'>dedicere,</span> <span class='ocrx_word' id='word_1_17' title='bbox 545 672 580 729; x_wconf 89' lang='lat' dir='ltr'>et</span> <span class='ocrx_word' id='word_1_18' title='bbox 594 663 668 728; x_wconf 89' lang='lat' dir='ltr'>ideo</span> <span class='ocrx_word' id='word_1_19' title='bbox 683 662 752 728; x_wconf 85' lang='lat' dir='ltr'>sine</span> <span class='ocrx_word' id='word_1_20' title='bbox 768 662 822 727; x_wconf 86' lang='lat' dir='ltr'>die</span> <span class='ocrx_word' id='word_1_21' title='bbox 837 671 873 727; x_wconf 85' lang='lat' dir='ltr'>et</span> <span class='ocrx_word' id='word_1_22' title='bbox 887 662 1004 728; x_wconf 88' lang='lat' dir='ltr'>Petrus</span> <span class='ocrx_word' id='word_1_23' title='bbox 1018 663 1055 727; x_wconf 90' lang='lat' dir='ltr'>in</span> <span class='ocrx_word' id='word_1_24' title='bbox 1068 662 1291 728; x_wconf 76' lang='lat' dir='ltr'>misericordia</span> 
     </span>
     <span class='ocr_line' id='line_1_4' title="bbox 438 764 1449 852; baseline -0.004 -19"><span class='ocrx_word' id='word_1_25' title='bbox 438 766 518 834; x_wconf 83' lang='lat' dir='ltr'>Dies</span> <span class='ocrx_word' id='word_1_26' title='bbox 545 766 643 831; x_wconf 84' lang='lat' dir='ltr'>datus</span> <span class='ocrx_word' id='word_1_27' title='bbox 672 772 723 830; x_wconf 88' lang='lat' dir='ltr'>est</span> <span class='ocrx_word' id='word_1_28' title='bbox 752 764 858 829; x_wconf 88' lang='lat' dir='ltr'>Alicie</span> <span class='ocrx_word' id='word_1_29' title='bbox 887 765 929 830; x_wconf 87' lang='lat' dir='ltr'>de</span> <span class='ocrx_word' id='word_1_30' title='bbox 957 765 1128 831; x_wconf 81' lang='lat' dir='ltr'>Lcofordia</span> <span class='ocrx_word' id='word_1_31' title='bbox 1156 768 1339 852; x_wconf 84' lang='lat' dir='ltr'>petentcm¹</span> <span class='ocrx_word' id='word_1_32' title='bbox 1363 788 1449 830; x_wconf 77' lang='lat' dir='ltr'>uenus</span> 
     </span>
     <span class='ocr_line' id='line_1_5' title="bbox 373 868 1449 956; baseline -0.005 -19"><span class='ocrx_word' id='word_1_33' title='bbox 373 871 582 937; x_wconf 84' lang='lat' dir='ltr'>Abbatisssm</span> <span class='ocrx_word' id='word_1_34' title='bbox 611 870 652 935; x_wconf 89' lang='lat' dir='ltr'>ds</span> <span class='ocrx_word' id='word_1_35' title='bbox 679 870 843 955; x_wconf 89' lang='lat' dir='ltr'>Rumesys</span> <span class='ocrx_word' id='word_1_36' title='bbox 869 868 910 934; x_wconf 88' lang='lat' dir='ltr'>de</span> <span class='ocrx_word' id='word_1_37' title='bbox 935 870 1056 956; x_wconf 85' lang='lat' dir='ltr'>placito</span> <span class='ocrx_word' id='word_1_38' title='bbox 1081 870 1167 936; x_wconf 87' lang='lat' dir='ltr'>dotis</span> <span class='ocrx_word' id='word_1_39' title='bbox 1191 871 1227 935; x_wconf 88' lang='lat' dir='ltr'>in</span> <span class='ocrx_word' id='word_1_40' title='bbox 1250 879 1311 935; x_wconf 89' lang='lat' dir='ltr'>oct.</span> <span class='ocrx_word' id='word_1_41' title='bbox 1336 868 1449 935; x_wconf 61' lang='lat' dir='ltr'>&amp;Tria</span> 
     </span>
     <span class='ocr_line' id='line_1_6' title="bbox 374 970 1450 1063; baseline -0.006 -22"><span class='ocrx_word' id='word_1_42' title='bbox 374 998 412 1041; x_wconf 89' lang='lat' dir='ltr'>eo</span> <span class='ocrx_word' id='word_1_43' title='bbox 427 975 514 1063; x_wconf 91' lang='lat' dir='ltr'>quod</span> <span class='ocrx_word' id='word_1_44' title='bbox 528 974 706 1040; x_wconf 84' lang='lat' dir='ltr'>Abbatissa</span> <span class='ocrx_word' id='word_1_45' title='bbox 720 973 878 1061; x_wconf 76' lang='lat' dir='ltr'>languida</span> <span class='ocrx_word' id='word_1_46' title='bbox 891 982 942 1039; x_wconf 88' lang='lat' dir='ltr'>est</span> <span class='ocrx_word' id='word_1_47' title='bbox 961 983 997 1039; x_wconf 88' lang='lat' dir='ltr'>et</span> <span class='ocrx_word' id='word_1_48' title='bbox 1016 981 1206 1060; x_wconf 78' lang='lat' dir='ltr'>preceptum</span> <span class='ocrx_word' id='word_1_49' title='bbox 1226 982 1277 1039; x_wconf 87' lang='lat' dir='ltr'>est</span> <span class='ocrx_word' id='word_1_50' title='bbox 1298 970 1450 1039; x_wconf 81' lang='lat' dir='ltr'>uiceoomiti</span> 
     </span>
     <span class='ocr_line' id='line_1_7' title="bbox 374 1078 1451 1167; baseline -0.008 -21"><span class='ocrx_word' id='word_1_51' title='bbox 374 1080 468 1167; x_wconf 84' lang='lat' dir='ltr'>quod-</span> <span class='ocrx_word' id='word_1_52' title='bbox 483 1080 553 1166; x_wconf 88' lang='lat' dir='ltr'>ipse</span> <span class='ocrx_word' id='word_1_53' title='bbox 578 1078 692 1143; x_wconf 89' lang='lat' dir='ltr'>mittat</span> <span class='ocrx_word' id='word_1_54' title='bbox 715 1078 758 1144; x_wconf 86' lang='lat' dir='ltr'>ad</span> <span class='ocrx_word' id='word_1_55' title='bbox 780 1100 853 1143; x_wconf 88' lang='lat' dir='ltr'>earn</span> <span class='ocrx_word' id='word_1_56' title='bbox 877 1078 934 1164; x_wconf 90' lang='lat' dir='ltr'>iiij</span> <span class='ocrx_word' id='word_1_57' title='bbox 960 1078 1080 1143; x_wconf 87' lang='lat' dir='ltr'>milites</span> <span class='ocrx_word' id='word_1_58' title='bbox 1101 1078 1144 1143; x_wconf 86' lang='lat' dir='ltr'>ad</span> <span class='ocrx_word' id='word_1_59' title='bbox 1163 1078 1359 1143; x_wconf 86' lang='lat' dir='ltr'>audiendum</span> <span class='ocrx_word' id='word_1_60' title='bbox 1376 1096 1451 1162; x_wconf 83' lang='lat' dir='ltr'>quen</span> 
     </span>
     <span class='ocr_line' id='line_1_8' title="bbox 373 1181 1451 1270; baseline -0.01 -19"><span class='ocrx_word' id='word_1_61' title='bbox 373 1186 446 1270; x_wconf 90' lang='lat' dir='ltr'>ipsa</span> <span class='ocrx_word' id='word_1_62' title='bbox 470 1183 547 1249; x_wconf 91' lang='lat' dir='ltr'>inde</span> <span class='ocrx_word' id='word_1_63' title='bbox 570 1184 640 1247; x_wconf 89' lang='lat' dir='ltr'>loco</span> <span class='ocrx_word' id='word_1_64' title='bbox 665 1204 724 1247; x_wconf 92' lang='lat' dir='ltr'>suo</span> <span class='ocrx_word' id='word_1_65' title='bbox 749 1181 833 1247; x_wconf 91' lang='lat' dir='ltr'>uelit</span> <span class='ocrx_word' id='word_1_66' title='bbox 857 1190 1023 1247; x_wconf 87' lang='lat' dir='ltr'>attornare</span> <span class='ocrx_word' id='word_1_67' title='bbox 1049 1190 1118 1260; x_wconf 84' lang='lat' dir='ltr'>etc,</span> <span class='ocrx_word' id='word_1_68' title='bbox 1145 1191 1180 1247; x_wconf 92' lang='lat' dir='ltr'>et</span> <span class='ocrx_word' id='word_1_69' title='bbox 1207 1182 1330 1248; x_wconf 83' lang='lat' dir='ltr'>milites</span> <span class='ocrx_word' id='word_1_70' title='bbox 1356 1181 1451 1245; x_wconf 84' lang='lat' dir='ltr'>habent</span> 
     </span>
     <span class='ocr_line' id='line_1_9' title="bbox 260 1284 1452 1373; baseline -0.008 -18"><span class='ocrx_word' id='word_1_71' title='bbox 260 1332 262 1337; x_wconf 24' lang='grc' dir='ltr'>κ</span> <span class='ocrx_word' id='word_1_72' title='bbox 375 1288 515 1355; x_wconf 82' lang='lat' dir='ltr'>cundem</span> <span class='ocrx_word' id='word_1_73' title='bbox 529 1288 625 1353; x_wconf 89' lang='lat' dir='ltr'>diem.</span> <span class='ocrx_word' id='word_1_74' title='bbox 672 1287 716 1351; x_wconf 88' lang='lat' dir='ltr'>Et</span> <span class='ocrx_word' id='word_1_75' title='bbox 730 1286 821 1373; x_wconf 83' lang='lat' dir='ltr'>ipsa²</span> <span class='ocrx_word' id='word_1_76' title='bbox 834 1286 988 1373; x_wconf 83' lang='lat' dir='ltr'>produxit</span> <span class='ocrx_word' id='word_1_77' title='bbox 1003 1296 1183 1351; x_wconf 80' lang='lat' dir='ltr'>warantum</span> <span class='ocrx_word' id='word_1_78' title='bbox 1197 1308 1294 1352; x_wconf 91' lang='lat' dir='ltr'>suum</span> <span class='ocrx_word' id='word_1_79' title='bbox 1308 1284 1452 1351; x_wconf 84' lang='lat' dir='ltr'>etdictun</span> 
     </span>
     <span class='ocr_line' id='line_1_10' title="bbox 375 1392 1158 1479; baseline -0.004 -21"><span class='ocrx_word' id='word_1_80' title='bbox 375 1402 426 1459; x_wconf 88' lang='lat' dir='ltr'>est</span> <span class='ocrx_word' id='word_1_81' title='bbox 441 1394 472 1459; x_wconf 90' lang='lat' dir='ltr'>ei</span> <span class='ocrx_word' id='word_1_82' title='bbox 486 1393 574 1479; x_wconf 88' lang='lat' dir='ltr'>quod</span> <span class='ocrx_word' id='word_1_83' title='bbox 587 1401 756 1458; x_wconf 86' lang='lat' dir='ltr'>remaneat</span> <span class='ocrx_word' id='word_1_84' title='bbox 770 1392 849 1479; x_wconf 88' lang='lat' dir='ltr'>quia</span> <span class='ocrx_word' id='word_1_85' title='bbox 862 1392 947 1457; x_wconf 81' lang='lat' dir='ltr'>inha</span> <span class='ocrx_word' id='word_1_86' title='bbox 960 1398 1083 1456; x_wconf 84' lang='lat' dir='ltr'>etatem</span> <span class='ocrx_word' id='word_1_87' title='bbox 1099 1398 1158 1456; x_wconf 87' lang='lat' dir='ltr'>est.</span> 
     </span>
     <span class='ocr_line' id='line_1_11' title="bbox 243 1494 1454 1579; baseline -0.006 -12"><span class='ocrx_word' id='word_1_88' title='bbox 243 1502 337 1571; x_wconf 76' lang='lat'><strong>1347.</strong></span> <span class='ocrx_word' id='word_1_89' title='bbox 440 1497 553 1563; x_wconf 78' lang='lat' dir='ltr'>Assisa</span> <span class='ocrx_word' id='word_1_90' title='bbox 574 1497 688 1562; x_wconf 89' lang='lat' dir='ltr'>mortis</span> <span class='ocrx_word' id='word_1_91' title='bbox 709 1498 920 1563; x_wconf 88' lang='lat' dir='ltr'>antecessoris</span> <span class='ocrx_word' id='word_1_92' title='bbox 939 1498 1028 1562; x_wconf 86' lang='lat' dir='ltr'>inter</span> <span class='ocrx_word' id='word_1_93' title='bbox 1044 1497 1248 1562; x_wconf 89' lang='lat' dir='ltr'>Willelmum</span> <span class='ocrx_word' id='word_1_94' title='bbox 1270 1494 1396 1561; x_wconf 82' lang='lat' dir='ltr'>Testard</span> <span class='ocrx_word' id='word_1_95' title='bbox 1412 1514 1454 1579; x_wconf 77' lang='lat' dir='ltr'>ps·</span> 
     </span>
     <span class='ocr_line' id='line_1_12' title="bbox 259 1595 1454 1686; baseline -0.003 -21"><span class='ocrx_word' id='word_1_96' title='bbox 259 1606 317 1645; x_wconf 66' lang='lat'>⁸¹¹³·</span> <span class='ocrx_word' id='word_1_97' title='bbox 377 1609 503 1665; x_wconf 89' lang='lat' dir='ltr'>tentem</span> <span class='ocrx_word' id='word_1_98' title='bbox 519 1608 553 1665; x_wconf 88' lang='lat' dir='ltr'>et</span> <span class='ocrx_word' id='word_1_99' title='bbox 569 1599 739 1665; x_wconf 88' lang='lat' dir='ltr'>Edelinam</span> <span class='ocrx_word' id='word_1_100' title='bbox 754 1600 796 1665; x_wconf 94' lang='lat' dir='ltr'>de</span> <span class='ocrx_word' id='word_1_101' title='bbox 811 1602 893 1666; x_wconf 92' lang='lat' dir='ltr'>Broc</span> <span class='ocrx_word' id='word_1_102' title='bbox 907 1601 948 1667; x_wconf 91' lang='lat' dir='ltr'>de</span> <span class='ocrx_word' id='word_1_103' title='bbox 963 1624 1031 1667; x_wconf 87' lang='lat' dir='ltr'>una</span> <span class='ocrx_word' id='word_1_104' title='bbox 1044 1624 1147 1667; x_wconf 88' lang='lat' dir='ltr'>osruc.</span> <span class='ocrx_word' id='word_1_105' title='bbox 1162 1608 1248 1666; x_wconf 85' lang='lat' dir='ltr'>terre</span> <span class='ocrx_word' id='word_1_106' title='bbox 1262 1622 1338 1665; x_wconf 89' lang='lat' dir='ltr'>cum</span> <span class='ocrx_word' id='word_1_107' title='bbox 1350 1595 1454 1686; x_wconf 81' lang='lat' dir='ltr'>pertin</span> 
     </span>
     <span class='ocr_line' id='line_1_13' title="bbox 376 1692 1455 1793; baseline -0.001 -23"><span class='ocrx_word' id='word_1_108' title='bbox 376 1692 563 1771; x_wconf 73' lang='lat' dir='ltr'>Getideford</span> <span class='ocrx_word' id='word_1_109' title='bbox 586 1692 725 1791; x_wconf 86' lang='lat' dir='ltr'>ponitur</span> <span class='ocrx_word' id='word_1_110' title='bbox 759 1706 796 1770; x_wconf 94' lang='lat' dir='ltr'>in</span> <span class='ocrx_word' id='word_1_111' title='bbox 823 1716 1007 1792; x_wconf 87' lang='lat' dir='ltr'>respectum</span> <span class='ocrx_word' id='word_1_112' title='bbox 1036 1728 1139 1793; x_wconf 88' lang='lat' dir='ltr'>usqne</span> <span class='ocrx_word' id='word_1_113' title='bbox 1168 1706 1205 1771; x_wconf 92' lang='lat' dir='ltr'>in</span> <span class='ocrx_word' id='word_1_114' title='bbox 1231 1728 1283 1770; x_wconf 85' lang='lat' dir='ltr'>xv.</span> <span class='ocrx_word' id='word_1_115' title='bbox 1313 1704 1377 1769; x_wconf 90' lang='lat' dir='ltr'>dies</span> <span class='ocrx_word' id='word_1_116' title='bbox 1400 1710 1455 1787; x_wconf 75' lang='lat' dir='ltr'>post</span> 
     </span>
     <span class='ocr_line' id='line_1_14' title="bbox 376 1802 1454 1897; baseline -0.005 -25"><span class='ocrx_word' id='word_1_117' title='bbox 376 1802 497 1873; x_wconf 76' lang='lat' dir='ltr'>festum</span> <span class='ocrx_word' id='word_1_118' title='bbox 514 1809 546 1875; x_wconf 88' lang='lat' dir='ltr'>S.</span> <span class='ocrx_word' id='word_1_119' title='bbox 562 1808 636 1874; x_wconf 83' lang='lat' dir='ltr'>Joh.</span> <span class='ocrx_word' id='word_1_120' title='bbox 653 1810 747 1895; x_wconf 87' lang='lat' dir='ltr'>Bapt.</span> <span class='ocrx_word' id='word_1_121' title='bbox 769 1830 807 1874; x_wconf 87' lang='lat' dir='ltr'>eo</span> <span class='ocrx_word' id='word_1_122' title='bbox 827 1810 914 1896; x_wconf 93' lang='lat' dir='ltr'>quod</span> <span class='ocrx_word' id='word_1_123' title='bbox 935 1811 1110 1897; x_wconf 84' lang='lat' dir='ltr'>participes</span> <span class='ocrx_word' id='word_1_124' title='bbox 1131 1810 1234 1896; x_wconf 86' lang='lat' dir='ltr'>ipsius</span> <span class='ocrx_word' id='word_1_125' title='bbox 1257 1810 1386 1875; x_wconf 82' lang='lat' dir='ltr'>Edelins</span> <span class='ocrx_word' id='word_1_126' title='bbox 1402 1806 1454 1870; x_wconf 86' lang='lat' dir='ltr'>siue</span> 
     </span>
     <span class='ocr_line' id='line_1_15' title="bbox 375 1910 1454 2001; baseline -0.005 -24"><span class='ocrx_word' id='word_1_127' title='bbox 375 1910 495 1999; x_wconf 89' lang='lat' dir='ltr'>quibus</span> <span class='ocrx_word' id='word_1_128' title='bbox 519 1913 592 1998; x_wconf 85' lang='lat' dir='ltr'>ipsa</span> <span class='ocrx_word' id='word_1_129' title='bbox 615 1935 681 1977; x_wconf 93' lang='lat' dir='ltr'>non</span> <span class='ocrx_word' id='word_1_130' title='bbox 707 1913 782 1978; x_wconf 92' lang='lat' dir='ltr'>uult</span> <span class='ocrx_word' id='word_1_131' title='bbox 807 1914 1000 2000; x_wconf 88' lang='lat' dir='ltr'>respondere</span> <span class='ocrx_word' id='word_1_132' title='bbox 1025 1938 1091 1980; x_wconf 92' lang='lat' dir='ltr'>non</span> <span class='ocrx_word' id='word_1_133' title='bbox 1116 1914 1226 1980; x_wconf 83' lang='lat' dir='ltr'>uenit³</span> <span class='ocrx_word' id='word_1_134' title='bbox 1252 1912 1454 2001; x_wconf 88' lang='lat' dir='ltr'>quianullum</span> 
     </span>
     <span class='ocr_line' id='line_1_16' title="bbox 375 2017 1455 2084; baseline -0.002 -2"><span class='ocrx_word' id='word_1_135' title='bbox 375 2017 463 2082; x_wconf 86' lang='lat' dir='ltr'>diem</span> <span class='ocrx_word' id='word_1_136' title='bbox 479 2017 665 2083; x_wconf 86' lang='lat' dir='ltr'>habuerunt</span> <span class='ocrx_word' id='word_1_137' title='bbox 679 2040 739 2081; x_wconf 91' lang='lat' dir='ltr'>nec</span> <span class='ocrx_word' id='word_1_138' title='bbox 753 2017 944 2082; x_wconf 88' lang='lat' dir='ltr'>summoniti</span> <span class='ocrx_word' id='word_1_139' title='bbox 961 2020 1094 2083; x_wconf 84' lang='lat' dir='ltr'>fuerunt</span> <span class='ocrx_word' id='word_1_140' title='bbox 1110 2026 1146 2084; x_wconf 88' lang='lat' dir='ltr'>et</span> <span class='ocrx_word' id='word_1_141' title='bbox 1164 2018 1239 2083; x_wconf 91' lang='lat' dir='ltr'>ideo</span> <span class='ocrx_word' id='word_1_142' title='bbox 1258 2036 1455 2083; x_wconf 81' lang='lat' dir='ltr'>summouean-</span> 
     </span>
     <span class='ocr_line' id='line_1_17' title="bbox 299 2117 1456 2200; baseline -0.005 -13"><span class='ocrx_word' id='word_1_143' title='bbox 299 2172 302 2177; x_wconf 81' lang='lat'><em>-</em></span> <span class='ocrx_word' id='word_1_144' title='bbox 327 2142 330 2150; x_wconf 88' lang='grc'><strong>’</strong></span> <span class='ocrx_word' id='word_1_145' title='bbox 376 2130 439 2199; x_wconf 88' lang='lat' dir='ltr'>tur,</span> <span class='ocrx_word' id='word_1_146' title='bbox 463 2121 587 2187; x_wconf 82' lang='lat' dir='ltr'>scilicet</span> <span class='ocrx_word' id='word_1_147' title='bbox 616 2122 698 2186; x_wconf 87' lang='lat' dir='ltr'>tales</span> <span class='ocrx_word' id='word_1_148' title='bbox 727 2129 787 2186; x_wconf 90' lang='lat' dir='ltr'>etc.</span> <span class='ocrx_word' id='word_1_149' title='bbox 833 2122 876 2186; x_wconf 90' lang='lat' dir='ltr'>Et</span> <span class='ocrx_word' id='word_1_150' title='bbox 905 2121 981 2187; x_wconf 87' lang='lat' dir='ltr'>talis</span> <span class='ocrx_word' id='word_1_151' title='bbox 1010 2121 1227 2188; x_wconf 80' lang='lat' dir='ltr'>summonitus</span> <span class='ocrx_word' id='word_1_152' title='bbox 1253 2123 1327 2200; x_wconf 84' lang='lat' dir='ltr'>fuit,</span> <span class='ocrx_word' id='word_1_153' title='bbox 1347 2130 1380 2187; x_wconf 89' lang='lat' dir='ltr'>et</span> <span class='ocrx_word' id='word_1_154' title='bbox 1400 2117 1456 2184; x_wconf 86' lang='lat' dir='ltr'>ideo</span> 
     </span>
     <span class='ocr_line' id='line_1_18' title="bbox 376 2222 1457 2312; baseline -0.004 -23"><span class='ocrx_word' id='word_1_155' title='bbox 376 2245 442 2290; x_wconf 94' lang='lat' dir='ltr'>non</span> <span class='ocrx_word' id='word_1_156' title='bbox 471 2232 638 2291; x_wconf 87' lang='lat' dir='ltr'>remaneat</span> <span class='ocrx_word' id='word_1_157' title='bbox 667 2247 724 2310; x_wconf 92' lang='lat' dir='ltr'>pro</span> <span class='ocrx_word' id='word_1_158' title='bbox 753 2224 884 2290; x_wconf 85' lang='lat' dir='ltr'>defectu</span> <span class='ocrx_word' id='word_1_159' title='bbox 912 2225 1022 2312; x_wconf 82' lang='lat' dir='ltr'>ipsius</span> <span class='ocrx_word' id='word_1_160' title='bbox 1066 2227 1121 2291; x_wconf 79' lang='lat' dir='ltr'>Ad</span> <span class='ocrx_word' id='word_1_161' title='bbox 1145 2226 1234 2292; x_wconf 89' lang='lat' dir='ltr'>diem</span> <span class='ocrx_word' id='word_1_162' title='bbox 1260 2228 1359 2291; x_wconf 82' lang='lat' dir='ltr'>talem</span> <span class='ocrx_word' id='word_1_163' title='bbox 1384 2222 1457 2289; x_wconf 85' lang='lat' dir='ltr'>uenit</span> 
     </span>
     <span class='ocr_line' id='line_1_19' title="bbox 376 2327 1457 2416; baseline -0.004 -24"><span class='ocrx_word' id='word_1_164' title='bbox 376 2329 562 2395; x_wconf 88' lang='lat' dir='ltr'>Willelmus</span> <span class='ocrx_word' id='word_1_165' title='bbox 591 2329 631 2395; x_wconf 85' lang='lat' dir='ltr'>de</span> <span class='ocrx_word' id='word_1_166' title='bbox 662 2329 847 2396; x_wconf 80' lang='lat' dir='ltr'>Cadintona</span> <span class='ocrx_word' id='word_1_167' title='bbox 875 2337 910 2394; x_wconf 88' lang='lat' dir='ltr'>et</span> <span class='ocrx_word' id='word_1_168' title='bbox 938 2330 1023 2395; x_wconf 82' lang='lat' dir='ltr'>dixit</span> <span class='ocrx_word' id='word_1_169' title='bbox 1052 2330 1140 2416; x_wconf 90' lang='lat' dir='ltr'>quod</span> <span class='ocrx_word' id='word_1_170' title='bbox 1164 2329 1235 2416; x_wconf 87' lang='lat' dir='ltr'>ipse</span> <span class='ocrx_word' id='word_1_171' title='bbox 1258 2330 1357 2395; x_wconf 91' lang='lat' dir='ltr'>nichil</span> <span class='ocrx_word' id='word_1_172' title='bbox 1378 2327 1457 2393; x_wconf 82' lang='lat' dir='ltr'>habet</span> 
     </span>
     <span class='ocr_line' id='line_1_20' title="bbox 377 2428 1459 2512; baseline -0.006 -15"><span class='ocrx_word' id='word_1_173' title='bbox 377 2455 451 2497; x_wconf 91' lang='lat' dir='ltr'>cum</span> <span class='ocrx_word' id='word_1_174' title='bbox 471 2455 571 2497; x_wconf 84' lang='lat' dir='ltr'>uxore</span> <span class='ocrx_word' id='word_1_175' title='bbox 590 2454 650 2497; x_wconf 87' lang='lat' dir='ltr'>sua</span> <span class='ocrx_word' id='word_1_176' title='bbox 669 2432 710 2497; x_wconf 90' lang='lat' dir='ltr'>de</span> <span class='ocrx_word' id='word_1_177' title='bbox 730 2432 913 2498; x_wconf 86' lang='lat' dir='ltr'>hereditate</span> <span class='ocrx_word' id='word_1_178' title='bbox 934 2433 1089 2499; x_wconf 80' lang='lat' dir='ltr'>Rannulfi</span> <span class='ocrx_word' id='word_1_179' title='bbox 1110 2434 1141 2497; x_wconf 86' lang='lat' dir='ltr'>le</span> <span class='ocrx_word' id='word_1_180' title='bbox 1161 2434 1254 2512; x_wconf 90' lang='lat' dir='ltr'>Broc,</span> <span class='ocrx_word' id='word_1_181' title='bbox 1268 2442 1304 2499; x_wconf 90' lang='lat' dir='ltr'>et</span> <span class='ocrx_word' id='word_1_182' title='bbox 1318 2432 1385 2498; x_wconf 90' lang='lat' dir='ltr'>ideo</span> <span class='ocrx_word' id='word_1_183' title='bbox 1395 2428 1459 2494; x_wconf 88' lang='lat' dir='ltr'>dicit</span> 
     </span>
     <span class='ocr_line' id='line_1_21' title="bbox 376 2533 1458 2624; baseline -0.006 -23"><span class='ocrx_word' id='word_1_184' title='bbox 376 2534 448 2601; x_wconf 85' lang='lat' dir='ltr'>siue</span> <span class='ocrx_word' id='word_1_185' title='bbox 466 2534 605 2602; x_wconf 87' lang='lat' dir='ltr'>Edelina</span> <span class='ocrx_word' id='word_1_186' title='bbox 623 2535 756 2602; x_wconf 88' lang='lat' dir='ltr'>amittat</span> <span class='ocrx_word' id='word_1_187' title='bbox 771 2537 842 2602; x_wconf 87' lang='lat' dir='ltr'>siue</span> <span class='ocrx_word' id='word_1_188' title='bbox 856 2537 1031 2624; x_wconf 87' lang='lat' dir='ltr'>perquirat,</span> <span class='ocrx_word' id='word_1_189' title='bbox 1045 2537 1115 2623; x_wconf 87' lang='lat' dir='ltr'>ipse</span> <span class='ocrx_word' id='word_1_190' title='bbox 1129 2534 1231 2602; x_wconf 87' lang='lat' dir='ltr'>nichil</span> <span class='ocrx_word' id='word_1_191' title='bbox 1251 2534 1363 2624; x_wconf 80' lang='lat' dir='ltr'>partiri</span> <span class='ocrx_word' id='word_1_192' title='bbox 1379 2533 1458 2599; x_wconf 87' lang='lat' dir='ltr'>debet</span> 
     </span>
     <span class='ocr_line' id='line_1_22' title="bbox 374 2648 439 2708; baseline 0.031 -2"><span class='ocrx_word' id='word_1_193' title='bbox 374 2648 439 2708; x_wconf 77' lang='lat' dir='ltr'>etc</span> 
     </span>
     <span class='ocr_line' id='line_1_23' title="bbox 442 2741 1460 2832; baseline -0.004 -22"><span class='ocrx_word' id='word_1_194' title='bbox 442 2745 554 2810; x_wconf 85' lang='lat' dir='ltr'>Assisa</span> <span class='ocrx_word' id='word_1_195' title='bbox 567 2745 661 2810; x_wconf 90' lang='lat' dir='ltr'>uenit</span> <span class='ocrx_word' id='word_1_196' title='bbox 675 2745 882 2832; x_wconf 77' lang='lat' dir='ltr'>recognitum</span> <span class='ocrx_word' id='word_1_197' title='bbox 896 2744 925 2810; x_wconf 91' lang='lat' dir='ltr'>si</span> <span class='ocrx_word' id='word_1_198' title='bbox 938 2745 1086 2832; x_wconf 84' lang='lat' dir='ltr'>Rogerus</span> <span class='ocrx_word' id='word_1_199' title='bbox 1100 2745 1238 2810; x_wconf 83' lang='lat' dir='ltr'>Testard</span> <span class='ocrx_word' id='word_1_200' title='bbox 1251 2754 1345 2832; x_wconf 86' lang='lat' dir='ltr'>pater</span> <span class='ocrx_word' id='word_1_201' title='bbox 1357 2741 1460 2810; x_wconf 85' lang='lat' dir='ltr'>Willcl·</span> 
     </span>
     <span class='ocr_line' id='line_1_24' title="bbox 315 2845 1460 2916; baseline -0.007 0"><span class='ocrx_word' id='word_1_202' title='bbox 315 2880 321 2892; x_wconf 95' lang='lat'><strong>·</strong></span> <span class='ocrx_word' id='word_1_203' title='bbox 376 2850 423 2916; x_wconf 90' lang='lat' dir='ltr'>mi</span> <span class='ocrx_word' id='word_1_204' title='bbox 445 2850 510 2915; x_wconf 88' lang='lat' dir='ltr'>fuit</span> <span class='ocrx_word' id='word_1_205' title='bbox 531 2849 662 2914; x_wconf 78' lang='lat' dir='ltr'>saisitus</span> <span class='ocrx_word' id='word_1_206' title='bbox 681 2850 717 2914; x_wconf 90' lang='lat' dir='ltr'>in</span> <span class='ocrx_word' id='word_1_207' title='bbox 738 2849 900 2914; x_wconf 90' lang='lat' dir='ltr'>dominico</span> <span class='ocrx_word' id='word_1_208' title='bbox 921 2871 980 2914; x_wconf 88' lang='lat' dir='ltr'>suo</span> <span class='ocrx_word' id='word_1_209' title='bbox 1002 2857 1041 2914; x_wconf 93' lang='lat' dir='ltr'>ut</span> <span class='ocrx_word' id='word_1_210' title='bbox 1066 2850 1108 2914; x_wconf 88' lang='lat' dir='ltr'>dc</span> <span class='ocrx_word' id='word_1_211' title='bbox 1130 2849 1224 2915; x_wconf 85' lang='lat' dir='ltr'>feodo</span> <span class='ocrx_word' id='word_1_212' title='bbox 1245 2850 1286 2915; x_wconf 87' lang='lat' dir='ltr'>de</span> <span class='ocrx_word' id='word_1_213' title='bbox 1307 2850 1379 2915; x_wconf 89' lang='lat' dir='ltr'>dim.</span> <span class='ocrx_word' id='word_1_214' title='bbox 1398 2845 1460 2912; x_wconf 85' lang='lat' dir='ltr'>hida</span> 
     </span>
     <span class='ocr_line' id='line_1_25' title="bbox 377 2952 1459 3040; baseline -0.007 -20"><span class='ocrx_word' id='word_1_215' title='bbox 377 2965 462 3020; x_wconf 88' lang='lat' dir='ltr'>terre</span> <span class='ocrx_word' id='word_1_216' title='bbox 491 2975 567 3019; x_wconf 88' lang='lat' dir='ltr'>cum</span> <span class='ocrx_word' id='word_1_217' title='bbox 596 2961 677 3040; x_wconf 88' lang='lat' dir='ltr'>pert.</span> <span class='ocrx_word' id='word_1_218' title='bbox 707 2953 742 3018; x_wconf 91' lang='lat' dir='ltr'>in</span> <span class='ocrx_word' id='word_1_219' title='bbox 773 2953 888 3018; x_wconf 84' lang='lat' dir='ltr'>Slifeld</span> <span class='ocrx_word' id='word_1_220' title='bbox 917 2952 1013 3040; x_wconf 86' lang='lat' dir='ltr'>quas⁴</span> <span class='ocrx_word' id='word_1_221' title='bbox 1041 2953 1227 3019; x_wconf 90' lang='lat' dir='ltr'>Willelmus</span> <span class='ocrx_word' id='word_1_222' title='bbox 1257 2954 1409 3020; x_wconf 86' lang='lat' dir='ltr'>Mauhant</span> <span class='ocrx_word' id='word_1_223' title='bbox 1431 2959 1459 3014; x_wconf 88' lang='lat' dir='ltr'>et</span> 
     </span>
     <span class='ocr_line' id='line_1_26' title="bbox 378 3054 1461 3146; baseline -0.006 -22"><span class='ocrx_word' id='word_1_224' title='bbox 378 3060 489 3145; x_wconf 89' lang='lat' dir='ltr'>Luoya</span> <span class='ocrx_word' id='word_1_225' title='bbox 513 3081 595 3122; x_wconf 86' lang='lat' dir='ltr'>uxor</span> <span class='ocrx_word' id='word_1_226' title='bbox 616 3058 687 3122; x_wconf 89' lang='lat' dir='ltr'>eius</span> <span class='ocrx_word' id='word_1_227' title='bbox 709 3065 826 3122; x_wconf 87' lang='lat' dir='ltr'>tenent</span> <span class='ocrx_word' id='word_1_228' title='bbox 847 3066 882 3122; x_wconf 92' lang='lat' dir='ltr'>et</span> <span class='ocrx_word' id='word_1_229' title='bbox 906 3056 948 3122; x_wconf 90' lang='lat' dir='ltr'>de</span> <span class='ocrx_word' id='word_1_230' title='bbox 970 3057 994 3143; x_wconf 91' lang='lat' dir='ltr'>j.</span> <span class='ocrx_word' id='word_1_231' title='bbox 1019 3057 1102 3144; x_wconf 88' lang='lat' dir='ltr'>uirg.</span> <span class='ocrx_word' id='word_1_232' title='bbox 1130 3065 1216 3122; x_wconf 86' lang='lat' dir='ltr'>terre</span> <span class='ocrx_word' id='word_1_233' title='bbox 1241 3081 1317 3124; x_wconf 91' lang='lat' dir='ltr'>cum</span> <span class='ocrx_word' id='word_1_234' title='bbox 1341 3054 1461 3146; x_wconf 84' lang='lat' dir='ltr'>pertin</span> 
     </span>
     <span class='ocr_line' id='line_1_27' title="bbox 378 3161 1462 3250; baseline -0.006 -22"><span class='ocrx_word' id='word_1_235' title='bbox 378 3162 564 3229; x_wconf 85' lang='lat' dir='ltr'>Gendeford</span> <span class='ocrx_word' id='word_1_236' title='bbox 594 3185 692 3248; x_wconf 89' lang='lat' dir='ltr'>quam</span> <span class='ocrx_word' id='word_1_237' title='bbox 721 3161 863 3227; x_wconf 84' lang='lat' dir='ltr'>Thomas</span> <span class='ocrx_word' id='word_1_238' title='bbox 888 3162 919 3226; x_wconf 92' lang='lat' dir='ltr'>le</span> <span class='ocrx_word' id='word_1_239' title='bbox 945 3161 1046 3226; x_wconf 88' lang='lat' dir='ltr'>Prute</span> <span class='ocrx_word' id='word_1_240' title='bbox 1076 3170 1169 3227; x_wconf 86' lang='lat' dir='ltr'>tenet</span> <span class='ocrx_word' id='word_1_241' title='bbox 1191 3162 1247 3228; x_wconf 87' lang='lat' dir='ltr'>die</span> <span class='ocrx_word' id='word_1_242' title='bbox 1270 3186 1334 3250; x_wconf 90' lang='lat' dir='ltr'>quo</span> <span class='ocrx_word' id='word_1_243' title='bbox 1354 3171 1416 3237; x_wconf 87' lang='lat' dir='ltr'>etc,</span> <span class='ocrx_word' id='word_1_244' title='bbox 1433 3165 1462 3222; x_wconf 84' lang='lat' dir='ltr'>ct</span> 
     </span>
     <span class='ocr_line' id='line_1_28' title="bbox 378 3264 1462 3352; baseline -0.006 -20"><span class='ocrx_word' id='word_1_245' title='bbox 378 3267 406 3332; x_wconf 87' lang='lat' dir='ltr'>si</span> <span class='ocrx_word' id='word_1_246' title='bbox 424 3266 505 3332; x_wconf 90' lang='lat' dir='ltr'>obiit</span> <span class='ocrx_word' id='word_1_247' title='bbox 525 3275 599 3352; x_wconf 85' lang='lat' dir='ltr'>post</span> <span class='ocrx_word' id='word_1_248' title='bbox 618 3266 796 3331; x_wconf 88' lang='lat' dir='ltr'>terminum</span> <span class='ocrx_word' id='word_1_249' title='bbox 817 3275 877 3330; x_wconf 87' lang='lat' dir='ltr'>etc.</span> <span class='ocrx_word' id='word_1_250' title='bbox 922 3265 967 3330; x_wconf 87' lang='lat' dir='ltr'>Et</span> <span class='ocrx_word' id='word_1_251' title='bbox 988 3266 1100 3352; x_wconf 86' lang='lat' dir='ltr'>Lucya</span> <span class='ocrx_word' id='word_1_252' title='bbox 1121 3267 1214 3332; x_wconf 89' lang='lat' dir='ltr'>uenit</span> <span class='ocrx_word' id='word_1_253' title='bbox 1236 3276 1288 3332; x_wconf 88' lang='lat' dir='ltr'>set</span> <span class='ocrx_word' id='word_1_254' title='bbox 1304 3264 1462 3332; x_wconf 88' lang='lat' dir='ltr'>Willelmus</span> 
     </span>
     <span class='ocr_line' id='line_1_29' title="bbox 380 3368 1463 3455; baseline 0.002 -21"><span class='ocrx_word' id='word_1_255' title='bbox 380 3370 431 3435; x_wconf 91' lang='lat' dir='ltr'>uir</span> <span class='ocrx_word' id='word_1_256' title='bbox 440 3369 511 3434; x_wconf 88' lang='lat' dir='ltr'>eius</span> <span class='ocrx_word' id='word_1_257' title='bbox 525 3392 585 3434; x_wconf 91' lang='lat' dir='ltr'>nec</span> <span class='ocrx_word' id='word_1_258' title='bbox 596 3368 737 3434; x_wconf 85' lang='lat' dir='ltr'>Thomas</span> <span class='ocrx_word' id='word_1_259' title='bbox 748 3369 914 3455; x_wconf 88' lang='lat' dir='ltr'>predictus</span> <span class='ocrx_word' id='word_1_260' title='bbox 929 3377 1092 3434; x_wconf 87' lang='lat' dir='ltr'>uenerunt</span> <span class='ocrx_word' id='word_1_261' title='bbox 1102 3378 1136 3435; x_wconf 91' lang='lat' dir='ltr'>et</span> <span class='ocrx_word' id='word_1_262' title='bbox 1148 3372 1338 3436; x_wconf 91' lang='lat' dir='ltr'>summoniti</span> <span class='ocrx_word' id='word_1_263' title='bbox 1351 3371 1463 3436; x_wconf 78' lang='lat' dir='ltr'>neunt</span> 
     </span>
     <span class='ocr_line' id='line_1_30' title="bbox 380 3472 1462 3560; baseline -0.004 -22"><span class='ocrx_word' id='word_1_264' title='bbox 380 3472 467 3560; x_wconf 92' lang='lat' dir='ltr'>quod</span> <span class='ocrx_word' id='word_1_265' title='bbox 481 3480 590 3538; x_wconf 88' lang='lat' dir='ltr'>essent</span> <span class='ocrx_word' id='word_1_266' title='bbox 605 3472 664 3538; x_wconf 89' lang='lat' dir='ltr'>tali</span> <span class='ocrx_word' id='word_1_267' title='bbox 678 3472 731 3537; x_wconf 88' lang='lat' dir='ltr'>die</span> <span class='ocrx_word' id='word_1_268' title='bbox 747 3481 807 3537; x_wconf 85' lang='lat' dir='ltr'>etc</span> <span class='ocrx_word' id='word_1_269' title='bbox 820 3472 967 3537; x_wconf 87' lang='lat' dir='ltr'>audituri</span> <span class='ocrx_word' id='word_1_270' title='bbox 980 3473 1150 3539; x_wconf 85' lang='lat' dir='ltr'>recordum</span> <span class='ocrx_word' id='word_1_271' title='bbox 1162 3483 1197 3539; x_wconf 87' lang='lat' dir='ltr'>et</span> <span class='ocrx_word' id='word_1_272' title='bbox 1207 3475 1363 3541; x_wconf 91' lang='lat' dir='ltr'>iudicium</span> <span class='ocrx_word' id='word_1_273' title='bbox 1372 3494 1462 3545; x_wconf 88' lang='lat' dir='ltr'>snum,</span> 
     </span>
     <span class='ocr_line' id='line_1_31' title="bbox 379 3578 1464 3665; baseline -0.004 -24"><span class='ocrx_word' id='word_1_274' title='bbox 379 3578 414 3642; x_wconf 89' lang='lat' dir='ltr'>in</span> <span class='ocrx_word' id='word_1_275' title='bbox 437 3600 474 3643; x_wconf 87' lang='lat' dir='ltr'>eo</span> <span class='ocrx_word' id='word_1_276' title='bbox 494 3585 584 3643; x_wconf 83' lang='lat' dir='ltr'>statu</span> <span class='ocrx_word' id='word_1_277' title='bbox 607 3600 671 3665; x_wconf 90' lang='lat' dir='ltr'>quo</span> <span class='ocrx_word' id='word_1_278' title='bbox 691 3578 755 3642; x_wconf 85' lang='lat' dir='ltr'>fuit</span> <span class='ocrx_word' id='word_1_279' title='bbox 773 3585 851 3642; x_wconf 86' lang='lat' dir='ltr'>ants</span> <span class='ocrx_word' id='word_1_280' title='bbox 865 3599 1032 3665; x_wconf 81' lang='lat' dir='ltr'>guerram,</span> <span class='ocrx_word' id='word_1_281' title='bbox 1047 3587 1084 3643; x_wconf 89' lang='lat' dir='ltr'>et</span> <span class='ocrx_word' id='word_1_282' title='bbox 1098 3587 1177 3644; x_wconf 92' lang='lat' dir='ltr'>tunc</span> <span class='ocrx_word' id='word_1_283' title='bbox 1191 3602 1226 3644; x_wconf 85' lang='lat' dir='ltr'>se</span> <span class='ocrx_word' id='word_1_284' title='bbox 1241 3580 1464 3645; x_wconf 84' lang='lat' dir='ltr'>essonisuerunt</span> 
     </span>
     <span class='ocr_line' id='line_1_32' title="bbox 380 3681 1464 3768; baseline -0.004 -21"><span class='ocrx_word' id='word_1_285' title='bbox 380 3690 415 3747; x_wconf 89' lang='lat' dir='ltr'>et</span> <span class='ocrx_word' id='word_1_286' title='bbox 430 3681 615 3747; x_wconf 88' lang='lat' dir='ltr'>habuerunt</span> <span class='ocrx_word' id='word_1_287' title='bbox 630 3681 717 3747; x_wconf 88' lang='lat' dir='ltr'>diem</span> <span class='ocrx_word' id='word_1_288' title='bbox 732 3703 791 3768; x_wconf 89' lang='lat' dir='ltr'>per</span> <span class='ocrx_word' id='word_1_289' title='bbox 811 3681 1022 3747; x_wconf 82' lang='lat' dir='ltr'>essoniatores</span> <span class='ocrx_word' id='word_1_290' title='bbox 1041 3704 1116 3747; x_wconf 87' lang='lat' dir='ltr'>suos</span> <span class='ocrx_word' id='word_1_291' title='bbox 1129 3683 1191 3748; x_wconf 85' lang='lat' dir='ltr'>tali</span> <span class='ocrx_word' id='word_1_292' title='bbox 1204 3684 1259 3750; x_wconf 87' lang='lat' dir='ltr'>die</span> <span class='ocrx_word' id='word_1_293' title='bbox 1272 3693 1341 3762; x_wconf 87' lang='lat' dir='ltr'>etc,</span> <span class='ocrx_word' id='word_1_294' title='bbox 1354 3691 1386 3747; x_wconf 88' lang='lat' dir='ltr'>et</span> <span class='ocrx_word' id='word_1_295' title='bbox 1399 3694 1464 3746; x_wconf 88' lang='lat' dir='ltr'>tunc</span> 
     </span>
    </p>
   </div>
   <div class='ocr_carea' id='block_1_3' title="bbox 374 3764 1525 4289">
    <p class='ocr_par' dir='ltr' id='par_1_3' title="bbox 374 3764 1525 3956">
     <span class='ocr_line' id='line_1_33' title="bbox 374 3764 1525 3875; baseline -0.003 -26"><span class='ocrx_word' id='word_1_296' title='bbox 374 3808 445 3850; x_wconf 88' lang='lat' dir='ltr'>non</span> <span class='ocrx_word' id='word_1_297' title='bbox 473 3793 644 3864; x_wconf 86' lang='lat' dir='ltr'>uenerunt,</span> <span class='ocrx_word' id='word_1_298' title='bbox 668 3794 702 3850; x_wconf 89' lang='lat' dir='ltr'>et</span> <span class='ocrx_word' id='word_1_299' title='bbox 724 3785 798 3850; x_wconf 87' lang='lat' dir='ltr'>idco</span> <span class='ocrx_word' id='word_1_300' title='bbox 821 3785 1060 3852; x_wconf 89' lang='lat' dir='ltr'>consideratum</span> <span class='ocrx_word' id='word_1_301' title='bbox 1085 3787 1149 3853; x_wconf 84' lang='lat' dir='ltr'>fuit</span> <span class='ocrx_word' id='word_1_302' title='bbox 1173 3788 1261 3874; x_wconf 93' lang='lat' dir='ltr'>quod</span> <span class='ocrx_word' id='word_1_303' title='bbox 1284 3811 1340 3875; x_wconf 89' lang='lat' dir='ltr'>pro</span> <span class='ocrx_word' id='word_1_304' title='bbox 1360 3783 1466 3851; x_wconf 76' lang='lat' dir='ltr'>defalta</span> <span class='ocrx_word' id='word_1_305' title='bbox 1524 3764 1525 3781; x_wconf 12' lang='grc' dir='ltr'><strong>Χ</strong></span> 
     </span>
     <span class='ocr_line' id='line_1_34' title="bbox 381 3890 890 3956; baseline 0.002 -1"><span class='ocrx_word' id='word_1_306' title='bbox 381 3913 492 3956; x_wconf 90' lang='lat' dir='ltr'>eorum</span> <span class='ocrx_word' id='word_1_307' title='bbox 508 3913 573 3955; x_wconf 90' lang='lat' dir='ltr'>non</span> <span class='ocrx_word' id='word_1_308' title='bbox 587 3900 769 3956; x_wconf 88' lang='lat' dir='ltr'>remaneret</span> <span class='ocrx_word' id='word_1_309' title='bbox 784 3890 890 3956; x_wconf 87' lang='lat' dir='ltr'>assisa</span> 
     </span>
    </p>

    <p class='ocr_par' dir='ltr' id='par_1_4' title="bbox 382 3989 1525 4289">
     <span class='ocr_line' id='line_1_35' title="bbox 446 3989 1525 4084; baseline -0.004 -26"><span class='ocrx_word' id='word_1_310' title='bbox 446 3994 615 4059; x_wconf 78' lang='lat' dir='ltr'>duratores</span> <span class='ocrx_word' id='word_1_311' title='bbox 638 3994 752 4060; x_wconf 90' lang='lat' dir='ltr'>dicunt</span> <span class='ocrx_word' id='word_1_312' title='bbox 775 3995 862 4081; x_wconf 91' lang='lat' dir='ltr'>quod</span> <span class='ocrx_word' id='word_1_313' title='bbox 886 3995 1032 4084; x_wconf 84' lang='lat' dir='ltr'>Rogems</span> <span class='ocrx_word' id='word_1_314' title='bbox 1054 3995 1104 4061; x_wconf 89' lang='lat' dir='ltr'>its</span> <span class='ocrx_word' id='word_1_315' title='bbox 1125 3996 1207 4063; x_wconf 91' lang='lat' dir='ltr'>obiit</span> <span class='ocrx_word' id='word_1_316' title='bbox 1229 3997 1354 4063; x_wconf 82' lang='lat' dir='ltr'>saisitus</span> <span class='ocrx_word' id='word_1_317' title='bbox 1375 4002 1412 4060; x_wconf 91' lang='lat' dir='ltr'>ut</span> <span class='ocrx_word' id='word_1_318' title='bbox 1432 3989 1466 4055; x_wconf 84' lang='lat' dir='ltr'>dc</span> <span class='ocrx_word' id='word_1_319' title='bbox 1524 3996 1525 4035; x_wconf 80' lang='grc' dir='ltr'>ῑ</span> 
     </span>
     <span class='ocr_line' id='line_1_36' title="bbox 383 4097 1525 4186; baseline -0.004 -24"><span class='ocrx_word' id='word_1_320' title='bbox 383 4097 476 4163; x_wconf 84' lang='lat' dir='ltr'>feodo</span> <span class='ocrx_word' id='word_1_321' title='bbox 498 4107 557 4163; x_wconf 83' lang='lat' dir='ltr'>etc</span> <span class='ocrx_word' id='word_1_322' title='bbox 582 4107 617 4163; x_wconf 91' lang='lat' dir='ltr'>et</span> <span class='ocrx_word' id='word_1_323' title='bbox 639 4107 713 4185; x_wconf 86' lang='lat' dir='ltr'>post</span> <span class='ocrx_word' id='word_1_324' title='bbox 734 4099 911 4164; x_wconf 85' lang='lat' dir='ltr'>terminum</span> <span class='ocrx_word' id='word_1_325' title='bbox 937 4107 997 4164; x_wconf 86' lang='lat' dir='ltr'>etc</span> <span class='ocrx_word' id='word_1_326' title='bbox 1022 4107 1057 4164; x_wconf 84' lang='lat' dir='ltr'>et</span> <span class='ocrx_word' id='word_1_327' title='bbox 1080 4098 1168 4186; x_wconf 89' lang='lat' dir='ltr'>quod</span> <span class='ocrx_word' id='word_1_328' title='bbox 1192 4099 1281 4166; x_wconf 93' lang='lat' dir='ltr'>idem</span> <span class='ocrx_word' id='word_1_329' title='bbox 1302 4099 1467 4167; x_wconf 82' lang='lat' dir='ltr'>Willelmus</span> <span class='ocrx_word' id='word_1_330' title='bbox 1524 4122 1525 4145; x_wconf 72' lang='lat'>1</span> 
     </span>
     <span class='ocr_line' id='line_1_37' title="bbox 382 4199 1525 4289; baseline 0.003 -21"><span class='ocrx_word' id='word_1_331' title='bbox 382 4201 593 4289; x_wconf 88' lang='lat' dir='ltr'>propinquior</span> <span class='ocrx_word' id='word_1_332' title='bbox 614 4203 707 4268; x_wconf 86' lang='lat' dir='ltr'>heres</span> <span class='ocrx_word' id='word_1_333' title='bbox 729 4204 799 4269; x_wconf 86' lang='lat' dir='ltr'>sius</span> <span class='ocrx_word' id='word_1_334' title='bbox 821 4211 878 4270; x_wconf 86' lang='lat' dir='ltr'>cst.</span> <span class='ocrx_word' id='word_1_335' title='bbox 925 4203 969 4268; x_wconf 85' lang='lat' dir='ltr'>Et</span> <span class='ocrx_word' id='word_1_336' title='bbox 988 4203 1061 4269; x_wconf 90' lang='lat' dir='ltr'>ideo</span> <span class='ocrx_word' id='word_1_337' title='bbox 1081 4203 1316 4271; x_wconf 87' lang='lat' dir='ltr'>consideratum</span> <span class='ocrx_word' id='word_1_338' title='bbox 1333 4199 1467 4288; x_wconf 73' lang='lat' dir='ltr'>estquod</span> <span class='ocrx_word' id='word_1_339' title='bbox 1524 4224 1525 4231; x_wconf 53' lang='lat'>¹</span> 
     </span>
    </p>
   </div>
   <div class='ocr_carea' id='block_1_4' title="bbox 513 4339 1329 4457">
    <p class='ocr_par' dir='ltr' id='par_1_5' title="bbox 513 4339 1329 4457">
     <span class='ocr_line' id='line_1_38' title="bbox 515 4339 1329 4405; baseline 0.005 -17"><span class='ocrx_word' id='word_1_340' title='bbox 515 4339 523 4370; x_wconf 86' lang='lat'>¹</span> <span class='ocrx_word' id='word_1_341' title='bbox 542 4341 611 4391; x_wconf 85' lang='lat' dir='ltr'>Corr.</span> <span class='ocrx_word' id='word_1_342' title='bbox 622 4345 728 4405; x_wconf 80' lang='lat' dir='ltr'>pelenti.</span> <span class='ocrx_word' id='word_1_343' title='bbox 1090 4342 1101 4375; x_wconf 84' lang='lat'><strong>³</strong></span> <span class='ocrx_word' id='word_1_344' title='bbox 1117 4343 1189 4392; x_wconf 81' lang='lat' dir='ltr'>Corr.</span> <span class='ocrx_word' id='word_1_345' title='bbox 1201 4350 1329 4394; x_wconf 71' lang='lat' dir='ltr'>uerterunt.</span> 
     </span>
     <span class='ocr_line' id='line_1_39' title="bbox 513 4405 1169 4457; baseline 0.005 -3"><span class='ocrx_word' id='word_1_346' title='bbox 513 4405 523 4434; x_wconf 79' lang='lat'><strong>²</strong></span> <span class='ocrx_word' id='word_1_347' title='bbox 540 4405 616 4456; x_wconf 83' lang='lat' dir='ltr'>Alios.</span> <span class='ocrx_word' id='word_1_348' title='bbox 1090 4409 1102 4440; x_wconf 77' lang='lat'>⁴</span> <span class='ocrx_word' id='word_1_349' title='bbox 1119 4408 1169 4457; x_wconf 83' lang='lat' dir='ltr'>Sic.</span> 
     </span>
    </p>
   </div>
   <div class='ocr_carea' id='block_1_5' title="bbox 0 0 1607 5075">
    <p class='ocr_par' dir='ltr' id='par_1_6' title="bbox 0 0 1607 5075">
     <span class='ocr_line' id='line_1_40' title="bbox 0 0 1607 5075; baseline 0 0"><span class='ocrx_word' id='word_1_350' title='bbox 0 0 1607 5075; x_wconf 95' lang='lat' dir='ltr'> </span> 
     </span>
    </p>
   </div>
  </div>
 </body>
</html>
