3167 5075
281 428 304 489 6,
592 436 729 497 merse,
752 434 819 486 an.
843 422 936 499 1224,
958 435 1022 486 aa
1046 424 1076 485 8.

280 607 421 686 debebit,
436 614 487 673 set
509 606 589 673 dicit
610 606 784 693 quodnon
806 605 940 671 uidetur
961 606 993 671 ci
1014 606 1101 693 quod
1122 606 1242 673 debeat
1263 607 1388 678 adhoc

280 713 380 779 breue
395 712 458 799 ipsi
472 710 664 798 respondere
679 710 757 797 quia
777 710 939 776 Robertus
958 720 1052 798 pater
1072 712 1217 779 eiusdem
1234 712 1391 779 Willelmi

274 819 387 887 'adhuc
403 818 489 885 uiuit
503 818 560 905 qui
575 818 656 885 adeo
670 840 828 906 magnum
842 818 894 883 ius
908 818 1009 884 habet
1023 818 1109 883 sicut
1123 818 1193 905 ipse
1208 819 1391 885 Willelmus

281 923 310 989 si
338 923 389 988 ius
418 922 554 987 haberet
572 928 618 987 'et
646 920 720 985 idco
748 944 815 985 non
841 921 915 985 uult
940 921 972 986 ei
996 921 1189 1007 respondere
1214 922 1278 988 nisi
1301 923 1392 988 curia

281 1025 540 1093 considerauerit.
641 1088 643 1093 .

348 1130 392 1195 Et
414 1129 576 1195 Robertus
598 1150 729 1216 presens
751 1138 804 1195 est
828 1138 864 1196 et
887 1130 968 1195 dicit
991 1130 1079 1216 quod
1101 1130 1171 1217 ipse
1195 1153 1261 1195 non
1284 1138 1393 1216 potest

283 1257 352 1301 esse
373 1234 467 1301 heres
488 1240 524 1299 et
545 1233 703 1312 dominus,
718 1244 752 1299 et
773 1234 862 1299 filius
883 1258 961 1300 suus
982 1235 1082 1300 debet
1103 1234 1144 1301 de
1164 1257 1202 1301 eo
1225 1244 1337 1301 tenere
1357 1245 1392 1301 et

283 1337 356 1405 ideo
371 1361 435 1403 non
450 1346 558 1424 potest
573 1338 642 1424 ipse
662 1337 801 1403 clamare
819 1338 951 1424 aliquid
997 1340 1042 1405 Et
1064 1339 1142 1426 quia
1162 1340 1262 1405 nichil
1284 1349 1394 1427 pomst

284 1440 476 1512 descendere
498 1439 660 1507 Willelmo
679 1440 742 1505 nisi
762 1462 822 1527 per
842 1440 1024 1507 Robertum
1046 1449 1081 1507 et
1102 1442 1265 1509 Robertus
1285 1444 1393 1509 adhuc

284 1543 381 1621 uiuit,
396 1543 522 1609 desicut
545 1567 609 1609 non
632 1552 709 1609 sunt
730 1552 882 1630 parentes
903 1544 992 1611 idem
1011 1545 1196 1611 Willelmua
1218 1555 1253 1611 et
1272 1547 1393 1626 Abbes,

284 1646 521 1713 consideratum
545 1648 703 1733 estquod
725 1647 838 1713 Abbes
858 1670 924 1712 nou
949 1647 1141 1734 respondeat
1165 1649 1336 1727 Willelmo,
1357 1658 1393 1715 et

285 1749 358 1814 ideo
371 1749 482 1814 Abbes
497 1749 566 1813 sine
581 1748 634 1814 die
649 1757 683 1815 et
696 1748 881 1816 Willelmus
894 1749 930 1815 in
944 1750 1162 1817 misericordie
1173 1774 1233 1839 per
1246 1752 1392 1841 plegium

286 1852 423 1918 Roberti
437 1852 540 1939 patris
554 1852 605 1918 sui
610 1851 628 1919 ¹.

227 2000 233 2015 .
351 1956 451 2043 Hugo
465 1955 506 2021 de
527 1954 655 2043 Sloges'
675 1978 787 2023 uersus
810 1956 986 2044 Hugonem
1008 1957 1049 2023 de
1071 1957 1304 2046 Herdeberghe
1326 1959 1390 2045 xvj.

229 2080 234 2093 ·
286 2063 366 2149 uirg.
391 2069 476 2127 terre
503 2084 577 2127 cum
603 2068 683 2148 pert.
708 2061 744 2125 in
769 2061 1003 2149 Herdeberghe
1032 2070 1072 2128 ut
1100 2062 1152 2128 ius
1180 2084 1276 2128 suum
1305 2063 1392 2129 unde

285 2166 470 2234 Willelmus
484 2174 665 2232 antecessor
679 2188 757 2231 suus
772 2165 836 2231 suit
850 2165 980 2231 scisitus
995 2175 1034 2231 ut
1049 2166 1089 2231 de
1105 2167 1198 2232 feodo
1213 2176 1248 2231 et
1266 2167 1337 2232 iure
1357 2175 1393 2231 et

285 2270 320 2335 in
335 2269 495 2335 dominico
510 2277 655 2355 tempore
675 2270 717 2333 H.
733 2268 834 2355 Regis
853 2268 956 2355 patris
975 2269 1211 2355 Imperatricis⁸
1225 2270 1291 2335 scil.
1307 2292 1394 2335 anno

285 2382 320 2440 et
334 2374 387 2439 die
401 2396 466 2461 quo
481 2373 563 2437 obiit
577 2372 733 2459 capiendo
747 2372 824 2437 inde
839 2373 970 2459 expleta
988 2373 1030 2438 ad
1050 2374 1229 2439 ualenciam
1245 2373 1269 2459 j.
1285 2396 1393 2440 marce

285 2475 375 2542 etde
390 2473 553 2540 Willelmo
568 2473 735 2540 descendit
750 2474 802 2540 ius
816 2484 902 2540 terre
916 2474 1005 2542 illius
1018 2476 1178 2564 Margerie
1199 2477 1265 2543 filie
1285 2500 1343 2544 sue
1358 2486 1394 2544 et

284 2578 326 2645 de
355 2578 517 2666 Margeria
544 2577 705 2665 Margerie
735 2577 802 2644 filie
830 2601 888 2645 sue
913 2588 949 2645 ct
974 2580 1015 2645 de
1038 2581 1110 2667 ipsa
1133 2582 1294 2669 Margeria
1316 2583 1394 2649 huic

285 2681 421 2769 Hugoni
434 2689 474 2747 ut
488 2681 554 2746 filio
570 2691 605 2747 et
619 2680 730 2748 heredi
745 2705 804 2748 suo
819 2692 853 2749 et
867 2682 928 2750 hoc
942 2685 1037 2751 offert
1051 2694 1110 2751 etc
1130 2685 1136 2773 Ι

213 2831 218 2842 .
353 2786 396 2852 Et
412 2786 512 2873 Hugo
527 2785 567 2852 de
586 2785 819 2874 Herdebsrghe
839 2790 933 2854 uenit
952 2798 987 2856 et
1006 2791 1153 2857 defendit
1173 2792 1224 2858 ius
1243 2813 1340 2858 suum
1359 2801 1394 2857 et

285 2888 436 2954 seisinam
462 2888 620 2953 willelmi
645 2896 680 2954 et
706 2897 814 2954 totum
840 2897 900 2956 etc
927 2900 962 2956 et
990 2893 1084 2979 ponit
1112 2915 1147 2959 se
1176 2894 1211 2959 in
1240 2917 1394 2981 magnam

284 2992 416 3058 assisam
431 2992 525 3058 Dom.
542 2992 642 3079 Regis
656 2999 691 3057 et
710 2993 797 3078 petit
816 2995 1071 3081 recognioionem
1093 2997 1164 3062 fieri
1185 2997 1259 3085 quis
1281 3021 1393 3063 eorum

284 3095 389 3161 maius
417 3096 469 3162 ius
498 3096 617 3161 habeat
642 3096 677 3162 in
703 3106 790 3162 terra
818 3097 876 3162 illa
903 3105 938 3163 et
963 3099 1058 3165 offert
1087 3100 1181 3166 Dom.
1209 3100 1309 3187 Regi⁴
1335 3122 1394 3187 pro

284 3198 434 3266 habenda
447 3199 613 3266 moncione
628 3200 669 3265 de
684 3200 830 3287 predicto
845 3209 999 3288 tempore,
1014 3212 1049 3268 et
1063 3204 1220 3292 recipitur

190 3307 235 3368 '.
351 3302 531 3368 Nicholaus
557 3304 706 3369 Blundus
731 3312 767 3369 et
787 3305 900 3391 Agnes
921 3329 1002 3370 uxor
1022 3307 1093 3372 eius
1113 3331 1172 3394 per
1192 3317 1395 3376 attornatum

225 3415 242 3446 ¹·
284 3429 380 3472 suum
395 3414 514 3492 petunt
533 3429 645 3472 uersus
667 3407 824 3472 Thomam
843 3409 947 3474 filium
965 3409 1091 3476 Yuouis
1111 3413 1244 3478 terciam
1264 3421 1392 3500 partem

285 3520 401 3597 quater
422 3510 542 3598 uiginti
564 3520 598 3577 ct
619 3512 694 3598 xvij.
718 3535 778 3578 scr.
802 3522 887 3578 terre
909 3522 944 3578 et
971 3515 1103 3580 terciam
1128 3525 1255 3603 partem
1278 3540 1308 3581 x.
1330 3537 1395 3583 acr.

285 3621 370 3679 terre
395 3636 469 3680 cum
493 3623 574 3701 pert.
597 3617 632 3681 in
656 3617 743 3702 Bray
765 3624 805 3682 ut
830 3617 881 3682 ius
906 3639 1002 3692 suum
1025 3627 1085 3685 etc.
1109 3628 1144 3685 et
1166 3619 1394 3685 racionabilem

285 3719 468 3802 porcionem
482 3741 575 3785 suam
590 3727 650 3785 etc.
666 3741 730 3806 que
744 3719 849 3806 ipsam
864 3723 1029 3808 Agnetcm
1044 3724 1205 3811 contingit
1220 3732 1281 3789 etc

351 3821 396 3886 Et
411 3823 551 3887 'I‘homas
566 3823 659 3888 uenit
680 3831 715 3888 et
734 3823 816 3889 dicit
837 3825 924 3911 quod
946 3833 1032 3890 terra
1053 3825 1111 3890 illa
1132 3835 1182 3890 est
1204 3826 1245 3891 de
1265 3827 1394 3914 socagio

285 3921 378 3990 Dom
402 3925 503 4013 Regis
524 3935 559 3990 et
584 3925 745 3992 dominico
771 3949 829 3992 suo
851 3936 887 3993 et
908 3928 981 3993 ideo
1002 3952 1067 3994 non
1089 3929 1164 3995 uult
1184 3929 1394 4016 respondere⁸

250 4118 254 4126 ·
318 4087 397 4136 ¹For
424 4083 470 4135 the
496 4086 553 4136 ruls
581 4086 641 4164 tuat
669 4085 713 4136 the
740 4102 813 4138 same
865 4088 1241 4165 '‘dommummtioned.
1275 4091 1391 4144 'I'heob-

284 4151 810 4276 xttttttffttttthtttz
861 4157 1008 4270 'edi-{fed
1028 4155 1393 4273 ῗῗὶοὼῶηέῗίἓῃωὲἕ

285 4283 313 4332 It
323 4295 406 4332 seems
417 4284 445 4332 to
455 4281 523 4332 have
534 4282 686 4334 occasioned
701 4282 812 4334 difficult
862 4288 982 4334 incestor
1003 4299 1056 4335 uas
1078 4285 1161 4336 seised
1180 4285 1227 4337 the
1242 4302 1347 4339 essenos
1362 4289 1394 4339 of

286 4347 424 4411 problema
862 4348 996 4398 theissue.
1030 4351 1079 4401 See
1090 4352 1135 4403 Co.
1149 4351 1203 4404 tit
1214 4355 1299 4406 ΝΜ.

318 4412 330 4444 ²
346 4412 445 4476 snpply
454 4415 526 4476 petit.
894 4414 906 4446 ⁸
922 4414 964 4466 Br.
980 4413 999 4465 f.
1011 4416 1067 4467 272.

318 4477 329 4510 ⁸
346 4477 437 4541 Hcmy
447 4475 468 4530 1.
