3167 5075
351 435 414 499 198
566 446 684 496 consu
705 444 805 509 anon
826 444 891 494 sn.
916 427 1075 506 1236-7,
1096 444 1161 494 aa.
1184 431 1234 493 21.

416 620 460 685 Et
477 619 610 708 Agatha
628 640 687 705 per
705 625 909 683 attornatum
928 639 1024 682 suum
1044 616 1125 682 dicit
1144 616 1231 704 quod
1250 617 1393 683 Brianus
1415 617 1456 682 de
1551 661 1552 664 κ

350 724 463 789 Insula
483 722 583 788 nichil
605 721 715 787 tenuit
736 720 777 785 dc
799 720 893 785 Dom.
914 719 1004 807 Rege
1025 719 1061 784 in
1082 720 1197 806 capite.
1244 721 1287 785 Et
1309 722 1457 806 Rogerus

350 826 531 914 dicitquod
546 825 655 891 tenuit
669 824 710 891 de
721 823 815 889 Dom.
827 823 919 911 Rege
930 823 1093 908 quandam
1108 831 1228 889 teriam
1242 823 1278 888 in
1292 824 1457 889 Porteseie
1551 821 1552 862 ἶ

351 925 473 993 scilicet
492 949 550 1013 per
569 924 759 991 sexianciam
780 922 970 989 inueniendi
988 946 1089 989 unum
1111 925 1308 991 seruientem
1327 948 1388 1012 per
1406 948 1455 991 xv.

351 1030 421 1097 dies
435 1031 470 1096 in
486 1031 630 1097 exercitu
645 1051 718 1096 eum
737 1037 920 1115 purpuncto
940 1037 975 1093 et
989 1030 1111 1115 capello
1131 1030 1232 1095 ferreo
1245 1038 1281 1095 et
1295 1031 1410 1095 lancea
1423 1041 1458 1094 et
1551 1107 1552 1118 χ

351 1142 499 1222 preterca
513 1134 675 1220 quandam
691 1141 811 1198 ternam
826 1131 861 1196 in
876 1131 1082 1219 Kingeshala

417 1238 534 1303 Postea
555 1237 643 1324 apud
665 1236 888 1302 Kenintonam
910 1236 988 1322 quia
1008 1244 1167 1302 testatum
1189 1246 1239 1302 est
1261 1237 1349 1323 quod
1370 1237 1458 1303 idem

353 1341 491 1407 Brianus
506 1342 615 1406 tenuit
629 1341 670 1406 de
685 1342 775 1427 Rege
797 1340 958 1426 incapite
978 1340 1133 1427 quasdam
1156 1350 1257 1406 terras
1278 1343 1458 1407 secundum

353 1445 440 1532 quod
454 1444 636 1531 predictum
652 1452 711 1522 est,
725 1443 962 1509 consideratum
983 1453 1034 1509 est
1053 1444 1139 1531 quod
1153 1444 1300 1510 custodia
1313 1446 1459 1531 pertinet

354 1548 396 1615 ad
410 1549 503 1613 Dom.
518 1548 652 1635 Regem,
667 1556 702 1612 et
716 1547 789 1613 ideo
804 1548 950 1636 Rogems
964 1556 1075 1614 teneat
1089 1549 1125 1613 in
1138 1549 1239 1635 paoe¹,

420 1650 584 1717 Galfxidus
598 1650 639 1715 de
654 1649 822 1715 Ruffordia
836 1659 970 1736 questus
984 1651 1047 1717 fuit
1066 1650 1160 1718 Dom.
1175 1651 1260 1739 Regi
1276 1651 1365 1738 quod
1384 1673 1460 1716 cum

284 1769 301 1798 ¹·
356 1764 483 1821 teneret
497 1755 532 1820 in
546 1754 706 1820 dominico
721 1754 802 1819 duas
816 1764 981 1821 carucatas
998 1763 1083 1821 terre
1102 1778 1178 1821 cum
1196 1763 1277 1843 pert
1292 1756 1329 1821 in
1344 1756 1460 1841 Gripe-

356 1866 447 1945 torpe
465 1859 505 1923 dc
526 1858 665 1945 quodam
680 1857 824 1923 Waltero
844 1859 875 1923 le
895 1858 977 1923 Pcer
995 1866 1031 1923 et
1049 1858 1136 1924 idem
1157 1858 1320 1925 Walterus
1340 1867 1461 1924 ternam

355 1960 445 2027 illam
459 1969 586 2027 teneret
601 1961 641 2025 de
656 1958 795 2046 quadam
810 1959 972 2024 Matillide
991 1960 1114 2045 Papedi
1133 1960 1218 2026 sicut
1231 1960 1360 2027 medius
1373 1961 1462 2025 inter

355 2064 440 2151 ipsos
463 2064 644 2131 Galfsidum
666 2072 701 2130 et
722 2063 918 2129 Matillidem
940 2073 975 2129 et
997 2064 1084 2130 idem
1106 2066 1270 2131 Walterus
1291 2066 1462 2154 utlagatus

355 2177 441 2237 esset
454 2192 512 2256 pro
526 2177 630 2234 morte
644 2168 784 2233 hominis
798 2168 834 2233 in
847 2168 963 2234 itincre
978 2168 1226 2236 iusticiaricrum
1246 2170 1282 2236 in
1301 2171 1461 2236 comitatu

356 2272 490 2351 Omnis,
505 2272 617 2338 eadem
640 2271 776 2337 Matillis
797 2272 877 2337 falso
899 2271 992 2337 Dom.
1007 2272 1092 2361 Regi
1113 2273 1190 2338 iecit
1210 2273 1354 2360 intelligi
1375 2271 1462 2359 quod

355 2378 519 2465 predictus
549 2376 711 2442 Walterus
740 2376 812 2441 illas
840 2376 921 2441 duas
952 2386 1117 2443 carucatas
1145 2377 1187 2442 de
1215 2400 1256 2443 ea
1287 2375 1399 2442 tenuit
1427 2376 1463 2441 in

356 2481 515 2547 dominico
529 2480 655 2546 desicut
668 2479 738 2567 ipse
753 2479 853 2546 nichil
868 2479 985 2546 habuit
998 2480 1062 2547 nisi
1076 2488 1207 2546 tantum
1220 2480 1396 2546 semicium
1410 2502 1461 2544 xx

356 2587 420 2665 sol,
435 2586 532 2651 etita
551 2608 609 2672 per
627 2584 853 2671 decepcionem
873 2592 909 2650 et
928 2585 1041 2650 falsam
1062 2586 1303 2673 suggestionem
1324 2609 1346 2650 a
1367 2585 1462 2650 Dona

356 2689 446 2778 Rege
472 2687 615 2776 optinuit
640 2688 791 2753 seisinarn
814 2710 907 2753 suam
932 2688 973 2753 de
998 2688 1111 2754 eadem
1134 2697 1220 2754 terra
1240 2697 1399 2776 tanquam
1420 2689 1463 2754 de

356 2793 505 2859 eschaeta
519 2813 586 2870 sua,
597 2797 631 2856 et
646 2790 733 2856 unde
747 2789 924 2877 dicitquod
934 2790 1020 2877 ipse¹
1033 2792 1170 2858 fcofatus
1181 2792 1244 2858 fuit
1259 2791 1300 2856 de
1315 2791 1463 2878 predicto

356 2898 501 2963 Waltero
516 2904 551 2962 et
565 2895 641 2961 inde
656 2895 778 2981 profert
792 2905 914 2961 castam
928 2918 1021 2961 suam
1036 2918 1099 2983 que
1114 2897 1174 2962 hoc
1188 2904 1338 2961 testatur.

422 3001 466 3066 Et
480 2999 617 3066 Matillis
631 3000 724 3064 uenit
739 3008 774 3064 et
787 2999 934 3064 defendit
948 3022 1077 3065 omnem
1092 2999 1317 3086 decepcionem
1333 3008 1369 3064 et
1382 3000 1465 3065 dicit

357 3104 443 3190 quod
457 3103 545 3169 idem
559 3102 723 3168 Walterus
737 3124 905 3187 nunquam
922 3101 1057 3167 leofuuit
1075 3102 1259 3188 predictum
1279 3102 1463 3168 Galfiidum

357 3208 398 3273 de
424 3208 570 3295 predicta
591 3215 678 3272 terra
698 3229 758 3271 nec
780 3205 850 3291 ipse
872 3205 1036 3271 Walterus
1061 3228 1228 3292 nunquam
1250 3207 1314 3270 fuit
1335 3207 1466 3272 medius

357 3312 443 3378 inter
467 3313 574 3399 ipsum
602 3310 783 3378 Galfn'dum
810 3317 845 3375 et
870 3308 1076 3391 Matillidem,
1102 3319 1137 3376 et
1162 3310 1245 3375 bene
1270 3310 1352 3376 dicit
1377 3309 1465 3398 quod

359 3415 446 3481 idem
468 3415 632 3480 Walterus
653 3414 783 3479 seisitus
806 3413 869 3478 luit
890 3413 944 3478 dic
963 3437 1028 3500 quo
1046 3413 1124 3480 fecit
1142 3414 1302 3480 feloniam.
1346 3415 1467 3480 Postea

358 3541 435 3585 uero
464 3517 544 3583 dicit
573 3526 607 3583 et
636 3516 799 3604 cognoscit
828 3516 914 3603 quod
939 3519 1103 3604 predictus
1128 3519 1291 3585 (lalfn'dus
1316 3528 1465 3606 tempore

358 3622 475 3688 felonie
497 3623 580 3687 facte
603 3619 720 3686 habuit
742 3629 862 3686 teriam
888 3621 978 3686 illam
1000 3621 1043 3687 ad
1068 3623 1203 3700 filinam,
1225 3632 1276 3689 set
1305 3646 1371 3688 non
1399 3623 1465 3688 alio

357 3727 460 3802 modo,
477 3734 512 3792 et
531 3725 559 3791 si
577 3725 686 3812 aliqua
704 3732 795 3790 carta
815 3724 856 3790 de
878 3724 1073 3791 leofamento
1094 3727 1181 3792 facta
1201 3726 1274 3804 fuit,
1288 3727 1377 3792 facta
1397 3727 1464 3792 fuit

358 3839 528 3917 postquam
544 3827 662 3895 felonia
675 3827 732 3894 illa
745 3829 833 3894 facta
846 3828 909 3894 fuit
923 3852 982 3916 per
1000 3853 1097 3917 quam
1116 3830 1205 3896 idem
1219 3831 1386 3896 Walterus
1399 3832 1466 3896 fuit

358 3936 533 4022 utlagatus
555 3943 590 4000 et
611 3934 684 4000 ideo
706 3955 770 3998 non
792 3932 892 3998 debet
913 3933 944 3998 ei
965 3957 1087 4013 nocere,
1107 3958 1167 4001 nec
1188 3935 1295 4000 eidem
1317 3935 1466 4001 Waltero

359 4041 476 4117 ualere,
490 4046 525 4104 et
539 4039 701 4127 cognoscit
715 4038 801 4125 quod
815 4038 902 4103 idem
917 4038 1082 4104 Galfn'dus
1101 4048 1221 4104 terram
1239 4039 1333 4104 illam
1346 4039 1467 4105 habuit

270 4219 272 4222 ¹
359 4143 400 4208 sd
415 4143 541 4208 firmam
556 4141 660 4229 primo
674 4141 803 4228 quando
817 4141 982 4207 Walterus
996 4143 1147 4208 feloniam
1162 4143 1252 4209 illam
1267 4143 1355 4211 fecit

425 4244 469 4309 Et
484 4243 648 4310 Galli-idus
662 4243 742 4310 dicit
756 4243 843 4331 quod
857 4243 926 4330 ipse
940 4245 1078 4311 leofatus
1092 4245 1156 4311 fuit
1167 4245 1207 4311 dc
1219 4245 1370 4332 piedicta
1379 4256 1468 4315 terra

358 4399 405 4530 .οὲ
407 4399 500 4530 3351.
520 4401 552 4452 87
571 4399 596 4451 b.
630 4398 695 4451 suis
717 4399 740 4450 is
762 4415 778 4452 a
799 4399 883 4464 grand
965 4399 1109 4465 ’Geoflrey
1120 4400 1165 4452 the
1174 4399 1299 4464 plantis.
