3167 5075
337 409 402 475 718
800 420 987 469 Arruuurx.

336 601 395 656 cte.
442 590 486 655 Et
508 591 571 677 ipsi
595 614 659 656 ncn
688 601 850 655 uenerunt
872 600 943 670 ete,
966 600 1002 657 et
1023 591 1145 678 pluries
1167 601 1355 678 preceptum
1375 592 1429 656 fuit
1539 668 1540 673 γ

335 693 520 758 uiceecmiti
535 694 621 780 quod
636 693 834 759 attechiuret
853 715 907 759 ece
927 701 998 771 etc,
1017 703 1053 759 et
1076 694 1197 760 iterum
1218 717 1279 781 per
1296 695 1429 759 meliores
1539 692 1540 763 J

335 797 460 883 plegios
483 806 554 876 etc,
576 807 611 863 et
633 806 747 884 postea
767 797 857 883 quod
877 798 1089 885 distringeret
1109 821 1165 864 ecs
1194 807 1430 885 perterreret
1539 808 1540 881 j

334 899 452 964 catella
465 921 525 964 sue
539 907 599 964 etc.
645 899 689 963 Et
703 897 884 964 uieeccmoe
898 899 1070 965 meuduuit
1083 899 1170 986 qucd
1189 899 1383 966 subtrahunt
1400 922 1429 964 se
1539 944 1540 987 p

334 1011 404 1079 etc,
430 1011 465 1068 et
490 1002 563 1068 ideo
588 1024 647 1088 per
669 1003 840 1068 consilium
861 1003 951 1068 curie
971 1013 1163 1089 preceptum
1185 1012 1237 1068 est
1258 1001 1430 1068 uicecomiti
1539 1024 1540 1077 ς

334 1105 421 1192 quod
436 1105 545 1192 cupiat
562 1106 597 1171 in
613 1129 746 1171 manum
762 1107 856 1172 Dom.
872 1105 973 1193 Regis
988 1114 1093 1171 totum
1107 1114 1228 1170 terrem
1242 1129 1351 1171 eorum
1364 1129 1429 1171 cum

335 1211 484 1276 omnibus
498 1211 625 1276 catallis
640 1210 675 1276 iu
689 1213 784 1277 terris
806 1212 871 1277 illis
890 1211 1036 1277 inuentis
1056 1220 1091 1276 et
1113 1212 1204 1276 seluo
1224 1212 1382 1277 custodiat
1399 1212 1428 1276 in

335 1336 469 1378 menum
492 1321 552 1379 etc.
567 1313 618 1378 ite
636 1314 723 1401 quod
743 1314 806 1401 ipsi
828 1315 976 1402 Rogems
997 1325 1057 1380 etc
1074 1316 1127 1380 uel
1149 1315 1268 1401 aliquis
1289 1339 1329 1380 ex
1349 1323 1429 1402 perte
1539 1312 1540 1339 l

334 1439 394 1482 sua
416 1439 550 1482 manum
574 1440 638 1482 nou
662 1428 806 1504 apponet
831 1440 1000 1505 quousque
1028 1418 1118 1484 eliud
1146 1427 1337 1504 preceptum
1363 1419 1429 1482 inde

335 1519 500 1598 habuerit,
515 1541 553 1585 ec
575 1521 662 1606 quod
683 1521 746 1606 ipsi
767 1521 916 1608 Rogerus
936 1530 997 1588 ete
1014 1530 1053 1586 ut
1075 1521 1239 1587 mundasti
1259 1521 1429 1587 iusticiuriiu
1539 1546 1540 1579 ὲ

334 1624 532 1689 subtrahunt
561 1647 595 1690 se
624 1648 666 1690 ne
692 1625 830 1690 uenient
853 1626 888 1690 iu
911 1625 1034 1691 curium
1057 1633 1201 1690 nostrum
1222 1625 1266 1691 ed
1291 1625 1429 1691 standum

334 1739 423 1794 recto
444 1737 503 1794 ete
528 1730 570 1795 de
593 1728 705 1795 debito
729 1731 816 1816 quod
840 1730 998 1816 Magister
1020 1729 1206 1794 Alexander
1229 1728 1271 1795 de
1294 1729 1430 1795 Dorsetiu
1539 1734 1540 1825 J

334 1832 454 1897 elemet
479 1853 594 1898 uersus
618 1856 681 1911 ecs,
707 1841 742 1897 et
769 1841 975 1898 summouent
1000 1855 1055 1898 ecs
1077 1832 1165 1918 quod
1186 1832 1254 1897 eint
1281 1855 1304 1898 a
1330 1831 1429 1898 dies
1539 1850 1540 1903 ῑ

335 1937 429 2002 Mart.
445 1936 481 2001 in
495 1960 545 2002 xv.
558 1937 627 2002 dies
642 1937 788 2002 audituri
803 1937 879 2001 iude
894 1936 1052 2001 iudicium
1066 1933 1186 2001 suum¹.
1539 1980 1540 2019 3

399 2039 603 2107 'Alexander
636 2041 678 2107 de
708 2041 837 2127 Thorpe
866 2040 953 2127 petit
981 2061 1095 2106 uersus
1122 2039 1238 2104 Adum'
1260 2039 1375 2106 Wiude
1399 2047 1430 2104 et
1539 2070 1540 2123 ο

237 2147 279 2176 “”·
335 2145 475 2210 Aliciem
491 2168 623 2210 uxorem
645 2145 715 2211 eius
736 2154 804 2210 tres
824 2166 913 2210 acme
933 2153 1019 2210 terre
1039 2152 1074 2209 et
1091 2145 1118 2231 j.
1137 2166 1245 2209 acrum
1259 2143 1430 2231 pretin⁸in
1539 2140 1540 2203 ξ

335 2250 368 2314 lu
382 2249 498 2315 Huthe
513 2259 552 2315 ut
567 2250 618 2315 ius
633 2273 737 2315 suum.

400 2353 562 2419 Redulfus
577 2354 617 2419 de
632 2355 665 2418 lu
680 2354 765 2418 Hele
781 2374 895 2418 uersus
910 2352 1050 2417 eundem
1070 2359 1137 2416 tres
1155 2373 1246 2416 acme
1265 2359 1351 2416 terre
1362 2357 1396 2416 et
1407 2351 1430 2435 j.

334 2480 442 2522 acram
467 2457 554 2545 prati
577 2467 639 2524 cte.
666 2459 830 2523 Robertus
853 2457 940 2522 filius
963 2455 1094 2521 Godriei
1123 2478 1236 2521 uersus
1264 2455 1388 2521 eosdem
1408 2453 1430 2540 j.

334 2582 442 2625 acrem
464 2568 550 2625 terre
573 2568 633 2626 etc.
678 2561 779 2647 Hugc
803 2560 916 2625 Keche
935 2582 1050 2624 uersus
1069 2559 1198 2624 eosdem
1214 2566 1249 2623 et
1263 2558 1432 2645 plureeelii

335 2672 486 2750 petentes
508 2663 669 2728 nominati
690 2664 725 2727 in
747 2686 814 2727 unc
835 2672 871 2727 et
893 2662 1007 2727 ecdem
1029 2661 1123 2727 breui
1144 2661 1313 2747 petierunt
1330 2684 1433 2727 uemue

335 2766 463 2835 eosdem
479 2790 528 2833 xv.
544 2790 640 2832 uerae.
662 2776 747 2831 terre
768 2774 803 2830 et
825 2789 853 2830 v.
873 2788 963 2829 ceree
982 2763 1069 2850 preti
1089 2786 1163 2829 cum
1183 2763 1433 2849 pertinenciisin
1539 2769 1540 2778 ’

335 2872 449 2937 eadem
464 2872 544 2937 uilla
558 2880 617 2937 etc.
633 2894 692 2958 per
705 2872 806 2937 breue
820 2869 862 2936 de
877 2878 966 2935 recto
980 2868 1067 2956 quod
1082 2869 1228 2955 loquitur
1241 2868 1282 2934 de
1296 2892 1348 2933 xv.
1361 2868 1434 2933 ceris

335 2983 419 3040 terre
446 2982 481 3039 et
505 2998 533 3040 v.
557 2973 639 3039 ueris
663 2974 758 3061 preti
803 2974 847 3037 Et
868 2972 1055 3037 Alexander
1077 2972 1181 3058 primo
1201 2972 1386 3037 nominatus
1403 2971 1434 3034 iu

334 3078 427 3143 breui
442 3079 483 3144 de
498 3087 586 3143 recto
601 3101 666 3143 non
685 3078 820 3164 ponitur
839 3076 874 3142 iu
894 3075 998 3141 Pcne‘
1016 3084 1052 3140 et
1074 3075 1147 3141 ideo
1168 3075 1251 3141 illud
1273 3075 1360 3141 Pone
1376 3097 1434 3139 nou

334 3182 505 3247 concordat
520 3180 614 3246 breui
628 3180 669 3245 de
680 3188 777 3257 reete,
789 3180 877 3245 unde
888 3178 1127 3243 consideratum
1139 3177 1284 3264 estquod
1295 3186 1435 3243 tenentes

334 3284 410 3349 inde
425 3284 495 3350 sine
510 3284 564 3349 die
578 3292 613 3350 et
627 3306 739 3349 omnes
759 3282 925 3349 teuentee⁶
945 3282 981 3347 in
1005 3282 1240 3349 misericordiu⁸
1259 3282 1338 3369 quic
1352 3283 1434 3347 nullu

334 3388 462 3475 loquela
491 3387 555 3453 fuit
584 3388 619 3453 in
643 3388 802 3454 comitatu
831 3386 996 3451 intereos
1021 3386 1203 3451 nominatos
1228 3384 1263 3450 in
1289 3386 1375 3451 Pcuc
1396 3385 1433 3450 de
1539 3423 1541 3484 p

336 3500 430 3557 tauta
445 3500 538 3559 terre

255 3649 262 3663 .
399 3594 581 3661 'Johannes
601 3595 643 3660 de
670 3594 918 3681 Geddingehum
942 3592 1065 3679 optulit
1090 3615 1126 3658 se
1151 3593 1232 3679 iiije.
1254 3592 1308 3658 die
1331 3613 1435 3659 uersus

239 3710 253 3740 ²¹
335 3698 522 3763 Hubertum
547 3697 651 3762 filium
682 3696 826 3763 Huberti
856 3705 892 3761 et
921 3695 1118 3761 Metillidem
1147 3718 1282 3760 uxorem
1310 3696 1379 3761 eius
1404 3706 1436 3759 et

334 3803 498 3889 Agnetem
523 3822 663 3865 sororem
689 3800 791 3885 ipsius
820 3799 992 3865 Metillidis
1016 3798 1057 3864 de
1082 3799 1203 3885 placito
1232 3808 1317 3865 terre
1345 3820 1436 3885 quem

333 3905 397 3991 ipsi
411 3914 532 3992 petunt
547 3926 661 3970 uersus
675 3904 817 3969 eundem
832 3904 855 3969 J
856 3904 1030 3969 ohannem.
1067 3904 1112 3967 Et
1127 3901 1191 3989 ipsi
1203 3925 1269 3968 nou
1283 3910 1437 3968 uenenmt

335 4021 394 4077 etc.
422 4018 456 4075 et
480 4009 609 4095 loquele
631 4007 697 4073 iste
722 4007 787 4072 fuit
812 4029 920 4072 corum
947 4004 1133 4071 iusticieriis
1158 4004 1436 4072 itinemutibueiu

367 4188 377 4221 ¹
395 4186 459 4238 This
470 4200 554 4237 seems
565 4186 609 4237 the
620 4200 679 4237 ease
689 4184 757 4237 cited
765 4199 864 4249 unony-
915 4183 961 4235 the
971 4187 1068 4246 county
1079 4186 1162 4233 court.

335 4252 568 4317 mouulybyBr.l.
582 4251 666 4303 tlob.
947 4248 958 4280 ⁸
1005 4256 1091 4307 tenter,
1102 4248 1133 4308 Β,
1145 4247 1198 4298 end
1209 4246 1315 4311 rightly.

368 4316 705 4376 9Α.ιιι.13;Β.ιιι.1οε1.
947 4312 959 4344 ⁸
1008 4318 1089 4377 etope
1210 4344 1213 4347 -
