3167 5075
318 415 436 465 comm
458 418 556 479 enon,
578 416 643 468 nn.
667 401 827 479 12362-7,
847 416 913 472 en
934 406 985 469 21.
1139 403 1210 466 209:

115 588 303 653 Willelmnm
332 588 373 654 de
403 588 628 655 Bledewcrthe
656 588 697 656 de
727 590 830 656 libero
858 592 1047 655 tenemento
1075 611 1135 654 suo
1169 588 1207 653 in

114 692 293 759 Βιιιοιιιίοοι
315 700 390 779 poet
412 692 552 780 primam
576 701 648 771 etc,
671 701 706 760 et
729 693 817 759 unde
845 694 927 760 dicit
956 693 1042 780 quod
1070 692 1205 779 quidem

115 796 242 891 uillnnup
261 796 370 863 tenuit
390 795 431 861 de
451 819 490 863 eo
509 804 544 863 et
564 796 633 884 ipee
647 795 799 885 singulis¹
811 797 1027 885 respondebat
1041 796 1141 861 metri
1153 794 1208 860 sui

114 922 165 985 per
181 922 311 966 menum
332 922 425 967 suem
443 900 486 966 de
504 900 607 967 tercia
625 910 718 987 perte
738 900 869 967 seruicii
887 900 991 988 ipsius
1008 899 1125 966 uilleni
1140 920 1205 985 que

113 1003 265 1089 migrata
279 1004 343 1069 fuit
358 1002 389 1069 ei
403 1003 439 1069 in
453 1004 530 1069 dote
544 1026 612 1081 sue,
626 1012 661 1069 et
675 1004 805 1091 quando
819 1004 961 1070 uillenne
973 1013 1122 1069 mortuus
1143 1001 1210 1068 fuit

113 1106 195 1171 uenit
208 1105 373 1193 predictus
387 1104 529 1171 Alenm'
542 1114 578 1171 et
592 1106 649 1171 elii
660 1115 695 1173 et
706 1116 956 1195 asporteuerunt
966 1105 1008 1172 de
1018 1112 1206 1171 tenemento

113 1208 189 1295 quod
209 1210 351 1275 uillenus
372 1208 482 1274 tenuit
503 1217 574 1275 tem
595 1210 676 1275 dues
699 1217 809 1295 partes
832 1207 925 1275 bledi
947 1230 1047 1295 quem
1072 1206 1211 1275 terciam

112 1318 228 1396 partem
241 1311 330 1398 quod
344 1311 409 1377 fuit
422 1311 458 1376 in
473 1320 662 1377 tenemento
675 1312 739 1377 illo.

170 1416 212 1481 Et
221 1415 361 1503 predicti
371 1414 479 1481 Adam
494 1422 529 1479 et
540 1415 639 1501 Elymi
654 1423 785 1481 tentum
796 1414 936 1480 ueniunt
950 1414 1029 1502 quie
1041 1413 1209 1501 predictus

112 1520 258 1586 Rioerdus
277 1543 344 1585 non
361 1519 425 1585 fuit
439 1519 596 1585 inuentus
611 1528 645 1585 et
660 1519 774 1585 dicunt
789 1519 876 1606 quod
890 1541 1004 1584 reuera
1018 1518 1119 1583 tercia
1133 1540 1208 1603 pem

111 1624 228 1689 seruicii
247 1624 365 1690 uilleni
383 1630 550 1690 ettomete
568 1622 633 1688 fuit
652 1623 798 1709 predicte
817 1623 916 1689 matri
933 1623 1036 1709 ipsius
1050 1621 1207 1689 Willelmi

111 1727 142 1792 in
170 1728 319 1795 omnibus
348 1735 383 1793 et
411 1726 483 1813 ipsc
511 1748 641 1814 semper
668 1728 791 1815 recepit
819 1727 995 1793 seminium
1023 1737 1133 1793 suum
1148 1748 1212 1813 per

111 1852 233 1896 menum
247 1830 352 1918 ipsius
365 1829 482 1895 uilleni
496 1829 567 1895 eine
581 1830 691 1917 aliquo
704 1829 824 1909 modo⁴,
838 1838 874 1897 et
887 1831 973 1918 quod
988 1830 1131 1897 uillanus
1150 1830 1206 1894 ille

111 1936 209 2001 tenuit
244 1934 383 2001 terciam
418 1942 546 2021 portem
576 1934 758 2000 tenementi
786 1934 838 2000 sui
867 1933 908 1999 de
937 1956 986 2011 ea,
1014 1942 1050 1999 et
1077 1933 1207 2020 quando

111 2037 241 2105 uillnnus
260 2046 411 2105 mortuus
431 2037 496 2104 suit
516 2038 610 2103 uenit
628 2037 699 2124 ipse
713 2037 899 2103 Willelmue
919 2045 954 2103 et
973 2036 1080 2103 uoluit
1099 2044 1207 2103 totum

110 2140 232 2209 bladum
246 2150 414 2230 ceper-tere
429 2150 464 2207 et
478 2142 539 2207 hoc
559 2142 590 2207 ei
610 2164 676 2207 non
694 2142 922 2228 permisemnt,
936 2140 1014 2228 quie
1032 2143 1208 2207 noluerunt

110 2247 187 2333 quod
200 2248 324 2314 feceret
338 2246 492 2311 iniuriam
507 2245 606 2311 metri
620 2268 687 2311 sue.

165 2352 335 2417 Juretores
364 2350 478 2416 dicunt
507 2348 593 2435 quod
622 2348 787 2436 predictus
816 2351 959 2417 uillenus
982 2350 1125 2416 reddidit
1149 2371 1209 2436 per

109 2476 231 2519 menum
260 2474 356 2520 suem
386 2450 523 2540 singulis
550 2451 644 2517 annis
673 2451 808 2519 terciam
836 2460 964 2541 portem
992 2452 1122 2519 seruicii
1156 2451 1213 2522 sui

108 2559 240 2643 predicte
263 2556 365 2623 metri
386 2555 489 2642 ipsius
510 2555 668 2622 Willelmi
690 2556 776 2622 sicut
801 2556 842 2622 de
868 2557 971 2623 tercie
994 2564 1087 2644 perte
1116 2565 1212 2621 tene-

108 2663 201 2728 menti
215 2662 268 2728 sui
283 2660 373 2748 quod
387 2659 506 2726 eccidit
519 2660 562 2725 od
577 2659 711 2726 terciam
726 2669 856 2746 pertem
870 2683 964 2727 suem
980 2683 1079 2748 quem
1099 2660 1211 2725 tenuit

109 2767 227 2832 nomine
250 2765 348 2843 dotis,
370 2765 419 2830 ite
439 2763 527 2851 quod
555 2764 625 2850 ipee
647 2764 832 2830 Willelmus
857 2764 958 2831 nichil
983 2764 1126 2830 reddidit
1150 2786 1211 2851 per

109 2890 232 2936 menum
257 2892 363 2946 suem,
388 2877 423 2934 et
448 2866 577 2955 quando
604 2867 746 2934 uillenus
775 2876 924 2934 mortuus
952 2869 1017 2936 fuit
1045 2876 1210 2935 uenerunt

109 2973 238 3058 predicti
261 2973 374 3040 Adam
397 2982 432 3039 et
456 2972 514 3038 elii
539 2981 575 3038 et
599 2973 775 3038 noluerunt
800 2972 889 3059 quod
914 2972 1002 3039 idem
1025 2972 1212 3039 Willelmue

109 3075 251 3144 iniuriam
274 3079 398 3143 feceret
419 3075 518 3142 metri
539 3097 597 3142 oue
620 3083 655 3142 et
677 3075 885 3141 retinuerunt
913 3075 957 3141 ed
984 3097 1066 3162 opus
1094 3073 1212 3140 metris

109 3179 201 3268 ipsius
215 3181 377 3250 Willelmi
396 3181 530 3246 terciam
550 3189 677 3266 partem
696 3179 788 3246 bledi
808 3179 911 3266 ipsius
931 3179 1048 3244 uillnni
1068 3187 1212 3255 tentum,

110 3305 161 3349 nec
188 3286 292 3352 eciem
322 3283 439 3350 hebuit
467 3282 602 3348 terciam
631 3292 759 3369 partem
785 3284 863 3370 quie
891 3282 1079 3348 deiecerunt
1108 3281 1140 3347 ei
1165 3280 1210 3346 ix.

109 3388 208 3472 garbe.
252 3390 299 3454 Et
313 3387 386 3453 ideo
401 3387 640 3452 consideratum
654 3395 706 3451 est
720 3387 809 3474 quod
821 3386 961 3474 predicti
974 3385 1082 3451 Adam
1099 3392 1135 3450 et
1153 3385 1210 3450 elii

111 3491 178 3558 inde
191 3493 300 3580 quieti
313 3499 349 3558 et
363 3491 572 3556 Willelmus'
562 3515 598 3557 ιιι
612 3491 841 3558 misericordie.

46 3601 81 3666 tt.
166 3595 280 3663 Amice
299 3596 393 3662 uenit
411 3596 617 3684 recognitum
636 3619 665 3661 m
654 3596 848 3664 Robertne
867 3596 908 3661 de
926 3595 1034 3681 Veilly
1048 3601 1084 3658 et
1103 3592 1212 3678 plures
1254 3669 1258 3675 .

112 3698 162 3764 alii
178 3699 301 3766 iniuste
320 3707 383 3765 ete
402 3698 649 3764 disseisiuerunt
667 3698 827 3764 Thomcm
847 3697 889 3764 de
906 3698 938 3764 S
954 3697 1056 3762 Paulo
1070 3696 1112 3761 de
1126 3718 1211 3761 com-

112 3823 204 3868 mune
227 3803 375 3869 turber-ie
397 3825 456 3870 sue
481 3802 516 3868 in
540 3802 716 3870 Sekehele⁵
742 3825 807 3889 que
831 3802 976 3889 pertinet
1001 3801 1043 3867 ed
1073 3801 1214 3868 liberum

114 3911 331 3974 tenementum
345 3930 442 3973 suum
457 3907 493 3972 in
507 3907 622 3974 eedem
637 3907 718 3974 uilla
731 3913 806 3993 poet
820 3905 959 3992 primam
973 3913 1036 3971 ete.
1069 3958 1073 3962 Α

171 4010 214 4076 Et
233 4011 399 4077 Robertue
420 4018 456 4076 et
474 4032 586 4076 omnes
605 4009 663 4075 elii
683 4009 823 4075 ueniunt
842 4018 878 4075 et
891 4008 1007 4074 dieunt
1020 4007 1107 4095 quod
1122 4016 1212 4073 tene·

139 4177 574 4245 ¹Seemin215Kirerremwithm
556 4179 635 4230 north
685 4177 1096 4230 cervicedireottromthevillein
1104 4177 1184 4229 wrtho
1185 4181 1214 4228 ut

111 4244 293 4298 ofDoncuter.
685 4243 730 4296 the
739 4244 951 4296 intermedietion
962 4245 1034 4294 osen
998 4259 1102 4308 noyn

138 4309 348 4407 :trootnuSpply
717 4309 849 4373 ¹⁵Sylreho
848 4324 950 4359 οοοοο
915 4309 1105 4370 endowcton,
1123 4313 1152 4359 to
1170 4308 1214 4358 the

138 4373 236 4426 ’Corn
246 4348 357 4427 Adon·
550 4375 553 4382 ’
686 4374 765 4426 north
776 4375 967 4428 οἰῦοοοιιιιι

139 4441 236 4490 ’.ῦοιι
243 4444 323 4493 medio
298 4443 377 4508 eost).
403 4441 455 4493 She
465 4441 580 4492 received
591 4441 636 4491 the

193 4556 228 4604 ιι.
247 4557 294 4605 ιιι.
1086 4542 1127 4601 14
