3167 5075
367 404 432 472 658
595 406 824 472 rurussouu’s
838 419 937 470 nunu
960 420 998 470 ιιι
1021 415 1232 480 ronusnmn,

431 589 475 657 Et
492 589 605 657 Sireds
619 593 714 658 uenit
729 600 764 658 et
778 592 864 679 petit
879 594 967 680 quod
978 595 1001 659 J
1002 591 1114 658 aliana
1123 590 1277 658 ostendat
1293 595 1464 655 warantum
1551 654 1552 681 3

366 719 462 761 suum
477 719 535 782 per
550 719 647 783 quem
663 697 750 783 petit
765 697 885 762 dotem.
1551 686 1552 721 ³

432 799 476 864 Et
502 797 590 865 Elias
613 799 655 866 de
681 801 873 866 Berefordia
896 821 1031 886 presens
1054 809 1105 864 est
1135 807 1170 865 et
1199 798 1283 864 dicit
1309 796 1400 883 quod
1426 805 1467 860 est

366 911 529 968 warantus
544 925 621 968 suus
636 911 675 968 ιιι
690 903 778 968 filius
793 911 829 968 et
844 901 937 968 heres
952 902 1099 967 Roberti.
1551 968 1552 971 ,

432 1006 476 1070 Et
492 1006 607 1072 Sireda
621 1005 701 1070 dicit
717 1003 804 1091 quod
819 1005 907 1071 idem
928 1006 1018 1069 Elias
1032 1027 1098 1068 non
1111 1003 1210 1068 debet
1226 1025 1298 1068 esse
1313 1010 1467 1066 warantus

366 1105 453 1186 suus,
478 1109 557 1195 quia
582 1109 749 1196 predictus
772 1109 826 1174 uir
851 1131 930 1173 snus
953 1108 1114 1173 Riosrrlus
1143 1107 1233 1171 eam¹
1262 1104 1552 1197 desponsauit

367 1235 426 1298 per
447 1214 562 1278 uolunt
549 1221 651 1278 tatem
676 1221 711 1277 et
731 1235 899 1278 assensum
920 1212 1059 1277 Roberti
1079 1211 1121 1276 de
1141 1208 1352 1276 Derefordia¹
1373 1209 1467 1296 patris
1551 1252 1552 1291 ι

205 1346 239 1385 un
227 1348 299 1432 25⁰⁰
284 1346 327 1386 uos
368 1317 428 1394 sui,
447 1325 482 1382 et
502 1339 576 1382 eam
592 1315 721 1382 dotauit
741 1339 800 1404 per
820 1317 891 1382 eius
912 1317 1128 1392 uoluntatem,
1150 1325 1185 1380 et
1206 1315 1297 1380 idem
1319 1313 1468 1380 ffimdus
1551 1296 1552 1329 ¹

205 1441 292 1526 ρᾶιιι
228 1395 347 1481 ιιιιεΙΓιῖἒιῖι
368 1421 512 1506 suscepit
526 1443 566 1485 ex
582 1443 621 1486 ea
640 1422 764 1538 prolem
786 1419 910 1486 scilieet
930 1421 1104 1507 qnamdam
1124 1419 1225 1483 filiam
1245 1441 1311 1505 que
1334 1418 1421 1482 uiuit
1440 1427 1468 1480 et
1551 1442 1552 1485 ι

205 1497 251 1619 ‘¹32¹
232 1497 343 1575 messos
368 1523 470 1589 fuit·
460 1547 495 1589 ιιι
524 1524 708 1590 custodia
699 1525 802 1610 1psius
832 1526 904 1590 Elie
933 1525 1088 1591 auunculi
1116 1525 1175 1588 sui
1221 1524 1267 1588 Et
1298 1523 1387 1587 Elias
1415 1523 1468 1585 hoc

206 1581 323 1714 Ἥζέἑ·
368 1629 528 1715 cognouit,
544 1637 579 1693 et
593 1651 690 1714 super
704 1630 764 1694 hoc
778 1629 962 1715 requisitus
971 1629 1050 1694 dicit
1062 1628 1148 1714 quod
1158 1626 1552 1712 eommisitpuellum
1551 1534 1552 1691 i

205 1675 358 1808 ῗΞὛΞΨ
369 1731 459 1796 illam
472 1732 603 1797 balliuis
617 1733 711 1798 Dom.
727 1732 829 1819 Regis
842 1733 931 1818 apud
947 1733 1155 1798 Dunelmum.
1200 1732 1246 1796 nt
1261 1731 1379 1796 Sireda
1390 1729 1468 1815 petit
1551 1772 1552 1819 ἱ

204 1813 294 1860 ‘mm'
368 1833 534 1915 iudicium,
558 1835 718 1902 desieut
709 1859 781 1923 lpsa
803 1837 920 1902 falsum
943 1845 1122 1902 warantum
1152 1835 1304 1954 producit
1333 1834 1374 1900 de
1399 1834 1466 1898 dote
1551 1850 1552 1899 ι

368 1962 435 2016 sua,
450 1963 478 2004 ιιι
468 1940 610 2006 debeat
625 1963 656 2006 e1
647 1941 780 2006 'dotem
796 1942 910 2017 faeere,
924 1942 1002 2027 quia
1024 1941 1206 2005 uidetur
1178 1963 1210 2004 er
1229 1940 1318 2026 quod
1332 1940 1400 2003 filia
1417 1960 1469 2002 sus
1551 1958 1552 1963 ¹

368 2043 466 2109 debet
481 2066 550 2109 esse
565 2053 728 2110 warantus
744 2044 784 2108 de
807 2044 884 2109 dote
906 2066 972 2109 sua
1018 2044 1063 2108 Et
1081 2042 1309 2128 quiaJuliana
1322 2043 1467 2128 produxit
1551 2120 1552 2123 Ἴ

367 2147 485 2212 falsum
500 2156 680 2213 warantum
695 2147 738 2212 ad
753 2147 1040 2212 exheredationem
1051 2146 1190 2232 predicti
1200 2146 1330 2212 heredis
1341 2146 1467 2212 Roberti
1551 2152 1552 2231 ι

257 2299 259 2304 -
367 2251 491 2317 seilicet
512 2251 633 2316 filium⁴
654 2250 715 2317 filii
737 2251 789 2316 sui
810 2250 1030 2336 primogeniti,
1053 2249 1293 2314 consideratum
1317 2248 1466 2336 estquod
1551 2244 1552 2327 ι

271 2344 277 2354 ’
368 2355 484 2422 Sireda
500 2364 554 2420 est
574 2355 650 2420 inde
673 2356 786 2441 quiete
808 2367 843 2419 et
864 2355 1000 2421 «Iuliana
1017 2354 1145 2419 nullum
1167 2353 1288 2418 habeat
1309 2353 1418 2419 dotem
1436 2361 1467 2417 et
1551 2424 1552 2443 ¹

366 2461 410 2526 sit
425 2460 459 2525 in
474 2459 693 2525 misericordia
708 2467 768 2524 etc.
1551 2458 1552 2473 ¹

321 2626 327 2641 ,
432 2564 544 2629 Assiss
559 2563 652 2627 uenit
671 2561 879 2648 recognitum
900 2562 929 2625 si
948 2560 1156 2627 Theobaldus
1177 2559 1338 2646 Hauteyn
1356 2560 1465 2625 iniuste
1551 2609 1552 2612 ι

366 2676 427 2734 eto.
442 2667 619 2733 disseisiuit
633 2666 799 2731 Abbatem
814 2666 855 2730 de
875 2665 1090 2730 Albemarlia⁸
1110 2663 1151 2729 de
1172 2664 1274 2729 libero
1288 2672 1464 2728 tenemento

367 2795 426 2837 suo
440 2773 475 2837 in
490 2774 638 2858 Dentorp
653 2780 727 2857 post
747 2770 854 2835 nltim'
875 2779 936 2836 ete
982 2772 1026 2835 Et
1050 2769 1164 2835 Simon
1183 2770 1225 2833 de
1245 2768 1314 2833 Hal
1335 2768 1464 2834 bnlliuus
1551 2791 1552 2812 ³

368 2877 546 2943 Theobaldi
561 2876 654 2941 uenit
669 2884 703 2941 et
717 2874 798 2940 dicit
813 2875 900 2960 quod
914 2874 1015 2939 assisa
1028 2896 1094 2939 non
1107 2873 1206 2938 debet
1220 2872 1297 2937 inde
1309 2872 1387 2949 fieri,
1396 2871 1463 2957 quia

367 2982 531 3069 predictus
557 2980 762 3046 Theobaldus
787 3002 853 3044 non
880 2988 974 3044 tenet
1003 2985 1228 3044 tenementum
1257 2978 1351 3053 illud,
1374 2977 1461 3041 immo
1551 2973 1552 3042 J

368 3086 507 3171 quedam
529 3084 647 3149 mulier
669 3082 776 3147 Alicio
798 3106 862 3169 que
885 3082 950 3147 fuit
971 3103 1053 3146 uxor
1074 3080 1231 3145 Willelmi
1253 3079 1294 3145 de
1317 3080 1460 3163 Denuo,
1551 3067 1552 3070 Ἴ

368 3212 432 3275 que
446 3191 532 3254 idem
548 3195 774 3254 tenementum
789 3185 996 3272 recuperauit
1017 3206 1130 3250 uersus
1149 3183 1291 3249 eundem
1311 3183 1460 3249 Abhutem
1551 3217 1552 3260 2

367 3314 426 3380 per
450 3294 607 3359 iudicium
633 3291 720 3357 curie
751 3290 840 3377 apud
864 3288 1190 3355 Westmonasterium
1219 3289 1255 3353 in
1281 3288 1391 3353 dotem
1413 3308 1461 3373 per

367 3398 522 3463 defaltum
538 3397 639 3484 ipsius
654 3395 803 3472 Abbatis,
818 3403 852 3459 et
867 3394 943 3459 inde
957 3400 1054 3458 uocat
1068 3392 1191 3457 rotulos
1205 3392 1248 3457 ad
1262 3402 1442 3457 warantum

377 3540 379 3545 ·
433 3502 477 3566 Et
506 3509 689 3565 attornatus
714 3497 856 3563 Abbatis
884 3519 949 3561 non
972 3496 1120 3561 defendit
1145 3496 1226 3580 quin
1254 3505 1460 3582 recuperasse
1551 3571 1552 3574 Ἴ

367 3602 528 3679 seisinem,
542 3610 592 3667 set
608 3624 673 3665 non
687 3622 802 3665 uersus
816 3598 991 3677 Abbatem,
1006 3599 1085 3684 quia
1098 3598 1187 3663 idem
1201 3598 1317 3662 Abbns
1331 3621 1395 3665 non
1407 3596 1459 3661 fuit

367 3707 443 3772 inde
458 3707 492 3771 in
507 3707 632 3785 seisinn,
648 3714 683 3771 et
696 3704 770 3769 ideo
779 3702 930 3789 quamuis
940 3711 1162 3788 recuperasset
1172 3724 1287 3767 uersus
1301 3702 1459 3771 Abbaten.

368 3811 428 3876 hoo
442 3834 507 3877 non
523 3810 621 3876 debet
636 3810 667 3875 ei
681 3832 797 3875 nocere
811 3809 890 3895 quia
903 3808 1050 3873 nonfuit
1069 3807 1146 3873 inde
1164 3807 1202 3872 in
1223 3806 1351 3872 seisina
1392 3806 1458 3871 Dier

368 3916 465 3981 datus
491 3923 541 3981 est
562 3914 651 4001 apud
672 3912 999 3979 westmonasterium
1020 3911 1062 3976 de
1083 3910 1245 3977 audiendo
1267 3910 1385 3976 iudicio
1409 3928 1457 3975 suo

369 4030 427 4086 eto.
448 4019 484 4107 Ι

236 4120 328 4253 ῙῙὲἵῖῑὸ
434 4124 546 4191 Assisa
559 4124 652 4189 uenit
667 4123 872 4209 recognitum
885 4145 914 4186 su
904 4119 1108 4185 Nieholaus
1121 4118 1163 4184 de
1183 4119 1360 4185 Halletona
1371 4118 1456 4181 nster

402 4319 412 4351 ¹
430 4318 528 4374 Sireda.
657 4358 659 4363 .
976 4314 1074 4364 ⁴corr.
1080 4316 1178 4377 filiam.
1551 4364 1553 4381 Ι

402 4384 412 4416 ²
430 4383 480 4434 Sic.
772 4420 776 4431 .
975 4380 986 4412 ³
1001 4380 1090 4442 Abbey
1100 4380 1130 4429 ot
1138 4379 1234 4430 Meaur
1245 4377 1369 4429 orMelaa

401 4448 412 4481 ⁸
429 4450 550 4510 Bronton,
564 4448 582 4502 f.
596 4450 652 4510 298,
667 4448 731 4500 oites
743 4446 798 4501 this
808 4461 876 4500 uass·
