3167 5075
310 409 428 459 consu
450 408 549 470 anon
571 406 633 459 nn.
659 394 818 469 1234-5,
839 406 903 456 aa
928 393 1064 458 18-19.
1174 392 1237 456 149

147 580 223 667 quod
243 581 420 646 uicecomes
443 579 572 646 Surreie
602 579 667 644 scil.
691 578 849 665 Magister
873 577 1057 643 Willelmus
1086 579 1116 643 le
1146 579 1237 643 Brun

146 674 309 751 disseisiuit
331 708 407 751 eum
429 686 470 751 de
492 684 638 772 predicta
660 684 811 750 libertate
834 683 874 749 de
896 685 1000 771 porcis
1021 685 1089 751 suis
1110 684 1160 751 ita
1180 684 1237 749 ha·

145 788 246 855 bondis
261 799 295 856 et
309 812 476 877 nunqnam
491 789 568 855 inde
582 789 733 855 seisinam
748 788 865 854 habuit
879 796 998 875 postea
1019 788 1025 874 Ι

142 894 145 899 ’
202 893 242 957 Et
257 893 436 959 Gilibertus
450 892 543 958 uenit
558 901 592 958 et
612 892 758 957 defendit
777 892 847 957 uim
868 899 903 957 et
922 892 1074 957 iniuriam
1097 898 1132 956 et
1151 891 1237 977 petit

143 996 288 1062 iudicium
317 998 345 1063 si
374 998 492 1063 debeat
522 998 552 1063 ei
581 997 772 1084 respondere
802 996 929 1079 desicut
957 996 1081 1061 nullam
1112 1004 1235 1060 sectam

142 1102 278 1186 producit
303 1102 367 1167 nisi
393 1102 571 1188 simplicem
594 1124 706 1167 uocem
729 1124 831 1179 suam,
852 1124 913 1167 nec
934 1100 1057 1188 ahquid
1080 1102 1235 1188 scriptum

140 1206 270 1271 ostendit
293 1208 333 1272 de
356 1206 465 1293 aliqua
486 1204 701 1271 conuencione
731 1208 817 1271 facta
845 1206 932 1271 inter
954 1214 1063 1292 patres
1085 1206 1235 1292 ipsorum,

139 1334 191 1376 nac
204 1311 344 1398 aliquam
359 1311 625 1377 certificacionem
640 1311 787 1375 nominat
802 1310 843 1375 de
858 1310 1008 1397 dampnis
1023 1310 1090 1375 suis
1105 1310 1184 1397 quid
1199 1318 1233 1376 et

139 1424 287 1501 quantum
308 1416 486 1502 dampnum
505 1415 667 1495 habuerit,
683 1424 718 1480 et
736 1416 823 1501 petit
846 1414 1003 1481 iudicium
1027 1415 1068 1480 de
1090 1414 1236 1502 predicta

137 1521 313 1607 cognicione
328 1519 414 1607 quod
429 1520 607 1585 uicecomes
622 1542 695 1584 eum
711 1518 896 1585 disseisiuit.

194 1625 237 1689 Et
256 1624 335 1711 quia
353 1623 518 1710 predictus
538 1622 711 1711 Gregorius
726 1622 849 1687 nullam
865 1629 986 1687 sectam
1002 1621 1151 1707 producit
1171 1621 1235 1685 nisi

135 1728 306 1815 simplicem
335 1752 448 1794 uocem
477 1749 568 1793 suam
599 1750 658 1793 nec
684 1736 806 1793 cartam
831 1726 974 1792 ostendit
999 1749 1058 1791 nec
1081 1726 1169 1791 aliud
1193 1726 1233 1792 de

135 1833 236 1921 aliqua
259 1833 484 1910 conuencionc,
508 1841 544 1898 et
566 1840 714 1919 preterea
739 1832 903 1919 cognoscit
926 1831 1012 1917 quod
1035 1830 1122 1895 idem
1153 1831 1233 1897 Gili-

135 1937 238 2003 hcrtus
258 1962 324 2003 non
349 1938 525 2004 disseisiuit
545 1961 620 2002 eum
640 1945 691 2003 set
710 1936 797 2023 quod
820 1936 924 2023 primo
948 1934 1070 2000 eiectus
1093 1935 1157 2000 fuit
1175 1958 1234 2021 per

135 2040 361 2119 uicecomitem,
384 2042 620 2107 consideratum
647 2038 805 2126 estquod
828 2038 1007 2104 Gilibertus
1028 2039 1159 2126 quietus
1182 2062 1231 2104 re-

134 2144 221 2209 cedat
235 2145 274 2211 de
292 2145 352 2211 hoc
367 2145 467 2223 breui,
483 2152 517 2209 et
533 2143 706 2230 Gregorius
720 2142 755 2207 in
770 2142 994 2209 misericordia

35 2252 100 2319 1130.
192 2248 403 2337 ¹Preceptum
438 2250 501 2314 fuit
535 2248 720 2314 uicecomiti
755 2247 842 2334 quod
875 2248 911 2312 in
945 2248 1041 2334 pleno
1074 2248 1231 2312 comitatu

132 2354 283 2419 recordari
306 2354 426 2419 faceret
448 2353 608 2440 loquelam
631 2376 694 2439 que
716 2352 780 2417 fuit
802 2353 836 2417 in
859 2351 971 2417 codem
997 2352 1155 2417 comitatu
1174 2374 1233 2438 per

132 2458 223 2524 breue
258 2460 354 2523 Dom.
384 2457 484 2546 Regis
518 2458 604 2523 inter
633 2460 797 2546 Agnetem
832 2458 954 2524 Pecche
986 2465 1021 2522 et
1050 2456 1232 2522 Walterum

132 2563 310 2630 Walensem
326 2573 361 2629 et
371 2564 538 2629 hlabiliam
550 2587 682 2628 uxorem
695 2564 816 2630 eiusde
829 2563 1089 2629 emensuracione
1100 2571 1231 2648 pastore

130 2667 225 2754 ipsius
239 2669 381 2759 Agnetis
395 2668 430 2734 in
446 2669 675 2758 Esthcnlegha,
689 2669 776 2734 unde
792 2669 855 2756 ipsi
870 2669 1034 2735 Walterus
1048 2675 1083 2734 et
1098 2666 1234 2732 Mahilia

131 2774 230 2858 questi
252 2775 389 2840 fuerunt
410 2773 473 2838 sibi
493 2774 611 2839 falsum
631 2775 753 2839 factum
774 2774 873 2839 hrisse
893 2774 1049 2839 iudicium
1064 2773 1099 2838 in
1119 2773 1232 2837 eodem

131 2879 280 2944 comitatu
303 2887 341 2944 et
362 2877 528 2944 recordum
550 2878 633 2944 illud
655 2879 766 2944 uenire
790 2879 910 2943 laceret
936 2878 995 2942 tali
1017 2875 1070 2942 die
1092 2885 1151 2941 etc
1175 2898 1233 2962 per

130 2991 262 3068 quatuor
275 2983 399 3049 milites
415 2991 473 3048 etc.
518 2983 572 3049 Ad
586 3007 683 3070 quem
698 2982 785 3048 diem
800 3005 865 3048 non
881 2982 974 3048 uenit
987 2980 1154 3046 recordum
1173 3003 1233 3045 nec

131 3087 242 3154 milites
262 3089 328 3153 nisi
353 3088 505 3154 Matheus
525 3088 565 3153 de
580 3089 771 3174 Bikestrope
787 3096 927 3166 tantum,
942 3095 976 3152 et
990 3087 1039 3151 ita
1053 3085 1139 3172 quod
1153 3085 1232 3151 alios

130 3200 313 3279 preceptum
330 3191 394 3256 fuit
409 3191 593 3256 uicecomiti
607 3191 692 3256 sicut
707 3192 797 3277 prius
812 3199 871 3258 etc.
888 3190 974 3277 quod
994 3187 1151 3254 recordari
1171 3196 1230 3254 etc.

131 3303 160 3359 et
174 3297 341 3364 recordum
356 3285 505 3361 mitteret
520 3296 580 3361 tali
594 3295 647 3361 die
663 3304 722 3363 etc.
738 3318 798 3382 per
811 3296 868 3383 iiij.
885 3294 1006 3360 milites
1021 3301 1081 3358 etc.
1096 3301 1131 3358 et
1146 3292 1231 3378 quod

130 3398 185 3484 ipsi
209 3401 363 3466 audirent
389 3399 545 3465 iudicium
571 3422 629 3486 pro
659 3401 817 3466 comitatu
847 3422 945 3487 quare
974 3397 1141 3464 recordum
1167 3420 1231 3461 non

130 3501 308 3570 habuerunt
323 3505 385 3570 tali
399 3503 451 3569 die
467 3513 526 3570 etc.

187 3609 239 3675 Ad
260 3610 351 3675 diem
373 3609 467 3674 illum
489 3617 548 3676 etc.
572 3611 665 3676 uenit
686 3609 853 3676 recordum
875 3618 910 3675 et
932 3609 989 3695 iiij.
1013 3607 1135 3672 milites
1156 3627 1230 3670 cum

130 3714 249 3780 recordo
264 3723 300 3780 et
316 3736 382 3778 non
396 3723 532 3800 possunt
547 3737 659 3780 sanare
680 3715 835 3780 defaltam
856 3735 955 3800 quare
979 3711 1145 3776 recordum
1165 3731 1230 3773 non

130 3815 307 3885 habuerunt
328 3818 371 3884 ad
390 3819 491 3885 alium
512 3819 599 3885 diem
620 3828 654 3885 ct
674 3819 747 3885 ideo
770 3819 806 3884 in
827 3816 1043 3883 misericordia
1057 3815 1230 3880 comitatus

130 3920 195 3988 etc.¹

188 4029 230 4094 Et
249 4029 417 4095 Walterus
436 4050 494 4114 pro
514 4051 548 4094 se
569 4034 603 4093 et
624 4027 759 4092 Mobilia
778 4049 877 4092 uxore
898 4025 968 4090 cius
987 4025 1081 4090 uenit
1101 4031 1135 4089 et
1149 4021 1230 4088 dicit

129 4131 207 4217 quod
229 4133 398 4200 recordum
422 4132 504 4198 illud
528 4141 665 4198 nonest
688 4132 753 4198 tale
775 4131 860 4197 sicut
881 4131 945 4217 ipsi
966 4129 1173 4196 recordantur
1194 4126 1229 4191 in

159 4319 212 4371 ¹A.
223 4322 338 4374 msto
703 4321 848 4369 cttcchtcta
869 4319 899 4367 ic
914 4319 970 4381 fine
990 4317 1069 4366 rotuli
1091 4315 1122 4364 Δ.
1163 4311 1228 4362 This

159 4386 169 4417 ²
183 4387 250 4437 Four
267 4388 364 4438 named
380 4387 489 4450 knights
504 4389 611 4437 decimat
627 4394 652 4436 ct
703 4384 824 4435 schedula
835 4384 849 4433 I
860 4383 894 4433 do
903 4385 953 4433 not
963 4381 1025 4433 find.

132 4453 289 4504 recordantur
310 4457 377 4504 aicta
404 4461 479 4519 potet
506 4455 535 4504 ic
561 4453 651 4504 cedula
