3167 5075
410 400 561 463 ramur,
583 399 648 449 an.
672 387 766 463 1220,
787 399 851 451 aa
874 388 904 450 ι.
1146 390 1214 454 341-

132 574 241 639 seodum
264 572 356 639 unius
382 571 496 637 militis
518 595 592 637 oum
617 580 697 658 pert.
720 572 756 637 in
776 572 974 638 Kersintona
993 580 1031 638 ut
1051 572 1102 638 ius
1115 592 1211 639 suum

133 688 181 743 eto.
195 686 225 743 et
238 687 272 742 ιιι
285 678 365 743 illud
379 678 467 743 unde
482 677 685 742 Manasserus
700 698 782 742 auus
797 699 876 741 suus
890 684 949 741 etc

184 782 221 847 Ει
235 782 368 847 Isobella
382 780 474 845 uenit
490 788 524 845 et
539 780 619 844 dicit
633 780 721 865 quod
735 779 837 844 nichil
856 779 975 845 clamat
994 779 1030 845 in
1049 787 1136 844 tona
1155 779 1213 845 illa

131 883 182 948 nisi
199 884 299 949 dotem
320 906 412 949 suam
434 883 522 947 undo
542 883 726 948 Willelmus
748 883 789 947 de
810 882 965 949 Olintona
983 890 1033 947 est
1051 891 1213 949 warantus

92 977 94 981 ¹
130 1010 194 1053 suus
214 988 251 1055 de
271 990 345 1054 dote
366 1010 426 1053 sua
447 995 482 1053 et
503 987 579 1053 inde
601 996 696 1053 uocat
719 1010 795 1053 cum
817 987 860 1053 ad
880 996 1069 1066 warantum,
1091 987 1212 1055 habeat

130 1115 191 1157 eum
204 1102 256 1159 etc
272 1102 305 1159 et
319 1092 481 1159 Robertus
495 1092 588 1179 ponit
603 1092 671 1157 loco
685 1115 744 1157 suo
759 1091 835 1157 etc²

66 1194 102 1263 ll.
182 1196 367 1263 'Willelmus
381 1197 423 1261 do
438 1195 584 1283 Hobrige
598 1196 683 1282 petit
699 1218 811 1261 uersus
821 1195 1021 1261 Thuroldum
1032 1195 1074 1261 de
1085 1195 1214 1283 Kiuilly

129 1299 200 1384 quod
225 1300 328 1386 capiat
356 1298 545 1386 homagium
571 1307 606 1363 et
634 1297 829 1363 racionabile
857 1298 1017 1364 releuium
1045 1322 1142 1364 suum
1171 1299 1213 1365 de

130 1402 212 1467 libero
229 1410 413 1469 tenemento
434 1402 520 1489 quod
542 1402 584 1468 de
604 1425 642 1467 eo
656 1411 749 1469 tenet
763 1402 799 1467 in
816 1402 962 1490 Hobrige
976 1412 1011 1469 et
1025 1403 1061 1468 in
1075 1403 1214 1469 Glosena

128 1506 199 1571 unde
224 1506 307 1573 idem
330 1505 515 1573 Willelmus
537 1507 680 1572 ostendit
702 1507 788 1593 quod
811 1507 994 1573 Willelmus
1015 1507 1056 1573 de
1086 1508 1214 1595 Kiuilly

128 1618 205 1694 pater
221 1634 294 1677 suus
314 1612 406 1677 dedit
422 1612 453 1677 ei
473 1634 531 1699 pro
550 1611 700 1699 homagio
715 1619 749 1677 et
768 1610 905 1677 neminie
917 1634 977 1676 suo
991 1612 1121 1677 feodum
1135 1612 1212 1679 dim.

128 1713 223 1779 militis
249 1738 322 1781 cum
352 1723 433 1801 pert
464 1714 500 1780 in
529 1714 675 1802 Hobrige
712 1722 747 1779 ot
784 1714 931 1793 Glosene,
961 1716 1047 1802 quod
1084 1717 1214 1782 feodum

128 1816 264 1884 Rimrdus
283 1820 427 1886 Clericus
450 1828 485 1885 et
506 1819 628 1885 Basilia
647 1840 728 1884 uxor
749 1818 820 1883 eius
840 1827 1018 1885 tenuerunt
1037 1820 1079 1886 de
1101 1821 1214 1886 eodem

128 1920 269 1988 Willelmo
296 1946 374 1989 cum
402 1930 472 1988 toto
502 1922 651 2010 homagio
680 1930 715 1988 et
743 1921 903 1989 fidelitate
931 1923 1074 2010 ipsorum
1097 1932 1157 1991 eto
1180 1934 1215 1992 et

128 2027 197 2111 quod
217 2027 299 2095 idem
320 2028 505 2093 Willelmus
526 2035 561 2093 et
583 2027 716 2092 heredes
735 2026 786 2091 sui
806 2027 961 2093 deberent
975 2028 1106 2093 feodum
1120 2028 1215 2095 illum

128 2129 152 2192 ei
163 2132 358 2197 warentizaro
379 2140 492 2198 contra
511 2154 621 2196 omnes
635 2130 790 2209 homines,
806 2139 840 2196 et
859 2130 936 2195 inde
950 2132 1072 2217 profert
1091 2140 1214 2198 cartam

126 2230 210 2316 ipsius
224 2235 379 2301 Willelmi
393 2257 457 2320 que
472 2242 613 2299 testatur
631 2233 692 2299 hoc
711 2232 808 2311 idem,
822 2233 909 2298 undo
929 2233 1017 2299 idem
1031 2234 1216 2299 Willelmus

126 2336 293 2423 dicitquod
314 2338 472 2425 capitales
493 2336 616 2404 domini
637 2336 723 2403 feodi
744 2336 832 2402 illius
853 2358 912 2423 per
931 2337 1095 2401 defectum
1113 2336 1216 2423 ipsius

126 2438 261 2507 l'huroldi
283 2442 486 2529 distringrmt
509 2442 692 2529 predictum
716 2441 891 2507 Ricardum
917 2448 952 2507 et
980 2441 1136 2507 Basiliam
1157 2465 1216 2529 pro

126 2545 228 2611 releuio
249 2548 334 2634 quod
355 2548 444 2612 idem
464 2547 646 2612 Thuroldus
664 2555 723 2613 etc.
739 2555 773 2612 ct
787 2569 846 2633 pro
860 2547 968 2612 warda
981 2555 1016 2613 et
1030 2547 1216 2614 huiusmodi

126 2649 165 2715 ita
188 2654 269 2738 quod
298 2653 413 2719 aueria
440 2675 500 2718 sua
529 2653 665 2718 detenta
689 2660 766 2718 sunt
792 2660 827 2718 et
848 2661 945 2740 capta
965 2675 1024 2739 per
1045 2653 1130 2739 quod
1159 2653 1216 2719 de·

127 2755 253 2822 teriorati
270 2766 350 2823 sunt
371 2765 405 2822 et
424 2757 568 2843 dapnum
583 2755 705 2822 habent
719 2756 762 2820 ad
775 2754 957 2822 ualenciam
971 2780 996 2822 c
1012 2756 1076 2836 sol,
1091 2765 1125 2822 et
1139 2757 1216 2823 inde

126 2860 255 2940 producit
276 2869 401 2926 sectam
424 2869 493 2936 otc,
510 2859 635 2925 desiout
657 2859 744 2925 idem
767 2858 950 2924 Willelmus
970 2860 1091 2946 optulit
1110 2859 1216 2926 eidem

125 2959 268 3030 Thuroldo
292 2965 400 3030 facere
425 2964 457 3028 oi
482 2963 669 3050 homagium
701 2971 736 3028 et
764 2962 924 3028 releuium
948 2985 1053 3041 suum,
1076 2970 1111 3028 et
1131 2962 1218 3049 petit

125 3065 196 3148 quod
209 3067 366 3133 deliberet
381 3065 492 3131 nueria
506 3065 650 3132 tenentis
667 3065 719 3131 sui
739 3073 774 3131 et
794 3067 881 3152 quod
902 3065 1010 3153 capiat
1029 3065 1217 3152 homagium

124 3187 204 3232 suum
217 3177 274 3236 etc
321 3170 366 3234 Et
383 3168 540 3233 Ricardus
554 3189 686 3255 presens
700 3167 764 3234 fuit
779 3177 814 3234 et
828 3169 889 3234 hoc
903 3167 991 3233 idem
1006 3167 1167 3255 oognouit,
1182 3175 1217 3232 et

125 3271 195 3353 quod
208 3281 297 3339 tenet
313 3274 355 3339 de
371 3272 536 3338 Willelmo
550 3281 611 3338 etc.

178 3375 217 3441 Et
237 3377 423 3442 Thuroldus
444 3376 537 3442 uenit
559 3384 594 3442 et
616 3375 778 3464 cognoscit
798 3384 921 3442 cartam
940 3375 1031 3440 illam
1046 3382 1081 3440 et
1094 3375 1216 3440 donum

125 3479 210 3559 patris
228 3482 277 3546 sui
299 3490 335 3547 et
356 3480 444 3568 quod
463 3481 647 3546 Willelmus
661 3480 793 3546 deberet
809 3480 850 3545 de
865 3503 903 3544 eo
917 3487 1029 3544 tenero
1043 3486 1078 3544 et
1092 3478 1161 3564 ipse
1175 3477 1217 3542 de

125 3579 272 3650 Gileberto
287 3585 405 3650 Foliot
450 3583 643 3650 Concordati
656 3591 733 3648 sunt
747 3605 808 3669 per
821 3582 987 3648 licenciam
1002 3580 1078 3648 eto.⁸

80 3685 96 3745 '·
177 3685 293 3753 ‘Alioia
307 3709 375 3775 que
394 3685 459 3751 fuit
478 3709 559 3752 uxor
572 3685 645 3752 Ade
665 3686 776 3772 Tysun
795 3685 881 3771 petit
900 3708 1013 3751 uersus
1032 3685 1217 3753 Rolandum
1328 3730 1335 3742 -

124 3785 157 3852 de
169 3789 306 3856 Axstede
321 3789 459 3856 terciam
474 3797 600 3876 partem
615 3791 753 3856 duarum
768 3812 870 3856 caruc
886 3798 971 3856 terre
990 3813 1066 3855 oum
1084 3799 1166 3877 pert
1180 3790 1217 3856 in

124 3890 250 3960 Axoede
264 3904 304 3960 ut
314 3895 428 3960 dotem
442 3917 534 3959 suam
549 3903 608 3961 etc

177 3999 218 4064 Et
231 3999 413 4066 Bollandus
427 3998 520 4065 uenit
535 4005 569 4064 et
582 3999 668 4086 petit
682 3999 759 4064 inde
776 3999 893 4065 uisum
937 3998 1092 4082 Habeatl.
1136 3998 1217 4065 Dies

150 4113 157 4146 ¹
171 4115 211 4167 Br.
222 4117 240 4168 l.
250 4121 299 4171 297
310 4118 337 4170 b.
687 4116 789 4168 ιιιιιιιοιι
806 4117 920 4169 Richard
933 4117 987 4168 and
1003 4117 1103 4169 Basilia
1117 4118 1159 4168 lor
1172 4117 1217 4168 tho

149 4179 243 4234 ’Lm
259 4185 287 4244 43
310 4183 344 4233 B.
356 4181 467 4232 mad.
501 4181 547 4234 Soa
562 4181 605 4234 Br.
618 4183 637 4233 l.
688 4183 762 4232 relisi
778 4181 829 4233 duo
844 4184 912 4233 from
934 4183 1058 4247 Thorold,
1077 4183 1218 4235 whereloro

124 4245 150 4292 83
159 4245 180 4294 b.
688 4247 805 4298 william
817 4263 876 4299 sues
886 4247 1008 4299 Thorold

149 4307 279 4365 'Richard
307 4311 363 4365 and
390 4312 487 4363 Basilia
515 4311 579 4362 hold
611 4313 640 4363 ol
720 4313 731 4346 ⁴
748 4314 777 4364 Δ.
792 4327 828 4362 ιιι.
840 4314 872 4372 4;
889 4315 920 4363 Β.
932 4329 967 4366 ιιι.
982 4313 1034 4364 ιιι.

123 4373 230 4440 william,
244 4381 303 4429 who
313 4377 393 4429 holds
404 4379 433 4428 of
446 4377 570 4438 Thorold,
580 4377 638 4428 who
721 4379 732 4412 ⁶
747 4379 792 4428 Br.
805 4379 823 4431 l.
837 4379 894 4430 377.

123 4437 187 4492 holds
197 4445 223 4493 ol
237 4445 340 4496 (tilbert
351 4443 447 4504 Foliot,
459 4443 516 4494 who
527 4441 576 4494 has
587 4443 637 4493 dis·
