3167 5075
332 415 394 480 100
451 397 458 409 '
643 422 780 484 nssrns,
801 422 867 473 ιι.
891 371 985 484 1225,
1006 422 1069 473 ιιι
1093 410 1121 473 9.

330 602 446 668 Juetto
467 607 542 687 post
563 598 731 664 decessum
752 603 814 663 oto.
836 604 871 662 et
893 596 934 662 de
948 597 1109 664 dominico
1124 596 1270 665 ciusdem
1285 597 1439 686 Hugonis

330 712 397 769 tres
418 725 479 769 scr.
502 709 537 768 et
559 701 634 767 dim.
658 698 824 765 habendes
853 707 888 765 et
917 700 1075 765 tenendas
1103 700 1225 766 eisdem
1255 701 1375 767 Brinno
1404 710 1440 767 et

330 806 479 893 Reynero
501 812 536 870 ct
558 801 732 868 heredibus
751 822 862 865 eorum
878 802 919 867 de
934 803 1118 888 corporibus
1133 804 1200 870 suis
1212 805 1390 890 procreatis
1403 812 1440 871 et

330 910 359 977 si
373 934 438 976 non
452 909 627 975 habuerint
642 906 778 973 heredes
792 916 978 973 reuertetur
991 908 1034 973 nd
1053 908 1161 994 ipsum
1181 909 1358 996 Hugonem
1378 918 1438 975 eto

397 1014 590 1083 Godefridus
600 1014 640 1079 de
653 1014 829 1101 Longetoft
840 1013 1040 1079 attechiatus
1051 1014 1115 1079 fuit
1125 1014 1168 1079 ad
1178 1014 1438 1101 respondendum

329 1120 472 1186 Roberto
494 1118 536 1184 de
558 1116 683 1183 Binetr’
705 1117 762 1203 qui
784 1124 835 1183 est
856 1116 941 1182 infra
961 1125 1085 1183 etatem
1100 1139 1200 1204 quure
1215 1118 1293 1184 fecit
1307 1128 1439 1185 uastum

330 1233 364 1290 et
379 1225 514 1290 exilium
529 1224 570 1288 de
585 1221 694 1287 terris¹
708 1221 848 1308 predicti
862 1221 998 1287 Roberti
1012 1222 1048 1287 in
1062 1222 1187 1288 Binetr'
1200 1245 1282 1308 quus
1292 1222 1394 1288 hebet
1404 1224 1439 1289 in

329 1328 479 1395 custodie
492 1327 534 1393 de
549 1325 733 1392 hereditate
748 1348 808 1392 suo
822 1326 863 1391 ed
879 1325 1167 1391 exhereducionem
1181 1326 1284 1412 ipsius
1303 1326 1440 1393 Roberti

329 1439 442 1497 contra
455 1429 715 1517 prohibicionem
730 1436 791 1494 etc.
807 1428 894 1493 unde
910 1427 996 1493 idem
1013 1428 1176 1495 Robertus
1190 1430 1340 1516 queritur
1353 1431 1440 1517 quod

329 1532 512 1619 asportauit
526 1531 638 1597 domos
653 1538 688 1596 et
702 1531 833 1596 arbores
847 1530 1044 1617 exstirpauit
1058 1538 1094 1597 et
1104 1531 1196 1597 uliud
1210 1541 1343 1598 uastum
1362 1534 1440 1599 fecit

330 1638 372 1703 ad
392 1636 677 1703 exheredscionem
698 1657 800 1703 susm.
843 1636 889 1701 Et
909 1634 1104 1702 Godefridus
1125 1636 1219 1701 uenit
1238 1644 1274 1701 et
1292 1636 1440 1703 defendit
1571 1635 1572 1696 ᾗ

330 1748 462 1806 uastum
492 1747 552 1805 etc
582 1746 633 1804 set
662 1760 777 1804 uerum
807 1739 883 1804 uult
911 1737 1025 1805 dicere.
1070 1740 1147 1827 Ipse
1174 1740 1300 1828 recepit
1328 1742 1377 1808 ibi
1404 1742 1440 1807 in
1571 1775 1572 1786 ι

331 1845 478 1912 custodia
506 1843 594 1931 xviij.
623 1844 735 1911 domos
772 1851 808 1909 et
843 1866 941 1931 super
977 1846 1037 1910 hoc
1073 1854 1236 1912 uenerunt
1272 1845 1440 1911 Johsnnes

166 1968 318 2067 puopffiffiffi
332 1946 486 2033 Godchep
508 1953 543 2011 et
565 1944 739 2032 Estrengis
760 1967 842 2010 uxor
860 1944 931 2010 eius
952 1953 1058 2011 meter
1079 1946 1225 2011 eiusdem
1246 1946 1383 2013 Roberti
1405 1956 1440 2012 et

165 2064 291 2151 333ng
330 2050 498 2137 petierunt
512 2047 624 2114 dotem
639 2046 785 2113 eiusdem
802 2047 974 2135 Estrsngie
990 2070 1054 2135 que
1075 2071 1148 2113 eam
1167 2047 1380 2135 contingebat
1398 2047 1439 2112 ds

166 2159 287 2245 fflpffl‘g
331 2160 519 2219 tenemento
534 2151 620 2238 quod
635 2151 699 2217 fuit
714 2151 866 2239 Hugonis
881 2152 1044 2239 quondum
1059 2152 1124 2217 uiri
1138 2152 1198 2231 sui,
1209 2161 1244 2217 et
1258 2151 1385 2228 habuit,
1405 2158 1440 2215 et

166 2257 409 2343 ffi'dffimquia
427 2257 552 2322 nullam
573 2256 705 2321 domum
729 2254 847 2321 habuit
869 2256 912 2321 ad
935 2256 1046 2321 dotem
1068 2278 1170 2333 suum,
1193 2256 1263 2342 ipse
1286 2255 1379 2321 dedit
1393 2254 1440 2320 eis

168 2344 320 2441 iohuio'ii‘ffl
332 2362 412 2427 duas
434 2360 545 2426 domos
566 2360 607 2426 de
629 2358 783 2445 predictis
805 2360 894 2446 xviij.
917 2359 1067 2425 domibus
1082 2367 1116 2425 et
1131 2358 1212 2424 duas
1225 2358 1356 2424 arbores
1369 2358 1439 2423 siue

168 2438 309 2525 {idiiiiii
332 2462 407 2548 plus
422 2468 456 2526 et
471 2481 639 2546 nunquam
654 2457 745 2523 uliud
759 2466 890 2524 uastum
906 2459 991 2525 fecit.

167 2530 302 2576 mmm*
399 2565 443 2629 Et
464 2562 628 2628 Bobertus
649 2562 730 2627 dicit
752 2561 840 2650 quod
860 2562 1000 2648 predicti
1020 2561 1188 2628 Johsnnes
1209 2570 1244 2628 et
1266 2563 1441 2650 ansngin

332 2675 510 2755 posuerunt
524 2666 636 2732 domos
650 2665 722 2732 illas
736 2689 835 2752 super
851 2667 983 2734 feodum
1006 2667 1151 2733 eiusdem
1172 2667 1333 2734 Johnnnis
1354 2666 1443 2755 quod

332 2793 500 2857 nunquam
523 2769 644 2855 poterit
666 2771 789 2836 reuerti
810 2771 982 2858 adipsum
1004 2772 1185 2838 Robertum
1207 2779 1242 2837 et
1262 2772 1350 2859 petit
1363 2772 1442 2839 inde

331 2873 498 2940 iudicium.
543 2875 588 2938 Et
610 2873 684 2939 ideo
705 2897 764 2961 pro
784 2876 952 2960 paruitate
981 2876 1069 2941 uasti
1098 2887 1134 2942 et
1162 2876 1257 2942 modo
1286 2878 1441 2943 usstandi
1571 2958 1572 2961 Ἴ

331 2977 570 3044 consideratum
585 2985 636 3043 est
651 2977 737 3064 quod
753 2977 948 3044 Godefn‘dus
962 2979 1061 3045 faciut
1074 2980 1155 3045 alias
1169 2980 1252 3046 duas
1269 2980 1382 3046 domos
1398 2981 1441 3047 sd
1571 3044 1572 3055 ,

331 3081 512 3148 uolenoiom
532 3080 751 3169 predictorum
773 3081 941 3147 domorum
962 3093 997 3148 et
1015 3084 1060 3148 sit
1074 3083 1109 3148 in
1123 3084 1350 3150 misericordia
1395 3085 1442 3150 Et

330 3185 461 3253 inuenit
486 3185 568 3250 tnles
592 3185 716 3272 plegios
738 3185 826 3272 quod
848 3186 990 3272 emplius
1012 3209 1077 3252 non
1101 3187 1200 3252 faciet
1223 3195 1356 3253 uastum
1379 3211 1442 3254 nec
1571 3194 1572 3197 ’

331 3290 460 3356 arbores
479 3288 660 3377 asportabit
681 3296 716 3354 et
735 3289 823 3375 quod
842 3289 941 3355 faciet
960 3290 1072 3356 domos
1090 3291 1176 3358 sicut
1190 3291 1376 3379 predictum
1391 3300 1443 3358 est

168 3404 319 3494 fflptpoppppuo
331 3403 393 3462 eto·

199 3519 292 3588 1076·
396 3499 581 3564 Willelmus
600 3497 641 3563 de
664 3496 817 3563 Duuintr’
837 3497 923 3584 petit
945 3521 1058 3564 uersus
1078 3498 1265 3564 Ysobellsm
1287 3521 1352 3586 que
1378 3500 1445 3567 fuit

207 3621 282 3662 ιοιιι
331 3625 412 3668 uxor
425 3601 586 3667 dohannis
601 3600 641 3666 do
657 3601 811 3666 Weltona
827 3601 1007 3667 custodiam
1027 3611 1113 3666 terre
1134 3625 1197 3690 que
1218 3603 1282 3668 fuit
1301 3603 1443 3690 predicti

167 3682 297 3826 {lidfftuffih
330 3706 491 3774 Johennis
512 3707 547 3771 in
569 3705 774 3792 Nywenham
796 3705 889 3771 cuius
911 3705 1058 3772 custodis
1078 3705 1121 3772 nd
1143 3729 1219 3772 eum
1241 3709 1387 3794 pertinet
1401 3731 1441 3774 eo

167 3825 291 3914 fflffi
332 3809 419 3897 quod
440 3809 528 3875 idem
550 3807 719 3875 Johannes
741 3809 852 3874 tenuit
873 3809 914 3874 de
930 3832 968 3875 eo
982 3833 1042 3896 per
1055 3811 1229 3885 seminium
1244 3811 1388 3879 militare
1403 3821 1444 3879 ut

230 3883 244 3920 q
357 3915 364 3928 .
387 3914 394 3927 .

168 3916 315 4013 {fflffi
332 3914 420 3980 drort

168 4019 309 4100 fflffiffi,
399 4017 444 4081 Et
474 4015 629 4082 Ysobells
658 4015 751 4081 uenit
780 4024 816 4082 et
843 4017 990 4083 defendit
1019 4017 1106 4103 quod
1133 4040 1199 4083 non
1228 4018 1327 4085 debet
1363 4021 1443 4087 inde

168 4105 293 4193 ttftttm
332 4119 513 4187 custodiam
541 4118 661 4184 habere
691 4119 770 4204 quis
798 4128 885 4186 terra
913 4120 972 4186 ille
995 4129 1047 4186 est
1071 4122 1235 4207 sonegium
1261 4130 1296 4188 ot
1318 4126 1445 4211 profert

167 4197 295 4239 musteis

168 4244 277 4341 pffistet
364 4247 422 4347 :dc
434 4250 507 4298 terris
518 4246 605 4298 interl.
617 4246 812 4324 bpennotstor.
912 4248 960 4300 bnt
975 4254 1048 4327 must
1068 4250 1100 4302 be
1118 4251 1243 4328 supplied
1269 4252 1344 4329 'This
1362 4253 1387 4304 is
1405 4270 1444 4306 ιιι

168 4342 265 4378 manuus
274 4338 295 4376 et
391 4315 436 4365 Br.
451 4313 469 4366 f.
483 4313 564 4364 3161).
592 4312 656 4362 Thu
667 4328 690 4363 ιι
700 4312 768 4364 Frtz.
780 4317 859 4374 Woet,
912 4315 1071 4377 spphcstron
1087 4316 1117 4366 of
1132 4317 1177 4367 the
1193 4318 1319 4380 principle
1330 4319 1390 4371 thet
1406 4335 1444 4371 sn

168 4383 308 4424 tuenstuens
334 4381 391 4431 137.
911 4381 998 4429 infant
1010 4381 1074 4431 need
1083 4384 1129 4431 not
1137 4395 1237 4432 unswer
1245 4384 1374 4447 touching
1383 4385 1445 4438 thot

168 4431 321 4519 ffiffi}
365 4443 377 4478 ⁸
394 4443 448 4496 The
456 4441 525 4496 word
533 4445 610 4494 uiuus
618 4443 642 4492 is
648 4447 695 4493 not
702 4443 730 4492 in
739 4443 783 4494 the
793 4445 858 4507 MS„
912 4446 942 4495 of
950 4445 1036 4496 whioh
1047 4446 1090 4497 his
1100 4451 1220 4500 mossur
1231 4447 1291 4500 died
1301 4449 1397 4504 seissd.
