3167 5075
420 385 486 438 an.
510 368 755 448 1226-7‚sn
781 371 919 437 10-11.
1162 371 1225 438 651

128 559 299 650 placitum¹,
314 583 414 648 quam
429 559 640 626 clamanciam
655 580 750 624 nemo
769 557 942 626 defendere
963 565 1081 645 potest,
1096 565 1132 624 et
1152 557 1228 624 ideo

128 666 355 732 consideratum
371 673 421 730 ost
437 663 523 751 quod
537 664 638 730 assisa
652 661 802 749 capiatur
815 685 874 750 per
887 663 1053 728 defaltam.

184 771 353 836 Juratores
367 768 481 834 dicunt
497 767 583 854 quod
598 766 764 854 predictus
779 767 886 832 Adam
900 767 983 832 obiit
998 767 1129 832 seisitus
1143 766 1230 832 sicut

128 876 220 941 breue
241 873 323 939 dicit
345 872 386 938 de
408 880 495 938 terra
516 870 574 936 illa
593 880 652 936 etc.
670 881 704 936 et
724 879 799 956 post
814 871 999 948 terminum,
1014 881 1050 936 et
1064 871 1151 958 quod
1165 869 1229 936 iste

127 967 320 1065 Reginaldus
335 985 386 1042 est
400 975 610 1064 propinquior
624 975 725 1042 hores.
771 976 816 1040 Et
834 975 909 1041 ideo
925 975 1164 1041 consideratum
1179 982 1231 1039 est

128 1083 207 1170 quod
222 1081 423 1170 Reginaldus
437 1080 643 1168 recuperauit
662 1079 816 1146 saisinam
836 1101 938 1158 suam,
953 1088 989 1144 et
1010 1079 1174 1145 Robertus
1194 1079 1231 1144 in

127 1185 340 1252 misericordia
353 1193 413 1251 etc

45 1291 94 1360 357.
186 1292 300 1357 Assisa
324 1292 419 1356 uenit
441 1291 647 1378 recognitura
671 1291 699 1355 si
725 1290 870 1356 Licoriza
894 1313 982 1356 soror
1003 1290 1143 1377 Agnetis
1165 1291 1231 1356 fuit

127 1397 235 1463 saisita
248 1403 308 1462 etc
325 1394 366 1459 de
381 1417 448 1460 una
461 1395 569 1460 bouat.
586 1403 672 1460 terre
686 1395 721 1459 in
737 1395 902 1461 Milfordia
915 1396 969 1462 die
984 1405 1054 1471 eto.
1069 1405 1104 1461 et
1118 1396 1146 1460 si
1160 1404 1229 1472 eta,

127 1523 221 1588 quam
244 1509 364 1566 terram
386 1500 572 1566 Willelmus
593 1499 680 1564 filius
702 1499 827 1565 Thome
849 1507 948 1566 tenet.
993 1500 1061 1581 Qui
1081 1499 1176 1565 uenit
1196 1507 1395 1582 etms„

126 1604 305 1691 dicitquod
318 1604 460 1669 uillanus
475 1610 534 1680 est,
543 1610 577 1667 et
586 1602 673 1688 quod
688 1610 780 1668 tenet
796 1610 916 1668 terram
930 1603 1021 1669 illam
1036 1603 1077 1668 de
1092 1602 1230 1668 Ricardo
1242 1578 1371 1667 'lim

125 1707 163 1772 de
185 1704 412 1772 Luuenathon’
439 1705 538 1770 fratre
563 1703 665 1790 ipsius
691 1704 839 1791 Agnetis.
884 1705 950 1785 Qui
971 1727 1103 1792 presens
1123 1713 1175 1770 est
1195 1672 1374 1770 ethii-iffi

1243 1764 1396 1813 mulslim

126 1809 285 1898 cognoscit
315 1810 399 1896 quod
430 1807 616 1874 Willelmus
644 1814 739 1893 pater
766 1829 845 1872 suus
874 1807 966 1873 dedit
994 1817 1116 1874 terram
1140 1808 1231 1873 illam
1243 1816 1381 1907 κῃ

124 1913 268 2000 predicte
294 1910 436 1977 Lioorize
460 1933 519 1997 pro
543 1910 694 1997 homagio
719 1919 753 1975 et
779 1911 915 1975 seruicio
936 1934 1003 1976 suo.
1048 1913 1093 1976 Et
1113 1905 1382 2008 quum'fflffi

125 2016 186 2080 ista
207 2018 320 2102 Agnes
345 2023 395 2079 est
420 2013 630 2100 propinquior
653 2013 746 2078 heres
775 2013 877 2098 ipsius
906 2013 1048 2081 Licorize
1078 2037 1117 2081 eo
1145 2015 1230 2102 quod
1243 2002 1364 2084 22¹3&

124 2121 288 2207 predictus
309 2120 467 2184 Ricardus
489 2140 555 2184 non
576 2125 685 2204 potest
708 2139 777 2182 esse
801 2117 951 2182 dominus
974 2127 1009 2184 et
1034 2119 1135 2198 heres,
1157 2091 1376 2228 con-{pffiu

124 2225 302 2290 sideratum
318 2233 368 2289 est
383 2223 469 2310 quod
483 2224 555 2310 ipsa
569 2221 775 2308 recuperauit
789 2221 942 2286 saisinam
956 2245 1049 2287 suam
1064 2231 1123 2288 etc

44 2323 89 2388 l58·
187 2328 302 2396 Amiso
324 2329 418 2393 uenit
441 2327 647 2415 recognitum
666 2327 695 2392 si
708 2326 893 2392 Willelmus
913 2326 1000 2393 lilius
1019 2326 1124 2394 There
1138 2336 1234 2414 pater

124 2433 239 2499 Emme
264 2432 372 2497 uxoris
396 2431 534 2497 Galfrldi
555 2431 615 2496 filii
637 2431 773 2496 Roberti
795 2430 860 2495 fuit
879 2429 1009 2494 saisitus
1022 2429 1058 2494 in
1073 2430 1233 2496 dominico

123 2546 181 2604 etc
206 2539 250 2605 de
277 2560 345 2603 uua
368 2535 477 2601 bouat.
502 2544 587 2601 terre
612 2558 686 2601 cum
710 2542 791 2621 pert
818 2534 854 2599 in
877 2532 1064 2599 Foterholm
1085 2533 1139 2599 die
1162 2542 1233 2614 ete,

123 2664 221 2727 quam
236 2650 359 2705 terram
374 2640 514 2704 Thomas
528 2639 569 2704 de
585 2638 742 2703 Rozholm
757 2646 858 2703 tenet.
904 2638 970 2718 Qui
990 2637 1085 2703 uenit
1103 2647 1138 2703 et
1152 2638 1233 2705 dicit

123 2742 209 2829 quod
232 2741 350 2807 habuit
371 2749 492 2806 terram
512 2739 547 2805 in
567 2740 778 2827 maritagium
796 2762 871 2805 cum
886 2740 997 2809 Roisia
1010 2762 1115 2807 sorore
1130 2741 1233 2827 ipsius

123 2846 240 2912 Emme
256 2868 320 2932 qua
335 2845 425 2923 obiit,
441 2854 475 2911 et
489 2845 565 2910 inde
580 2854 677 2911 uocat
691 2845 732 2910 ad
748 2854 929 2911 warantum
948 2845 1107 2911 Thomam
1127 2845 1366 2954 filiarum„lod

121 2956 155 3012 et
185 2948 342 3013 heredem
371 2947 473 3033 ipsius
502 2947 620 3031 Roysie
650 2970 708 3033 per
737 2969 836 3033 quam
865 2947 966 3013 habet
994 2956 1122 3015 terram.
1167 2948 1233 3030 Qui
1244 2952 1390 3040 {gffim

121 3073 256 3135 presens
271 3058 321 3115 est
336 3057 371 3115 et
386 3049 417 3114 ei
432 3050 620 3115 warantizat
635 3058 670 3115 et
684 3051 771 3136 petit
786 3050 944 3115 iudicium
958 3051 987 3117 si
1002 3051 1121 3117 debeat
1135 3054 1234 3117 assisa
1244 3045 1360 3131 mla:

121 3157 305 3241 procedere,
319 3154 445 3221 desicut
460 3155 581 3242 Roysia
595 3163 701 3220 mater
714 3178 774 3221 sua
793 3156 858 3221 fuit
876 3178 965 3221 soror
985 3156 1087 3242 ipsius
1109 3157 1233 3223 Emme.
1244 3139 1397 3271 Ξὲἓῃῇᾞ

121 3262 164 3327 Et
186 3262 310 3326 Emma
331 3261 494 3348 cognoscit
516 3260 602 3346 quod
625 3260 689 3327 fuit
711 3282 798 3325 soror
819 3282 879 3325 sua
900 3282 941 3325 ex
960 3268 1053 3345 parte
1075 3260 1177 3345 patris
1199 3267 1378 3324 elmerum

120 3366 246 3433 matris.
292 3366 336 3429 Et
364 3364 438 3431 ideo
468 3364 706 3431 consideratum
736 3372 786 3431 est
815 3364 902 3452 quod
927 3365 1027 3430 assisa
1055 3387 1121 3430 nou
1148 3366 1234 3431 iacet
1243 3324 1396 3467 ffiffig

118 3470 207 3535 inter
223 3492 281 3535 eos
294 3469 336 3533 de
357 3476 461 3533 morte
480 3467 583 3555 ipsius
604 3468 769 3545 willelmi,
784 3478 820 3534 et
839 3469 912 3534 ideo
930 3470 1070 3535 Thomas
1092 3479 1126 3535 et
1148 3470 1235 3537 filius

118 3596 199 3640 suus
213 3573 294 3640 inde
309 3572 379 3638 sine
392 3572 456 3649 die,
471 3582 506 3637 et
522 3572 686 3641 Galfridus
700 3582 735 3641 et
751 3574 868 3638 Emma
881 3574 917 3638 in
932 3574 1156 3641 misericordia

152 3784 656 3848 ²'l'hisssamstorafsrtolhogsusrol
707 3785 753 3836 the
771 3787 941 3851 propinquior
962 3786 1033 3835 teres
1048 3799 1098 3836 can
1120 3800 1232 3839 recovsr.

120 3864 264 3903 summoue
285 3851 315 3901 of
334 3851 380 3901 the
403 3865 470 3914 syro.
511 3851 566 3902 Tha
587 3850 657 3901 word
707 3852 793 3913 Agnes
815 3852 839 3899 is
860 3856 908 3901 not
926 3850 1069 3902 Licoriza’s
1084 3850 1152 3901 hair.
1186 3852 1234 3903 Soa

117 3914 655 3981 pushasboensubstitutedbythcanno
706 3915 750 3966 Br.
770 3916 788 3965 f.
805 3917 855 3967 27⁷
866 3915 920 3965 and
937 3916 1017 3965 abore
1030 3917 1081 3965 vol.
1096 3930 1115 3965 1.
1129 3932 1156 3979 p.
1173 3918 1231 3971 4³7.

121 3982 250 4035 laterior
262 3980 412 4043 something
423 3981 483 4031 else.
709 3980 764 4031 The
786 3981 838 4031 last
859 3980 944 4032 worda
959 3982 989 4032 ol
1006 3981 1060 4031 this
1076 3985 1141 4033 uoto
1156 3996 1234 4034 mean

153 4049 165 4081 ¹
182 4048 303 4097 Bracton
314 4046 399 4096 would
410 4046 423 4094 I
436 4045 513 4096 think
523 4045 589 4095 hare
601 4044 658 4097 said
708 4046 768 4095 thal
779 4060 851 4095 some
866 4046 940 4095 other
953 4046 1039 4095 action
1057 4046 1152 4096 should
1167 4047 1234 4098 have

122 4112 182 4163 that
193 4113 273 4162 thare
284 4126 336 4161 was
346 4110 498 4161 orrorhers.
531 4112 658 4173 Aporsou
708 4110 773 4161 been
796 4110 916 4172 brought
953 4110 1017 4161 This
1038 4126 1097 4162 case
1119 4112 1143 4162 is
1164 4112 1234 4163 ruz.

121 4178 181 4228 who
205 4178 231 4227 is
255 4180 302 4225 not
323 4175 425 4226 hairto
443 4176 487 4225 the
504 4175 570 4226 dead
586 4192 657 4237 man,
708 4178 923 4237 Mordauneeotor,
936 4176 977 4227 54.

121 4243 171 4293 bnt
185 4242 241 4293 hos
258 4256 274 4295 a
288 4241 367 4291 claim
382 4244 410 4291 to
426 4240 471 4290 the
483 4240 546 4291 land
561 4255 596 4290 on
613 4241 658 4291 tha
739 4240 753 4275 ³
767 4241 822 4290 But
842 4240 887 4290 the
908 4244 1049 4293 annotator
1066 4240 1115 4293 has
1137 4242 1235 4295 altered

122 4306 230 4371 ground
243 4306 303 4357 that
314 4306 359 4357 the
371 4310 430 4357 true
440 4305 497 4356 helr
505 4306 622 4421 happens
630 4308 658 4357 to
709 4304 765 4357 this
776 4305 834 4357 into
845 4308 920 4369 qaod.

122 4374 154 4425 ho
166 4372 216 4425 the
233 4371 301 4431 loru,
313 4376 369 4433 oon}
376 4374 424 4422 not
437 4370 511 4433 bring
528 4374 539 4421 t
559 4387 573 4421 a
587 4374 656 4423 mort
741 4371 814 4422 ‘Bt
826 4372 844 4423 l
858 4371 941 4425 mh.

122 4438 292 4495 u’cnceoton
320 4436 361 4487 lor
377 4436 406 4487 in
423 4435 476 4487 this
493 4436 577 4488 assius
594 4436 658 4500 only
