3167 5075
409 363 843 438 nuscr‚sn.·1arc‚aa
869 367 916 427 10.
1078 349 1081 353 ’
1153 367 1213 428 561

59 573 96 634 22,
182 549 301 616 umisa
322 549 415 615 uenit
437 550 643 638 recognitum
663 549 692 615 'ei
706 549 909 615 Willelmus'
923 551 964 616 de
981 551 1092 616 Monte
1108 552 1215 616 Acuto
1254 563 1348 600 Suam·

125 662 206 739 pater
226 653 356 718 Ricardi
371 653 412 718 de
428 653 540 718 Monte
556 654 663 718 Acutc
683 653 748 718 fuit
767 653 898 718 scisitus
919 653 954 719 in
976 654 1136 720 dominico
1157 677 1215 719 suo

124 767 157 821 ut
169 757 206 822 dc
216 757 306 822 feodo
321 757 362 822 de
377 757 504 822 duabus
519 757 605 822 hidis
619 765 703 821 terre
713 769 749 821 ct
764 756 840 822 dim.
852 780 927 822 cum
936 767 1016 844 pert.
1026 757 1061 822 iu
1074 758 1216 823 Suttoua

123 862 168 928 die
182 885 241 950 quo
256 871 325 938 etc,
335 885 432 949 quam
447 870 567 926 terrem
584 862 762 926 Gilibertus
776 862 818 926 de
831 862 896 949 Say
905 871 997 927 tenet
1012 862 1069 948 qui
1083 863 1215 927 uocauit

122 967 242 1032 indeed
256 975 437 1031 warantum
453 965 649 1032 Matillidem
664 989 799 1032 uxorem
813 966 883 1031 eius
903 989 942 1031 ec
961 967 1048 1052 quod
1063 966 1215 1031 Matheus
1228 993 1369 1033 roccum

121 1071 155 1136 de
184 1071 359 1137 Cliuedona
388 1069 477 1134 illam
508 1077 627 1134 terrum
657 1069 689 1134 ei
717 1068 809 1133 dedit
838 1070 873 1134 in
903 1069 1112 1156 maritagium
1140 1041 1352 1134 cumlilliiill³⁰

121 1174 281 1240 ultuma.
324 1174 369 1238 nc
392 1173 528 1238 nauus
550 1173 644 1237 uenit
667 1181 701 1238 ec
721 1173 854 1238 uocauit
873 1173 949 1237 inde
964 1173 1006 1238 ac
1020 1135 1316 1238 warantum⁴³⁰“‘⁰⁸‘

120 1277 325 1342 Willclmum⁵
339 1276 380 1342 de
396 1277 509 1342 Monte
524 1276 632 1340 Acuto
647 1275 751 1340 filium
767 1284 802 1341 et
816 1275 970 1341 heredem
984 1276 1144 1364 Drogonic
1158 1299 1217 1363 per

118 1391 231 1446 cartam
257 1381 413 1445 willelmi
438 1379 479 1445 de
505 1381 618 1444 Monte
644 1377 767 1444 Acuto⁰
796 1380 898 1466 patris
926 1380 1028 1466 ipsius
1056 1380 1217 1467 Drogonis

118 1507 207 1571 quam
223 1486 345 1571 profert
359 1493 394 1550 et
409 1505 473 1571 que
488 1491 631 1548 testatur
644 1482 730 1568 quod
744 1482 833 1546 idem
852 1483 1032 1549 Willelmus
1046 1483 1139 1549 dedit
1153 1492 1213 1549 etc.

118 1597 210 1653 terras
224 1611 299 1653 suas
314 1588 354 1652 de
371 1587 514 1653 Suttona
528 1595 590 1651 etc.
607 1586 713 1651 eidem
729 1586 863 1650 Matheo
878 1586 912 1651 in
931 1586 1140 1672 marilegium
1154 1594 1215 1651 etc.

117 1715 184 1756 cum
198 1691 353 1757 Isobellc'
368 1714 428 1757 sua
441 1699 511 1770 etc,
527 1699 561 1756 et
582 1690 642 1756 hac
661 1690 788 1756 racione
811 1699 908 1755 uocat
929 1689 1034 1756 filium
1055 1691 1216 1778 Drcgcnis

116 1795 153 1860 ad
166 1806 346 1862 warantum
360 1804 423 1861 etc.
442 1793 448 1882 Ι

174 1901 217 1966 Et
239 1900 400 1967 Ricardus
419 1899 503 1964 dicit
525 1898 612 1985 quod
633 1899 819 1965 nondebet
833 1907 1014 1966 warantum
1033 1908 1214 1986 expectere,
1263 1917 1348 1967 [utu]

116 2005 187 2091 quia
206 2003 411 2071 Willclmuc⁸
435 2004 476 2068 de
503 2003 616 2068 Monte
642 2005 750 2068 Acuto
772 2012 867 2090 peter
887 2004 1026 2090 predicti
1050 2004 1216 2092 Hugonis⁹

113 2110 207 2174 nichil
215 2111 293 2176 inde
306 2110 423 2174 habuit
432 2107 682 2172 nisicustodium
692 2117 912 2194 postmortem
921 2108 1103 2174 Willelmi¹⁰
1113 2111 1215 2195 patrie

112 2215 158 2278 sui
173 2215 265 2280 cuius
280 2215 374 2280 heres
389 2215 458 2300 ipse
474 2220 532 2278 est.
567 2213 610 2276 Et
621 2212 697 2277 inde
712 2213 835 2299 profert
849 2212 1076 2299 cirographum
1091 2215 1214 2280 factum

112 2331 253 2404 tempore
270 2317 403 2383 Ricardi
418 2317 526 2404 Regis,
542 2316 629 2403 quod
648 2325 790 2381 testatur
803 2317 891 2403 quod
905 2317 1114 2382 Willelmus¹¹
1128 2319 1215 2383 filius

112 2421 242 2488 Roberti
257 2423 301 2496 de
313 2421 425 2487 Monte
437 2423 544 2486 Acuto
558 2421 684 2486 remisit
696 2431 730 2486 et
742 2422 892 2508 quietum
902 2422 1058 2488 clamauit
1071 2423 1216 2509 predicto

111 2525 371 2593 Willelmo¹¹filio
380 2525 560 2592 Ricardide
570 2524 683 2591 Monte
692 2527 801 2591 Acuto
810 2538 844 2592 et
856 2526 1103 2593 heredibussuis
1113 2537 1216 2593 totam

111 2640 226 2697 terram
241 2632 285 2696 de
308 2631 426 2695 Thom'
441 2630 482 2696 de
505 2654 539 2696 ee
562 2639 597 2695 et
617 2630 659 2695 de
680 2631 855 2697 heredibus
872 2632 939 2698 suis
953 2632 989 2697 in
1010 2641 1215 2719 perpetuum,

111 2744 143 2798 et
163 2758 221 2821 pro
244 2735 307 2801 hac
330 2744 388 2800 etc.
405 2734 616 2801 Willelmus²⁸
632 2736 719 2800 filius
741 2736 873 2801 Ricardi
895 2738 1051 2802 concessit
1071 2736 1217 2823 predicto

111 2838 301 2905 Willelmo¹⁴
311 2838 378 2904 filio
388 2836 523 2904 Roberti
535 2846 569 2905 et
580 2839 754 2904 heredibus
765 2840 833 2905 suis
844 2849 948 2906 totam
957 2850 1077 2905 terram
1086 2841 1127 2906 de
1138 2842 1216 2907 Sut-

111 2950 184 3008 tona
197 2966 277 3009 cum
293 2952 374 3029 pert.
384 2951 444 3009 etc
483 2944 581 3009 Unde
596 2943 683 3007 idem
695 2944 854 3009 Ricardus
865 2945 1041 3031 dicitquod
1051 2968 1110 3032 per
1116 2945 1216 3011 finem

109 3048 198 3115 illum
211 3050 372 3115 remansit
383 3051 496 3115 eadem
510 3059 597 3115 terra
608 3050 799 3115 Willelmo¹⁸
812 3050 899 3137 patri
909 3073 968 3115 suo
978 3050 1035 3137 qui
1046 3050 1123 3115 inde
1134 3051 1217 3115 obiit

110 3153 245 3231 scisitus,
258 3162 295 3219 et
306 3153 375 3239 ipso
385 3153 546 3231 defuncto,
558 3153 770 3219 Willelmns¹⁸
779 3163 874 3240 pater
882 3153 1141 3240 Drogoniscepit
1151 3162 1217 3218 ter-

109 3278 173 3321 rum
187 3258 284 3323 illam
301 3258 335 3322 in
350 3280 484 3323 menum
499 3281 600 3337 suam,
612 3267 646 3323 et
661 3259 688 3323 si
703 3258 782 3345 quid
797 3257 873 3323 inde
884 3257 975 3323 dedit
990 3258 1050 3322 hoc
1064 3258 1128 3323 luit
1142 3267 1216 3345 post

108 3360 202 3428 finem
218 3362 317 3429 illum
332 3372 367 3428 et
381 3372 494 3429 contra
505 3362 603 3428 finem
617 3364 720 3441 illum,
730 3372 766 3429 et
780 3364 867 3449 petit
881 3363 1032 3429 seisinam
1047 3384 1139 3428 suam
1154 3372 1215 3428 etc.

138 3540 193 3593 ¹A.
206 3559 244 3594 m.
259 3545 293 3596 17
305 3543 331 3593 d.
687 3550 723 3595 cia
735 3549 1004 3597 woremirctetaocat
1018 3548 1054 3597 cd
1065 3553 1214 3605 recreatum,

136 3607 147 3639 ²
162 3608 284 3659 Willicm
295 3608 344 3657 No.
357 3608 379 3659 1.
687 3613 719 3661 B.

136 3674 637 3726 ’Thisltalrctomeanthatthis
731 3676 973 3727 ‘WilliamNoz

107 3752 162 3787 cese
178 3740 263 3789 about
283 3738 397 3789 Richcrd
418 3740 567 3790 Montccutc
587 3740 637 3791 has
730 3741 741 3775 ⁶
756 3742 874 3791 William
883 3741 932 3791 No.
945 3743 969 3794 3.

106 3818 176 3853 some
186 3804 348 3854 connection
356 3803 419 3853 with
430 3804 541 3855 theonae
550 3806 579 3855 ol
588 3820 637 3855 one
727 3805 932 3869 lSupplyfitic.

107 3868 210 3919 Corbin.
246 3868 508 3919 soecbovccmeoo
522 3870 638 3921 wherea
730 3872 807 3922 ⁸No
820 3874 844 3921 t.

107 3932 205 3983 similar
222 3933 341 3983 allusion
357 3938 385 3983 to
401 3934 496 3984 Gorbin
513 3937 536 3984 ie
553 3935 636 3985 made.
730 3935 830 3986 ‘Gora
842 3938 977 4001 Dropocia.

106 3998 637 4062 'l'hcprcsentcascandtlascBOhavaI
719 4001 740 4035 ¹⁰
757 4002 806 4052 No.
819 4005 843 4052 1.

106 4062 181 4113 think
197 4080 215 4114 a
231 4064 311 4126 point
328 4064 357 4113 in
376 4078 504 4114 common.
537 4066 570 4115 In
592 4081 636 4129 my
684 4100 688 4113 .
720 4066 741 4100 n
758 4068 806 4117 No.
819 4070 842 4119 1.

107 4126 293 4179 Introduction
304 4128 395 4179 Ichall
406 4129 477 4179 show
488 4130 546 4180 how
559 4132 636 4180 Brcc-
720 4132 742 4167 ¹²
758 4134 805 4185 No.
820 4135 845 4184 3.

106 4198 152 4243 ton
173 4210 228 4245 was
257 4194 402 4245 connected
428 4194 492 4244 with
519 4196 638 4246 Corbiu’s
720 4198 740 4230 ¹³
756 4198 806 4247 No.
818 4200 842 4247 B.

107 4273 173 4309 carc.
190 4259 279 4309 Other
287 4260 412 4309 allusione
420 4264 448 4310 tc
457 4260 639 4313 Oorbin‘scase
721 4262 742 4295 ¹⁴
758 4263 808 4312 No.
820 4266 844 4314 1.

107 4336 182 4375 occur
192 4324 281 4375 below
291 4340 327 4373 cn
338 4325 393 4375 MS.
405 4324 423 4374 l.
437 4325 486 4375 268
496 4326 512 4374 b
522 4328 570 4378 277
582 4326 605 4376 b.
722 4328 743 4363 ¹⁶
759 4328 809 4377 No.
820 4329 845 4378 1.

136 4390 270 4453 ‘Supply
285 4392 426 4451 predictam
440 4392 571 4441 Multarum
594 4395 637 4454 qai
723 4393 744 4426 ³⁸
760 4392 809 4443 No.
821 4395 845 4444 3.

191 4506 227 4554 lt.
254 4507 305 4555 111.
