3167 5075
329 408 449 459 conani
470 408 569 471 annu,
592 409 657 461 an.
683 394 842 471 1236-7,
866 410 931 461 aa
953 398 1003 460 21.
1158 398 1222 461 223

129 587 299 645 tenemento
325 580 382 645 illo
407 588 459 645 set
484 580 598 646 statim
620 581 764 667 reposuit
786 604 821 647 se
843 581 879 646 in
900 582 1051 647 saisinam
1073 592 1223 649 suamet

128 692 233 747 tanam
261 685 351 749 illam
378 684 520 749 excoluit
546 686 676 771 propria
704 708 820 751 caruca
847 708 908 751 sua
936 695 971 751 et
996 686 1156 774 disposuit
1181 690 1223 754 de

127 786 219 851 bladis
232 810 288 873 pro
303 788 474 853 uoluntate
495 810 555 853 sua
574 797 609 853 et
628 788 678 853 ita
699 789 781 854 obiit
803 789 839 853 in
860 790 987 867 saisina,
1001 800 1052 856 set
1072 792 1223 857 nesciunt

127 890 157 955 in
182 893 317 959 ueritate
345 892 374 957 si
402 892 548 957 condidit
577 900 814 958 testamentum
842 916 938 959 snum
972 895 1013 959 de
1047 895 1154 960 bladis
1187 895 1223 968 in

127 996 265 1060 extremis
279 997 334 1060 uel
354 1018 428 1073 non,
442 1004 493 1061 set
513 996 596 1061 bene
617 997 755 1061 credunt
775 997 862 1083 quod
881 998 935 1075 sic,
951 1007 987 1063 et
1006 1000 1089 1064 bene
1109 1000 1223 1064 dicunt

126 1099 200 1183 quod
218 1099 305 1164 idem
329 1100 524 1165 Lambertus
544 1100 631 1165 filius
650 1122 819 1186 nunqnam
840 1101 917 1166 inde
937 1102 1015 1167 fecit
1035 1102 1223 1190 homagium

125 1224 208 1267 suum
228 1204 423 1290 capitalibus
444 1203 607 1270 dominis¹.
654 1205 698 1269 Et
719 1204 793 1269 ideo
813 1205 1051 1271 consideratum
1072 1206 1224 1292 estquod

124 1306 178 1391 ipsi
196 1308 284 1393 prius
306 1309 390 1373 male
412 1308 614 1385 iurauerunt,
636 1316 671 1373 et
692 1308 780 1394 quod
806 1310 972 1395 predictus
995 1310 1164 1376 «loellanus
1189 1317 1224 1375 ct

124 1410 172 1475 alii
188 1411 364 1477 rehabeant
383 1411 535 1478 saisinam
555 1434 656 1491 suam,
672 1419 707 1477 et
728 1413 921 1479 Lambcrtus
943 1415 978 1480 in
998 1416 1223 1493 misericordia

124 1522 154 1577 et
166 1514 318 1579 iuratores
333 1514 558 1581 custodiantur
572 1513 695 1579 scilicet
710 1515 793 1579 tales
812 1515 889 1581 etc.¹
1236 1516 1241 1526 '

180 1617 221 1681 Et
248 1617 407 1683 iuratores
437 1617 494 1704 qui
510 1616 711 1691 iurauerunt
737 1617 778 1683 de
808 1620 968 1707 mesagio'
997 1621 1111 1687 dicunt
1137 1625 1224 1710 quod

123 1720 276 1804 predictus
292 1721 486 1787 lambertus
500 1721 591 1787 dedit
608 1722 784 1807 masagium
797 1723 881 1788 illud
891 1725 1037 1809 predicto
1048 1727 1223 1793 Lamberto

124 1844 175 1907 per
193 1824 232 1889 ix.
247 1824 448 1910 septimanas
469 1833 546 1890 ante
569 1834 707 1891 mortem
729 1848 831 1904 suam,
846 1836 898 1893 sct
918 1828 988 1914 ipse
1009 1831 1166 1895 remansit
1187 1831 1222 1896 in

123 1927 229 1992 neieina
242 1936 277 1993 et
292 1927 369 1993 inde
384 1928 448 1993 luit
463 1928 497 1993 in
512 1928 631 1993 saisina
646 1929 698 1994 die
714 1953 778 2015 quo
792 1930 885 2007 obiit,
898 1939 950 1995 set
965 1932 1094 2017 quando
1108 1956 1223 2019 corpus

123 2050 207 2097 nrum
221 2032 286 2097 fuit
305 2040 506 2117 asportatum
527 2032 567 2099 de
589 2034 701 2099 domo⁴
714 2041 877 2099 uenerant
897 2034 1036 2119 predicti
1054 2036 1223 2102 Joellanua

123 2136 216 2203 etalii
230 2147 265 2203 et
285 2144 465 2223 posuerunt
486 2158 520 2201 se
540 2137 576 2202 in
596 2136 729 2203 domum
750 2137 851 2204 illam.
895 2139 939 2203 Et
961 2140 1082 2225 quesiti
1103 2140 1131 2205 si
1153 2141 1223 2227 ipse

122 2238 306 2307 humbertus
331 2249 426 2327 pater
450 2262 617 2327 nunquam
647 2249 733 2307 essct
762 2251 856 2307 extra
884 2243 1035 2308 saisinam
1066 2247 1222 2331 quamdiu

121 2343 203 2422 uixit,
227 2345 343 2411 dieunt
372 2344 460 2430 quod
488 2345 646 2423 nesciunt,
674 2368 733 2410 nec
759 2369 915 2432 umquam
944 2370 979 2412 se
1008 2348 1133 2414 dimisit
1162 2373 1222 2416 nee

120 2440 201 2507 illnm
215 2443 250 2508 in
264 2443 417 2509 saisinam
431 2443 547 2529 posuit.
593 2444 637 2509 Et
652 2444 846 2511 Lambertns
860 2446 1008 2532 quesitus
1021 2448 1051 2513 si
1064 2471 1221 2535 umquam

121 2545 240 2614 inuita
265 2548 370 2634 patris
395 2548 446 2614 sui
475 2548 552 2614 fecit
581 2548 768 2633 homagium
794 2550 836 2614 de
859 2552 1002 2638 mesagio
1027 2553 1222 2639 capitalibus

120 2646 256 2729 dominis,
280 2651 362 2716 dicit
386 2651 473 2737 quod
496 2651 550 2718 sic.
603 2653 648 2717 Et
673 2653 764 2717 Prior
789 2654 831 2718 de
857 2654 1049 2744 Spaudling'
1073 2659 1222 2744 capitalis

121 2750 259 2820 dominus
280 2777 413 2840 presens
435 2755 583 2841 quesitus
604 2755 632 2820 si
654 2764 785 2842 caperet
807 2757 996 2844 homagium
1018 2783 1123 2837 suum,
1139 2761 1220 2827 dicit

120 2857 196 2940 quod
209 2880 388 2944 nunquam,
401 2866 453 2923 set
467 2859 640 2944 aliquando
655 2860 801 2944 portauit
816 2860 848 2924 ei
862 2861 1027 2927 redditum
1048 2885 1106 2948 pro
1126 2873 1220 2951 patre

121 2979 171 3024 sno
183 2961 266 3027 sicut
282 2961 425 3028 balliuus
438 2963 541 3047 patris
561 2963 613 3028 sui
631 2963 685 3049 vij.
701 2963 795 3028 annis
813 2971 891 3030 ante
911 2974 1050 3032 mortem
1069 2991 1171 3046 suam,
1186 2978 1222 3033 et

121 3061 173 3128 hoc
185 3063 267 3128 hene
282 3071 385 3151 patet,
401 3065 479 3150 quia
492 3065 561 3150 ipse
576 3066 673 3150 paulo
687 3073 763 3130 ante
779 3075 917 3133 mortem
931 3068 1036 3154 ipsius
1053 3070 1221 3137 Lamberti

120 3164 328 3254 implacitauit
343 3190 419 3234 cum
435 3190 493 3254 per
507 3169 607 3234 breue
622 3169 662 3234 de
678 3177 766 3234 recto
786 3179 821 3235 et
842 3179 921 3236 tunc
940 3194 1001 3259 per
1018 3174 1220 3241 concordiam

120 3273 265 3338 remansit
286 3272 371 3338 illud
392 3280 618 3338 tenementum
641 3273 747 3338 eidem
773 3275 949 3340 lamberto
973 3277 1069 3362 patri,
1091 3285 1127 3342 et
1149 3278 1219 3364 ipse
1261 3343 1267 3353 ,
1301 3295 1305 3298 ’
1342 3293 1347 3300 ’

120 3377 250 3443 secreuit
264 3376 431 3443 redditum
445 3376 539 3440 illum
553 3375 595 3442 de
605 3377 630 3462 j.
645 3399 761 3442 marca.

175 3482 218 3546 Et
233 3482 311 3568 quia
324 3481 484 3546 iuratores
498 3481 612 3548 dicunt
627 3483 713 3569 qnod
734 3483 899 3568 predictus
919 3485 1112 3550 Lambertus
1126 3494 1221 3571 pater

120 3603 276 3670 nunqnam
291 3585 356 3650 fuit
371 3591 464 3648 extra
477 3583 629 3650 saisinam
644 3594 694 3650 set
709 3585 744 3650 in
759 3585 877 3651 saisina
891 3587 982 3665 obiit,
992 3610 1052 3653 nec
1063 3610 1219 3674 umquam

120 3701 150 3746 se
171 3683 293 3750 dimisit
318 3685 353 3748 in
380 3683 477 3760 curia,
502 3705 563 3748 nec
588 3683 675 3749 idem
703 3685 897 3751 Lambertus
922 3687 1009 3752 filius
1032 3687 1219 3775 homagium

121 3785 188 3853 lecit
202 3789 334 3876 capitali
348 3788 488 3866 dominc,
502 3788 576 3853 idco
594 3788 834 3854 consideratum
854 3798 905 3854 est
925 3790 1012 3877 quod
1030 3793 1115 3856 male
1133 3793 1219 3858 iura-

121 3899 239 3968 uerunt,
262 3892 340 3978 quia
368 3891 460 3976 prius
489 3890 642 3956 dixerunt
667 3890 755 3977 quod
784 3891 950 3977 predictus
978 3892 1066 3959 filins
1094 3895 1159 3960 suit
1184 3897 1219 3963 in

120 3991 236 4072 saisina,
262 4003 295 4059 et
320 3993 396 4058 ideo
421 3993 660 4059 consideratum
683 4002 734 4060 est
756 3994 844 4079 quod
865 3996 1031 4080 predictus
1051 3998 1221 4066 Joellanus

146 4159 205 4213 ¹ha
225 4163 349 4214 toabam
371 4162 517 4214 boffinents
536 4165 565 4214 nl
584 4163 639 4215 this
689 4165 867 4216 alalseatart.

119 4223 184 4289 kind,
197 4229 321 4280 seeBr.l.
335 4230 375 4280 42.
721 4229 832 4279 ⁸There
858 4229 925 4280 have
951 4230 1016 4281 been
1044 4235 1095 4283 two
1121 4234 1219 4286 assises

146 4291 212 4342 'On
238 4293 291 4344 this
318 4295 425 4356 follows,
449 4296 487 4344 Et
513 4297 639 4346 imatores
688 4294 769 4347 about
780 4299 831 4344 two
841 4295 962 4346 different
972 4300 1126 4348 tenements.

118 4359 638 4488 aalma
688 4359 1218 4488 aad

253 4439 334 4474 erse
449 4459 456 4474 .
1006 4463 1013 4477 .
1083 4465 1089 4477 .
1113 4465 1120 4478 .
1193 4469 1199 4481 .
