3167 5075
506 460 572 510 111.
596 443 776 522 111111.
800 447 850 508 12.
1167 443 1231 511 677

126 635 174 700 ius
187 633 290 720 ipsius
304 632 465 698 Beatricie
481 640 550 709 eto,
566 640 728 698 11111111
748 631 930 718 quamlibet
951 631 1081 697 illarum
1103 640 1230 696 sextam

125 743 248 822 partem
263 736 303 800 xl
320 758 466 800 acrarum
482 743 576 813 terre,
593 735 680 800 unde
696 737 796 823 Hugo
816 735 858 800 de
879 735 1027 800 Hecham
1049 743 1232 800 antecessor

125 839 222 924 ipsius
245 839 407 904 Beatricie
429 839 493 904 fuit
515 839 646 904 saisitus
666 849 706 905 11
726 841 766 906 de
782 841 876 905 feodo
891 849 925 905 et
940 840 1010 905 iure
1025 849 1171 927 tempore
1187 843 1228 906 H.

125 943 221 1032 Regis
245 953 315 1024 etc,
337 952 372 1009 11
394 945 434 1010 (11
457 944 527 1030 ipso
549 945 692 1032 Hugone
714 945 831 1010 debuit
853 945 1045 1010 descendere
1071 946 1123 1010 ius
1145 954 1230 1011 terre

124 1046 207 1112 illius
223 1047 358 1112 Edwino
373 1047 466 1112 fratri
480 1070 547 1125 suo,
563 1057 615 1112 set
634 1048 789 1114 Edwinus
810 1048 892 1113 obiit
914 1049 1103 1135 priusquam
1122 1051 1230 1136 Euge,

124 1150 206 1215 unde
220 1150 338 1215 debuit
352 1151 403 1216 ius
418 1151 612 1217 descendere
627 1152 768 1217 Radulfo
782 1153 850 1217 filio
870 1153 972 1239 ipsius
988 1154 1122 1227 Edwini
1139 1163 1174 1220 et
1188 1155 1230 1220 de

123 1255 189 1340 ipso
203 1255 346 1321 Radulfo
360 1256 492 1344 Agathe
508 1257 574 1322 filie
590 1279 657 1334 sue,
672 1264 706 1322 11
721 1257 762 1322 (11
777 1257 912 1345 Agatha
931 1257 987 1322 isti
1009 1257 1168 1323 Beatricie
1190 1268 1230 1324 11

123 1359 185 1423 filie
201 1367 236 1424 et
252 1359 364 1424 heredi
378 1383 444 1437 sue,
460 1367 495 1424 11
510 1359 570 1425 hoc
585 1361 680 1425 offert
694 1360 829 1446 probare
845 1373 905 1426 eto.
921 1369 1018 1448 prout
1032 1362 1122 1426 curia
1136 1370 1195 1427 etc.

185 1463 229 1528 Et
245 1463 344 1529 Oliua
358 1473 392 1529 et
407 1487 517 1529 omnes
531 1463 594 1528 alie
611 1485 670 1550 per
688 1472 892 1529 attornatum
914 1487 1010 1530 suum
1032 1465 1172 1530 ueniunt
1194 1474 1229 1531 11

122 1568 301 1633 defendunt
323 1567 374 1632 ius
396 1590 506 1632 earum
530 1567 660 1654 quando
682 1575 751 1644 etc,
767 1576 802 1632 11
822 1567 936 1632 dicunt
958 1569 1045 1654 quod
1066 1570 1166 1657 Hugo
1188 1569 1229 1635 de

123 1671 211 1736 cuius
233 1671 354 1736 seisina
374 1671 520 1758 loquitur
542 1671 670 1736 nullum
692 1672 825 1737 fratrem
846 1672 963 1736 habuit
982 1695 1042 1738 nec
1056 1673 1228 1739 Edwinum

123 1797 179 1840 nec
190 1777 301 1851 alium,
311 1784 362 1840 set
373 1797 488 1840 reuera
498 1775 614 1840 habuit
629 1797 729 1840 unam
744 1798 884 1841 sororem
899 1777 1075 1842 Elstridam
1090 1779 1229 1857 nomine,

122 1903 183 1967 que
206 1880 325 1946 habuit
347 1881 427 1944 duos
449 1881 532 1944 filios
554 1903 656 1944 unum
679 1879 897 1945 Thurkildum
918 1881 1171 1970 primogenitum
1194 1894 1229 1950 et

122 1983 221 2048 alium
244 1983 417 2047 Edwinum
439 1989 629 2068 postnatum
649 1985 655 2068 Ι
674 1990 801 2067 patrem
826 1983 964 2068 predicti
993 1984 1132 2050 Radulfi.
1176 1986 1227 2052 De

122 2087 291 2153 Thurkillo
320 2088 402 2153 exiit
431 2088 571 2174 quedam
601 2087 670 2152 lilia
698 2088 836 2153 Matillis
864 2090 1004 2167 nomine,
1030 2090 1128 2156 etde
1157 2091 1229 2177 ipsa

122 2193 284 2258 Matillide
310 2193 442 2279 quidam
469 2193 590 2270 Simon,
617 2192 674 2279 qui
697 2191 804 2258 adhuc
829 2193 917 2258 uiuit
943 2202 977 2258 et
1003 2204 1114 2260 manet
1140 2195 1228 2281 apud
1282 2227 1286 2232 ·

123 2295 272 2360 Hecham
288 2295 345 2381 qui
359 2295 464 2360 maius
478 2296 530 2361 ius
545 2295 645 2360 habet
658 2295 693 2359 in
709 2303 796 2360 terra
810 2295 965 2381 predicta¹
980 2297 1008 2360 si
1019 2297 1071 2362 ius
1082 2297 1228 2363 haberet¹

122 2423 219 2486 quam
229 2399 376 2486 predicta
385 2400 554 2476 Beatrioia,
564 2408 598 2464 et
607 2399 704 2486 petit*
712 2400 869 2466 iudicium
878 2401 906 2466 11
915 2424 1012 2487 super
1020 2402 1080 2467 hoc
1088 2402 1229 2468 debeant

123 2505 168 2571 eis
182 2505 386 2592 respondere,
395 2504 521 2570 desicut
534 2503 623 2570 idem
635 2504 748 2571 Simon
760 2504 841 2571 exiit
851 2505 892 2571 de
904 2505 1003 2572 fratre
1014 2506 1230 2595 primogenito

123 2611 205 2675 sicut
220 2609 405 2697 predictum
421 2617 479 2674 est.

187 2714 232 2779 Et
249 2714 402 2779 Salomon
418 2722 452 2777 et
467 2712 631 2778 Beatiioia
648 2713 763 2779 dicunt
783 2714 870 2801 quod
890 2716 1056 2801 predictus
1078 2716 1231 2783 Edwinus

123 2818 186 2883 fuit
207 2818 310 2883 frater
330 2816 469 2902 predicti
490 2817 643 2903 Hugonis
664 2825 699 2881 et
721 2840 786 2882 non
809 2817 897 2882 filius
923 2818 1073 2897 Estrilde,
1099 2828 1134 2884 11
1155 2820 1232 2886 inde

123 2929 251 3008 ponunt
266 2943 301 2985 se
316 2942 414 3005 super
427 2919 575 3005 patriam.
622 2920 666 2983 Et
681 2919 779 2985 Olina
799 2920 957 2986 similiter.
1003 2922 1047 2986 Et
1068 2922 1142 2987 ideo
1164 2922 1233 2987 dies

124 3026 220 3091 datus
243 3032 295 3089 est
317 3023 363 3089 eis
385 3024 473 3110 apud
496 3023 528 3088 S.
545 3022 755 3088 Edmundum
778 3024 839 3089 tali
859 3024 914 3089 die
936 3033 996 3090 etc.
1013 3034 1051 3090 ut
1073 3033 1153 3090 tune
1174 3025 1233 3089 fiat

123 3129 199 3194 inde
214 3127 387 3213 inquisicio
402 3126 430 3191 si
445 3149 525 3212 opus
539 3126 647 3205 fuerit,
663 3135 697 3192 11
713 3135 792 3192 tunc
806 3126 920 3191 ueniat
935 3127 1049 3192 Simon
1063 3136 1123 3193 etc

186 3233 258 3297 ’Ad
289 3231 375 3296 diem
405 3231 499 3295 illum
528 3231 621 3295 uenit
652 3231 765 3296 Simon
795 3240 830 3296 et
859 3230 940 3296 dicit
968 3232 1037 3317 ipse
1067 3240 1117 3297 est
1146 3232 1232 3298 filius
1245 3266 1397 3314 ummo·

124 3336 307 3413 11111111,
336 3345 370 3400 a
399 3335 536 3400 111111
565 3335 727 3400 11111
762 3334 925 3399 riarum
962 3334 1047 3399 sieut
1082 3343 1232 3402 tenentes
1243 3314 1386 3446 ffiu*

124 3444 249 3521 dicunt,
265 3440 323 3527 qui
338 3439 469 3525 quidem
486 3439 598 3504 Simon
614 3438 778 3526 cognoscit
792 3460 826 3502 se
841 3460 910 3503 esse
924 3438 1093 3505 uillanum
1244 3408 1389 3493 11111111ιῶ

189 3544 235 3609 Et
251 3541 350 3609 Olina
365 3550 399 3606 et
414 3563 525 3606 omnes
539 3541 602 3605 alie
618 3541 732 3606 dicunt
748 3540 835 3626 quod
849 3562 963 3605 reuera
976 3540 1118 3607 uillanus
1129 3500 1397 3641 111,11113ῗὲἔέ111

125 3649 226 3736 Hugo
241 3668 300 3733 per
314 3667 412 3732 quem
426 3645 546 3709 clamat
566 3644 717 3708 similiter
737 3643 880 3708 uillanus
901 3643 966 3708 fuit
987 3652 1023 3708 et
1044 3667 1155 3709 omnes
1177 3640 1384 3731 q11iffl,⁰„t‚¹¹,¹‚„⁰0¹11¹

124 3753 164 3818 de
180 3775 219 3817 eo
234 3750 396 3825 exierunt,
411 3756 446 3813 11
461 3755 587 3834 ponunt
603 3771 636 3812 se
651 3747 687 3811 in
701 3769 854 3833 magnam
869 3746 1001 3811 assisam
1017 3747 1110 3813 Dom.
1126 3749 1235 3836 Regis,
1246 3734 1334 3783 '‘W‘'

125 3865 158 3923 11
172 3861 295 3943 petunt
309 3851 565 3939 recognicionem
581 3850 651 3915 lieri
665 3859 778 3915 utrum
798 3850 867 3935 ipse
890 3850 996 3915 maius
1018 3850 1070 3916 ius
1092 3851 1235 3919 habeant

124 3960 159 4024 in
172 3970 263 4025 terra
276 3956 334 4021 illa
347 3978 390 4021 an
404 3954 542 4041 predicti
558 3954 710 4020 Salomon
731 3962 765 4018 et
787 3953 951 4019 Beatricia
971 3954 1056 4020 sicut
1078 3954 1150 4041 ipsa
1171 3980 1235 4043 que

125 4062 206 4128 111111
221 4061 264 4126 de
280 4060 401 4126 uillano
416 4058 529 4144 stipite
544 4066 603 4124 etc.

32 4172 91 4236 906.
189 4166 319 4233 'Assisa
338 4164 432 4229 uenit
449 4164 654 4252 recognitum
672 4162 699 4227 si
715 4163 874 4228 Radulfus
894 4164 924 4227 11
946 4164 1035 4241 Gros,
1051 4163 1235 4231 Willelmus

159 4308 447 4361 1·1Ι111111111111111.
708 4307 765 4363 ton,
788 4304 807 4354 l.
830 4304 887 4364 346,
910 4303 974 4353 citos
996 4303 1066 4354 what
1088 4319 1172 4355 11111111
1199 4320 1235 4356 an

158 4376 241 4433 ’sia
254 4376 285 4425 A.
709 4368 801 4421 earlier
812 4374 884 4430 stage
895 4369 1094 4421 otthiscaseto
1105 4369 1236 4421 illustrate

159 4443 171 4476 ⁸
187 4439 344 4503 Postsoript.
710 4450 727 4486 a
738 4434 813 4499 point
825 4435 854 4484 ol
863 4435 1013 4498 procedure.

161 4504 290 4571 *snpply
308 4507 398 4557 tabeat
416 4504 482 4556 aller
497 4506 544 4556 ius.
581 4502 658 4552 Brac-
744 4500 851 4551 1111.
866 4502 907 4551 15.
