3167 5075
320 377 382 440 502
548 391 781 453 mensuruus,
804 393 869 442 nn.
894 377 986 454 1223,
1009 391 1072 442 aa.
1095 376 1190 444 7-8.

317 566 420 630 filium
444 565 623 632 Salomonis
645 565 686 632 de
707 565 834 632 duabus
853 567 1002 653 partibus
1021 565 1118 631 unius
1132 589 1236 631 caruc.
1250 573 1411 630 toriacum

318 677 399 754 pert.
415 669 450 733 in
464 669 641 756 Wepstede
656 669 743 734 unda
758 669 985 756 cirographum
1001 678 1060 735 etc.
1076 669 1162 756 quod
1177 668 1266 734 idem
1284 668 1414 734 Thomas

318 774 437 859 profert
459 783 528 850 etc,
554 773 635 860 que¹
664 781 807 838 testatur
835 782 905 850 etc,
934 774 1022 838 unde
1051 773 1140 838 idem
1168 773 1306 838 Thomas
1333 771 1414 837 tilius

318 877 499 942 Salomonis
513 877 662 962 queritur
676 877 762 962 quod
778 877 905 941 desicut
919 876 989 962 ipse
1005 887 1097 942 tenet
1116 884 1236 940 terram
1255 875 1340 938 iliam
1361 895 1419 960 per

318 982 416 1044 finem
431 981 524 1044 illum
540 990 702 1044 uenerunt
717 978 804 1043 idem
820 978 960 1043 Thomas
975 986 1009 1043 et
1024 978 1129 1042 Maria
1148 985 1183 1042 et
1201 977 1418 1063 implacitaue-

318 1091 395 1148 runt
418 1106 494 1150 eum
518 1083 559 1146 de
583 1083 696 1147 eadam
720 1090 810 1148 terra*
828 1105 886 1169 per
904 1083 1004 1148 breue
1025 1082 1066 1146 da
1086 1091 1174 1146 recto
1194 1091 1305 1147 contra
1323 1080 1418 1146 finan

319 1183 422 1259 illum,
437 1192 471 1247 et
486 1183 563 1248 inde
579 1181 728 1268 producit
742 1190 864 1247 sectam
880 1191 939 1246 etc.

384 1286 428 1351 Et
457 1285 597 1349 Thomas
626 1293 661 1348 et
690 1285 796 1349 Maria
822 1284 960 1349 ueniunt
986 1292 1020 1349 et
1046 1293 1243 1370 cognoscunt
1268 1283 1363 1350 finem
1389 1293 1421 1347 et

319 1389 498 1454 defendunt
517 1397 629 1452 contra
652 1410 728 1452 eum
752 1396 811 1452 etc.
838 1388 923 1473 quod
947 1410 1115 1473 nunquam
1139 1387 1423 1474 implacitaueruut
1546 1475 1547 1478 Ἴ

319 1515 394 1557 eum
418 1514 476 1577 per
498 1491 597 1556 breue
621 1491 773 1556 derecto
797 1499 871 1577 post
895 1492 993 1584 finem
1017 1492 1120 1572 illum,
1144 1500 1178 1556 et
1202 1492 1341 1558 offerunt
1364 1501 1423 1556 etc

321 1595 568 1662 consideratum
583 1604 633 1660 est
649 1596 735 1680 quod
749 1604 889 1682 uterquc
904 1595 1059 1660 defendat
1073 1618 1109 1660 sa
1123 1595 1179 1682 xij.
1194 1617 1292 1660 manu
1308 1603 1367 1659 etc.

384 1695 553 1763 'Salomon
575 1698 615 1762 de
639 1698 815 1784 Wepstede
839 1699 925 1784 petit
946 1719 1059 1762 uersus
1089 1697 1247 1762 Thomam
1274 1696 1317 1762 de
1347 1698 1425 1762 Gar·

255 1839 261 1850 ·
320 1802 495 1867 bodesbam
519 1812 554 1867 et
578 1803 716 1867 Mariam
740 1825 874 1867 uxorem
899 1803 969 1868 eius
993 1803 1080 1888 q'uod
1103 1802 1314 1868 warantizant
1338 1802 1371 1866 ei
1395 1825 1425 1866 1.

203 1984 205 1986 ¹
320 1932 409 1973 acras
432 1921 516 1972 terre
541 1930 615 1972 cum
639 1907 779 1992 pertin
804 1907 1011 1992 Whepstede‚
1036 1929 1116 1992 quas
1139 1914 1233 1972 tanet
1256 1915 1290 1970 et
1313 1905 1354 1971 de
1381 1907 1427 1970 eis

322 2023 432 2077 tencre
447 2015 575 2090 clamat,
590 2022 625 2078 ct
640 2012 727 2077 unde
742 2020 865 2076 cartam
881 2012 904 2076 J
904 2010 1040 2075 ohannis
1054 2011 1096 2076 de
1110 2009 1312 2096 Whepstede
1326 2009 1429 2095 patris

322 2117 464 2203 predicte
489 2115 591 2180 Marie
615 2115 708 2180 cuius
732 2122 791 2179 etc.
818 2137 915 2200 quam
940 2113 1061 2199 profert
1084 2121 1146 2177 etc.
1170 2123 1205 2178 et
1228 2135 1292 2198 qua
1307 2113 1429 2177 donum

310 2208 402 2286 'illud
426 2229 567 2286 testatur
590 2228 650 2284 etc.
675 2219 762 2284 unde
785 2218 873 2283 idem
899 2216 1025 2283 Simon¹
1040 2218 1189 2304 queritur
1211 2217 1297 2304 quod
1318 2226 1431 2282 contra

322 2334 443 2389 cartam
459 2325 549 2389 illam
563 2323 770 2410 implacitant
784 2346 860 2388 eum
876 2323 917 2389 de
938 2324 1051 2388 eadem
1072 2333 1167 2399 terra,
1187 2345 1245 2408 per
1266 2323 1369 2388 breue
1389 2321 1431 2388 dc

322 2436 410 2492 recto
424 2427 459 2491 in
474 2427 631 2492 comitatu
647 2434 706 2490 etc.

388 2531 431 2595 Et
454 2531 594 2595 Thomas
617 2540 652 2596 et
671 2531 776 2596 Maria
798 2531 938 2596 ueniunt
962 2538 997 2596 et
1016 2540 1213 2618 cognoscunt
1233 2540 1366 2607 cartam,
1381 2542 1433 2596 ast
1536 2541 1542 2604 ξ

322 2636 436 2700 dicunt
465 2635 550 2721 quod
579 2657 645 2699 non
670 2634 792 2700 debent
818 2635 909 2699 illam
936 2634 968 2699 ei
994 2634 1212 2711 warantizare,
1238 2634 1318 2720 quia
1341 2634 1432 2699 idem

324 2741 476 2805 Salomon
490 2761 658 2825 nunquam
673 2739 790 2803 habuit
805 2760 864 2825 per
878 2748 1000 2803 cartam
1015 2738 1105 2803 illam
1120 2738 1270 2802 saisinam
1287 2738 1329 2802 de
1343 2746 1435 2803 ten-a

323 2844 380 2908 illa
407 2842 507 2906 immo
536 2842 688 2906 saisinam
718 2842 835 2906 habuit
864 2864 923 2928 per
952 2842 1094 2906 Alanum
1124 2842 1259 2905 fratrem
1284 2840 1434 2907 eiusdem

323 2947 491 3023 Johannis,
524 2954 558 3010 et
591 2955 739 3031 preterea
774 2955 865 3009 carta
901 2944 987 3009 facta
1023 2944 1088 3009 fuit
1123 2967 1162 3009 eo
1191 2954 1338 3031 tempore
1370 2970 1437 3032 quo

324 3050 489 3116 Jobannes
518 3048 582 3112 fuit
618 3047 762 3133 leprosus
799 3056 892 3111 extra
928 3069 1133 3111 communam
1170 3048 1331 3133 gencium,
1370 3072 1437 3134 quo
1546 3078 1547 3081 ¹

324 3154 448 3217 nullam
463 3162 583 3217 terram
598 3151 675 3215 dare
689 3151 807 3235 potuit,
824 3160 858 3215 et
873 3150 948 3215 inde
963 3160 1090 3236 ponunt
1104 3172 1139 3214 se
1161 3172 1261 3236 super
1283 3152 1437 3237 patriam.

326 3256 369 3319 Et
395 3254 547 3318 Salomon
572 3252 720 3338 quesitus
744 3274 803 3337 per
828 3261 988 3339 quantum
1015 3261 1146 3338 tempus
1173 3254 1283 3318 tenuit
1313 3264 1437 3319 terram

324 3360 423 3436 illam,
449 3358 529 3423 dicit
555 3356 641 3443 quod
666 3380 717 3422 xx.
744 3357 838 3422 annis
865 3365 899 3422 et
925 3380 963 3422 ao
992 3357 1133 3443 amplius
1163 3358 1343 3423 transactis.
1392 3360 1437 3423 Et

325 3464 465 3528 Thomas
480 3477 514 3528 et
530 3461 634 3526 Maria
647 3461 761 3526 dicunt
777 3462 863 3548 quod
878 3485 943 3526 non
958 3463 1068 3529 tenuit
1088 3485 1160 3527 eam
1181 3462 1245 3528 nisi
1265 3463 1320 3548 xij.
1337 3466 1438 3529 annis

326 3566 496 3631 transactis
518 3566 573 3629 uel
596 3566 711 3629 minus
757 3566 801 3629 Et
825 3566 945 3652 quesiti
969 3566 1098 3651 quando
1120 3565 1289 3631 Johannos
1307 3568 1439 3653 positus

327 3681 376 3735 cst
399 3681 492 3736 extra
516 3692 721 3735 communam
744 3671 904 3756 gencium,
928 3670 1042 3735 dicunt
1065 3670 1152 3757 quod
1176 3670 1260 3737 bene
1283 3694 1312 3737 x.
1337 3674 1438 3737 annis

327 3776 496 3839 transactis
516 3785 550 3839 ct
573 3784 652 3839 tunc
670 3774 788 3839 habuit
809 3774 934 3839 Alanus
957 3773 1108 3839 saisinam
1133 3773 1324 3841 hereditatis
1347 3775 1440 3841 eius·

326 3879 400 3941 dem
415 3878 438 3942 J
440 3876 575 3941 ohannis
590 3885 649 3940 etc.

392 3983 435 4045 Et
451 3981 603 4045 Salomon
617 3980 702 4065 pet-it
717 3980 778 4044 sibi
793 3979 923 4045 allocari
938 3980 1024 4065 quod
1044 3978 1107 4065 ipsi
1129 3988 1325 4066 cognoscunt
1346 3982 1437 4067 quod

327 4086 413 4150 idem
438 4083 589 4149 Salomon
613 4082 721 4160 tenuit
746 4092 865 4147 terram
890 4082 979 4147 illam
1005 4082 1058 4168 xij.
1083 4082 1184 4146 annis
1201 4082 1386 4159 transactis,
1403 4096 1439 4148 et

328 4190 452 4253 Alanus
467 4210 529 4251 non
546 4186 662 4252 habuit
684 4185 899 4251 hcrcditatcm
920 4186 980 4251 nisi
1001 4186 1041 4250 ix.
1063 4186 1116 4249 uel
1141 4209 1170 4251 x.
1191 4208 1291 4250 annos
1313 4193 1380 4251 otc.
1404 4204 1437 4251 ct

459 4351 466 4382 ¹
485 4353 553 4401 Corr.
570 4353 642 4413 quod,
654 4352 685 4399 A.
1002 4350 1012 4381 ²
1029 4350 1100 4399 Corr.
1113 4352 1237 4405 Salomon.
1248 4349 1278 4397 h

458 4418 468 4447 ²
484 4417 514 4465 A.
526 4432 561 4464 m.
575 4418 604 4464 14
617 4416 642 4465 d.
