3167 5075
388 412 530 478 ιιιιιιιι,
552 419 617 468 ιιι.
641 403 735 479 1ι26,
759 410 830 470 ιι·
847 409 897 470 1οζ
1132 397 1197 471 '545

106 603 134 658 ct
147 601 181 658 ut
195 585 348 657 uillanus¹
364 598 436 655 tota
449 591 521 655 uita
535 591 594 655 sue
614 598 648 654 et
669 598 740 655 tota
759 579 846 656 terra¹
867 593 925 656 illa
946 593 1009 657 fuit
1030 593 1071 658 de
1094 593 1196 658 domi-

105 697 166 761 nico
179 695 295 760 Prioris
314 703 348 760 et
370 693 502 758 ecclesie
525 693 565 758 de
578 685 752 758 ''De'rhsrst
799 695 843 759 Et
864 683 937 760 ideo
958 680 1195 760 consideratum

104 799 241 886 estquod
256 791 348 864 Prior
362 805 397 862 et
411 796 545 862 ecclesia
559 819 620 861 sua
637 806 913 883 recuperaucrunt
932 798 1083 863 seisinam
1103 781 1196 862 suam

104 905 204 970 etalii
226 904 263 968 in
285 901 504 968 misericordia
524 911 592 978 etc,
611 909 662 965 set
681 901 839 966 iudicium
860 924 925 966 non
943 901 1106 966 redditur*
1119 908 1197 966 ante

103 1009 269 1074 aduentum
291 1010 415 1074 Thome
435 1007 494 1093 qui
517 1029 551 1072 sc
574 1006 754 1071 essoniauit
770 1015 831 1072 eto
875 1007 920 1071 Et
938 1006 1012 1072 ideo
1032 1007 1129 1072 datus
1146 1017 1198 1072 est

103 1113 162 1179 dies
176 1123 233 1180 etc
249 1114 297 1178 ita
312 1113 428 1200 quodt
431 1136 492 1178 uno
511 1110 667 1176 reddatur
686 1110 892 1175 iudicium
867 1133 937 1175 elue
956 1110 1108 1176 uenerint
1126 1111 1197 1175 siue

102 1239 166 1296 non,
179 1227 211 1282 et
226 1217 358 1282 interim
373 1215 522 1314 capiatur
536 1213 672 1279 terrain
686 1235 820 1278 manum
836 1195 930 1276 Doni.
944 1212 1043 1299 Regis
1058 1221 1093 1277 et
1107 1212 1198 1277 saluo
1238 1199 1256 1262 ἶ
1342 1256 1345 1264 .

101 1331 163 1387 cust
151 1323 292 1387 todiatur
311 1322 360 1386 ita
379 1309 497 1406 quod
488 1317 551 1404 ipsi
570 1340 703 1382 manum
708 1317 906 1409 8ιιρροιιιιιιι
925 1324 984 1381 etc
1028 1316 1196 1382 Judicium
1256 1326 1260 1334 “

101 1426 137 1490 ad
149 1427 232 1490 diem
248 1425 342 1490 illum
361 1422 516 1499 redditur,
531 1430 566 1486 et
586 1421 659 1486 ideo
679 1420 771 1485 Prior
790 1420 910 1485 habeat
931 1420 1082 1484 seisinam
1104 1441 1198 1484 suam

101 1529 200 1614 quiete
227 1527 268 1592 de
294 1528 374 1614 ipsis
404 1527 530 1591 Thomu
555 1533 590 1590 et
615 1523 688 1590 aliis
714 1531 749 1587 et
774 1521 949 1588 heredibus
973 1523 1041 1588 suis
1065 1524 1101 1587 in
1125 1544 1199 1608 per·

101 1643 236 1717 potuum.

48 1737 69 1798 2.
155 1735 355 1802 ‘Willelmus
369 1737 400 1801 le
412 1736 479 1800 But
480 1733 567 1799 iller⁸
580 1733 798 1799 summonitus
811 1732 876 1797 fuit
887 1733 928 1797 ud
939 1732 1198 1850 respondendum
1234 1747 1342 1788 Herum

100 1839 260 1906 Willelmo
268 1841 309 1906 de
326 1827 444 1906 Stanes
459 1861 558 1926 quare
577 1861 643 1903 non
659 1823 751 1903 tcnet
766 1837 798 1902 ei
813 1837 1063 1902 conuencionem
1079 1838 1201 1902 factam

98 1945 176 2011 inter
202 1947 312 2033 ipsum
342 1945 545 2010 Willelmum
575 1943 615 2009 de
646 1943 764 2009 Stanes
794 1950 829 2007 et
858 1941 965 2007 Adam
999 1942 1029 2007 le
1059 1941 1201 2007 Butiller

98 2050 246 2132 patrem
236 2051 341 2136 1psius
355 2036 514 2114 Willelmi
534 2048 574 2112 de
596 2047 743 2113 custodia
763 2056 848 2113 terre
863 2070 927 2134 que
942 2048 1006 2112 fuit
1021 2047 1152 2112 Radulfi
1168 2049 1198 2112 le

99 2153 229 2240 Moynne
253 2155 289 2219 in
309 2153 444 2219 Radere
463 2162 498 2219 et
519 2152 554 2217 in
574 2152 724 2218 Wicham
744 2160 814 2229 etc,
829 2152 916 2217 unde
937 2151 1102 2238 predictus
1117 2151 1197 2217 Wil-

98 2258 205 2323 lelmus
224 2259 269 2324 de
289 2259 407 2324 Stanes
427 2257 574 2345 queritur
594 2256 681 2343 quod
700 2255 840 2341 quedam
855 2265 943 2320 terra
956 2256 989 2321 ci
1002 2255 1079 2320 inde
1092 2266 1198 2321 aretro

97 2371 149 2440 est,
163 2371 196 2428 et
210 2362 298 2449 petit
313 2371 433 2427 terram
449 2361 547 2437 illam,
562 2369 597 2425 et
612 2360 739 2452 profert*
748 2367 871 2424 cartam
887 2358 1025 2444 predicti
1038 2359 1119 2436 Ado,
1134 2381 1198 2446 que

97 2473 230 2530 testatur
245 2465 333 2553 quod
347 2465 438 2530 dedit
454 2464 559 2529 eidem
575 2463 719 2528 Waltero
734 2471 854 2528 terram
869 2463 959 2528 illam
974 2463 1010 2528 in
1023 2463 1177 2528 custodie

155 2571 198 2635 Et
212 2570 399 2635 Willelmus
413 2570 508 2633 uenit
523 2576 558 2633 ct
578 2568 741 2655 cognoscit
760 2576 882 2633 certum
903 2568 994 2633 illam
1014 2577 1049 2633 et
1068 2568 1200 2645 donum,

96 2682 141 2738 set
159 2696 329 2760 nunquam
351 2673 527 2738 conuencio
549 2672 636 2737 facta
657 2679 708 2737 est
732 2672 820 2737 inter
841 2696 899 2738 eos
920 2696 981 2739 nec
1002 2682 1100 2760 pater
1120 2696 1199 2739 suus

97 2775 206 2843 habuit
232 2788 354 2843 terrum
377 2800 474 2863 quam
496 2776 591 2842 modo
613 2776 707 2862 petit,
731 2786 765 2841 et
788 2777 861 2841 ideo
886 2800 951 2842 non
975 2779 1049 2865 uult
1074 2778 1117 2843 ad
1140 2777 1202 2843 hoc

97 2879 187 2949 breue
211 2882 406 2969 respondere
429 2882 493 2947 nisi
514 2882 605 2947 curia
630 2889 690 2946 etc.
737 2882 781 2946 Et
804 2882 989 2948 Willelmus
1014 2883 1055 2949 de
1082 2884 1199 2949 Stanes

96 2984 150 3050 hoc
164 2994 275 3051 totum
289 2986 460 3072 cognoscit.
506 2986 550 3049 Et
565 2985 639 3049 ideo
653 2984 839 3050 Willelmus
858 2984 889 3049 le
905 2985 1046 3050 Butiller
1061 2986 1131 3051 sine
1145 2986 1198 3050 die

96 3090 383 3156 etWillelmusde
399 3090 517 3155 Stunes
532 3089 800 3154 inmisericordia
815 3098 875 3155 etc.
1194 3167 1199 3174 p

49 3200 67 3263 3.
154 3192 310 3261 ‘Juliana
337 3216 401 3280 que
429 3193 492 3259 suit
522 3216 604 3259 uxor
632 3192 755 3277 Thorne
781 3193 822 3258 de
846 3194 1087 3280 Fughelestona
1116 3195 1201 3281 petit
1262 3202 1304 3259 ἰι

95 3320 203 3365 uersus
232 3298 438 3364 Willelmum
471 3298 512 3363 de
546 3298 790 3383 Fughelestona
826 3308 860 3363 et
894 3299 1059 3386 Rogcrum
1094 3299 1200 3364 filium

96 3402 214 3469 Thome
237 3402 451 3468 medietatem
472 3403 514 3467 lx.
533 3424 593 3467 uer.
610 3411 695 3467 terre
715 3425 790 3467 cum
809 3403 941 3490 pertin
961 3404 1203 3490 Fughelestona

96 3516 130 3571 ut
144 3509 256 3574 dotem
272 3529 374 3573 suam.
419 3506 463 3570 Et
474 3506 658 3571 Willelmus
673 3516 708 3573 et
722 3507 870 3593 Rogerus
885 3506 1025 3571 ueniunt
1039 3516 1074 3571 et
1088 3506 1203 3571 dicunt

95 3612 177 3697 quod
197 3635 265 3678 non
286 3612 457 3677 debent
429 3634 460 3677 er
481 3611 592 3677 dotem
614 3613 728 3689 fecere,
747 3613 825 3699 quia
846 3612 987 3677 Isobella
1008 3612 1049 3677 de
1074 3612 1202 3678 Cursun

95 3715 155 3780 fuit
168 3738 253 3781 uxor
267 3698 407 3802 predicti
421 3716 544 3779 Thorne
560 3722 594 3780 et
608 3692 649 3779 de
665 3738 704 3780 ea
719 3715 801 3779 obiit
816 3714 903 3780 idem
918 3715 1058 3780 Thomas
1072 3716 1202 3780 scisitus
1274 3699 1278 3705 ’
1326 3737 1329 3745 ’

95 3828 130 3883 ut
150 3820 192 3885 de
215 3842 317 3886 uxore
340 3842 408 3897 sua,
430 3820 496 3884 ει
488 3842 559 3905 rpsa
583 3819 724 3884 Isobella
746 3819 925 3884 secundum
949 3818 1054 3904 legem
1078 3819 1203 3883 Kancie

96 3924 221 4007 plenius
253 3924 353 3989 habet
382 3924 493 3989 dotem
524 3946 616 3989 suam
645 3923 686 3989 de
717 3931 787 3988 toto
816 3932 1005 3990 tenemento
1029 3923 1116 4010 quod
1141 3924 1205 3988 fuit

95 4027 232 4123 predicti
258 4028 391 4105 Thome,
419 4036 454 4092 et
479 4036 535 4114 ρει
521 4036 599 4093 tunt
628 4027 836 4092 iudicium
811 4050 843 4091 ει
867 4026 994 4091 duabus
1023 4026 1206 4093 feminabus

95 4118 236 4195 debeant
252 4128 361 4195 dotem
377 4131 491 4196 facere
535 4130 579 4195 Et
593 4131 616 4196 J
620 4129 728 4195 ulrana
742 4129 823 4195 dicit
842 4129 959 4215 quod
949 4151 1021 4214 1psa
1041 4129 1106 4194 fuit
1124 4152 1206 4195 uxor

173 4332 176 4339 ·
259 4308 269 4341 ¹
286 4308 387 4373 Supply
398 4312 488 4368 tenuit,
501 4310 531 4359 B.
766 4280 770 4285 ἡ
840 4309 851 4341 ⁴
866 4309 896 4361 B.
910 4324 946 4359 ιιι.
959 4312 991 4361 9.·
1179 4370 1186 4379 ¹

259 4374 413 4435 tractatur,
427 4375 458 4427 B.
840 4375 1001 4433 Ῥιιιειιιιιι,
1013 4374 1045 4425 Β.
1069 4376 1073 4387 “

261 4439 272 4470 ¹
288 4440 388 4503 supply
398 4456 456 4499 ιιοιι,
468 4441 500 4491 Β.
841 4440 851 4472 ⁸
867 4438 897 4490 B.
910 4455 946 4490 ιιι.
958 4442 982 4491 9.

181 4558 217 4605 ιι.
236 4556 286 4606 ιιι
1075 4544 1115 4605 35
