3167 5075
330 387 449 443 consu
469 388 568 449 enon,
590 388 654 437 an.
679 374 837 449 laea-9,
860 387 924 439 aa.
947 375 997 439 23.
1152 376 1215 439 281
1310 370 1313 373 ’

129 584 245 627 assensu
266 562 427 627 omnium¹
448 562 535 627 facta
555 562 620 627 suit
641 560 778 648 particio
796 561 885 626 inter
904 584 1016 627 omnes
1035 560 1220 648 participes,

129 666 170 730 ita
182 667 261 753 quod
276 668 462 733 Comitatus
477 666 603 733 Cestrie
618 667 745 753 integre
760 666 915 731 remansit
929 666 1077 751 predicto
1098 663 1220 732 Comiti

127 768 256 834 iohanni
283 771 327 835 ad
356 778 483 857 partem
512 791 605 835 suam
635 777 669 833 et
698 769 761 833 alie
791 777 877 833 terre
907 776 1000 833 extra
1028 768 1220 833 comitatum

128 872 233 957 partita
261 874 396 939 bierunt
424 896 483 960 per
511 872 739 938 racionabilem
770 872 991 937 extensionem
1021 872 1110 937 inter
1142 871 1223 937 alios

128 976 295 1062 participes,
311 984 346 1040 et
368 976 427 1041 hoc
447 976 511 1040 fuit
531 975 567 1040 in
589 975 678 1040 curis
698 974 791 1039 Dom.
808 973 908 1061 Regis
927 974 1016 1060 apud
1038 974 1221 1061 Norbamp-

127 1088 232 1157 tanam,
251 1090 286 1146 et
302 1080 363 1145 tali
378 1078 473 1145 modo
494 1080 580 1144 facta
599 1079 664 1145 fuit
682 1077 769 1165 quod
789 1078 818 1143 si
835 1078 960 1165 aliquid
979 1078 1106 1144 deesset
1125 1079 1223 1145 alicui

126 1184 160 1247 de
173 1195 259 1269 perte
274 1206 336 1249 sua
357 1184 443 1269 quod
463 1183 519 1248 ille
542 1184 598 1269 qui
619 1183 694 1269 plus
716 1182 852 1248 haberet
873 1183 1043 1269 pertineret
1064 1182 1105 1249 de
1127 1192 1221 1270 parte

125 1308 176 1351 sua
187 1287 256 1353 aliis
271 1287 486 1374 participibus
501 1288 557 1374 qui
572 1286 681 1351 minus
702 1285 868 1363 haberent,
884 1294 919 1351 et
937 1286 1025 1351 unde
1045 1287 1102 1351 alii
1122 1286 1222 1373 parti·

125 1389 200 1475 cipes
213 1389 420 1475 postmodum
442 1390 729 1475 implacitauerunt
749 1388 932 1473 predictum
954 1388 1116 1454 Comitem
1137 1390 1167 1455 J.
1183 1412 1223 1455 eo

125 1493 200 1577 quod
214 1493 332 1559 habuit
347 1494 389 1559 ad
404 1502 530 1581 partem
545 1516 638 1559 suam
652 1506 692 1558 ut
706 1493 778 1557 aliis
793 1492 969 1557 uidebatur
987 1493 1159 1579 plusquam
1179 1493 1222 1559 ad

124 1616 188 1659 eum
202 1596 362 1681 pertinuit
377 1596 572 1681 habendum,
587 1604 638 1661 set
659 1595 776 1661 Comes
796 1595 827 1660 J.
843 1594 926 1659 obiit
947 1594 1031 1660 infra
1053 1596 1219 1682 placitum.

125 1697 212 1763 Etsi
239 1698 427 1767 Comitatus
457 1700 583 1767 Cestrie
612 1722 678 1765 non
707 1708 792 1765 esset
822 1699 986 1786 partibilis
1014 1700 1099 1765 siem
1133 1700 1221 1765 idem

123 1802 293 1870 Willelmus
324 1804 404 1869 dicit
430 1804 595 1890 predictus
621 1804 738 1870 Comes
763 1804 796 1870 J.
820 1803 952 1889 quando
977 1804 1112 1890 particio
1140 1804 1221 1869 alias

122 1906 196 1971 facts
209 1908 272 1972 fuit
287 1908 330 1973 de
350 1907 532 1973 hereditate
553 1908 691 1974 Comitis
711 1908 865 1973 Rannulfi
887 1908 973 1974 inter
993 1907 1128 1974 heredes
1146 1931 1221 1974 suos

122 2008 243 2077 haberet
258 2012 464 2078 Comitatum
481 2012 606 2079 Cestrie
625 2014 754 2099 integre
774 2022 809 2077 et
822 2011 1031 2099 'precipuum
1051 2021 1086 2077 et
1106 2013 1220 2077 nichil·

122 2114 237 2180 ominus
251 2126 381 2203 partem
396 2140 489 2183 suam
504 2117 544 2182 de
560 2116 632 2181 aliis
647 2116 742 2181 terris
761 2124 855 2181 extra
869 2116 1071 2183 Comitatum
1086 2117 1221 2195 Cestrie,

122 2218 196 2283 sicut
216 2219 257 2285 de
281 2220 451 2288 Comitatu
474 2221 640 2286 Lincolnie
663 2229 696 2286 et
719 2220 791 2286 aliis
813 2221 916 2287 terris
958 2222 1004 2286 Et
1025 2244 1066 2285 ex
1087 2242 1152 2306 quo
1173 2220 1223 2287 ita

122 2334 235 2405 partem
250 2348 346 2393 suam
361 2348 426 2391 non
441 2325 558 2391 habuit
572 2324 705 2389 uidetur
719 2324 806 2410 quod
821 2324 1004 2391 Comitatus
1023 2324 1079 2389 illc
1094 2324 1220 2391 Castris

123 2428 270 2510 partibilis
299 2430 354 2495 sit.
406 2430 493 2495 Item
524 2428 656 2494 uidetur
682 2428 767 2514 quod
793 2428 908 2514 partiri
934 2429 1053 2495 debeat
1077 2451 1137 2515 per
1160 2428 1221 2495 hoc

123 2530 198 2614 quod
211 2556 286 2599 cum
302 2532 420 2600 Comes
434 2532 634 2598 Albemarlie
647 2531 871 2618 implacitatus
891 2541 977 2597 esset
996 2555 1017 2597 a
1033 2532 1165 2598 Simone
1179 2532 1221 2598 de

123 2636 150 2701 S.
163 2637 246 2704 Licio
260 2639 303 2704 de
319 2637 459 2724 quodam
475 2638 618 2702 manerio
633 2637 765 2703 uocauit
780 2659 892 2702 omnes
906 2637 1080 2724 participes
1092 2638 1165 2704 illos
1177 2638 1221 2704 ad

124 2743 389 2809 warentiaandum
404 2742 525 2808 simul⁸.

178 2845 219 2911 Et
234 2847 422 2912 Willelmus
438 2867 496 2932 pro
516 2867 550 2910 se
570 2858 605 2910 et
625 2867 723 2910 uxore
745 2867 806 2910 sus
827 2843 923 2908 dicit⁴
944 2843 1014 2908 sine
1036 2844 1156 2929 placito
1176 2845 1220 2909 ad

122 2945 173 3011 hoc
193 2949 278 3034 quod
301 2949 416 3014 dicunt
437 2948 524 3034 quod
545 2949 638 3012 Dom.
661 2948 731 3013 Rex
754 2955 805 3012 est
826 2946 861 3010 in
884 2945 1003 3010 seisina
1022 2967 1081 3031 per
1102 2967 1157 3011 eos
1179 2946 1219 3012 de

122 3052 256 3133 partibus
270 3053 414 3139 ipsorum
425 3053 489 3138 ipsi
503 3052 544 3117 de
559 3051 719 3116 escambio
734 3043 792 3137 per
806 3051 900 3115 Dom.
913 3050 1046 3136 Regem,
1057 3049 1145 3136 quod
1159 3049 1220 3116 hoc

122 3153 149 3216 ei
160 3176 268 3221 nocere
284 3179 350 3221 nou
365 3156 472 3234 debet,
488 3156 566 3242 qnia
585 3156 620 3221 id
639 3154 727 3242 quod
745 3155 810 3241 ipsi
828 3155 915 3219 iuter
933 3176 968 3219 se
988 3155 1134 3219 fecerunt
1153 3176 1220 3219 non

121 3254 209 3322 debat
222 3257 381 3344 impedire
402 3257 554 3322 saisinam
575 3279 667 3322 suam
688 3265 723 3322 et
742 3256 830 3342 petit
848 3255 1015 3321 iudicium.
1061 3253 1164 3320 Item⁸
1177 3255 1218 3322 de

122 3357 173 3425 hoc
194 3361 280 3447 quod
305 3361 421 3426 dicunt
446 3360 534 3446 quod
555 3360 618 3446 ipsi
640 3361 883 3447 propinquiores
904 3366 982 3424 sunt
1003 3359 1038 3423 in
1059 3358 1163 3444 gradu
1183 3367 1220 3424 et

122 3463 198 3546 quod
211 3471 467 3549 expectauerunt
482 3471 620 3528 mortem
635 3463 807 3549 utriusque
822 3461 960 3528 Comitis
974 3461 1035 3525 hoc
1054 3461 1086 3525 ei
1105 3483 1219 3526 nocere

122 3586 178 3630 non
197 3567 296 3633 debet
318 3589 392 3632 cum
415 3589 496 3632 uxor
517 3589 576 3632 sua
596 3567 640 3632 sit
657 3567 698 3632 de
718 3566 937 3653 primogenite
954 3586 1060 3630 sorore
1079 3572 1115 3630 et
1133 3563 1219 3650 petit

149 3701 400 3767 ¹'l'heargumentis
408 3703 466 3754 that
475 3703 639 3754 EarlJohn’s
688 3703 774 3755 belom

121 3768 209 3830 getting
220 3770 265 3820 the
276 3770 358 3820 whole
369 3774 466 3833 oonnty
477 3785 529 3820 was
540 3770 638 3834 merely
721 3770 732 3802 ⁴
748 3767 885 3818 William’a
904 3767 963 3816 first
980 3768 1117 3829 argument
1133 3781 1217 3817 asama

122 3831 160 3882 the
170 3835 246 3885 result
257 3835 287 3884 ot
295 3850 312 3884 a
322 3835 414 3897 family
424 3837 616 3896 arrangement.
689 3834 785 3896 araply
793 3836 821 3882 to
833 3832 979 3893 something
992 3831 1051 3882 that
1061 3831 1106 3881 the
1117 3833 1217 3896 copyist

148 3897 241 3948 'Gora
264 3907 295 3948 ut
319 3901 357 3965 (²).
392 3901 418 3949 ll
435 3900 506 3949 John
523 3899 576 3949 had
592 3903 637 3961 got
689 3897 738 3948 haa
760 3898 885 3955 omitted;
913 3897 1024 3960 perhaps
1050 3897 1142 3960 Hanry
1163 3897 1217 3947 and

123 3959 161 4011 the
181 3968 275 4027 oouuty
292 3965 326 4028 by
347 3964 493 4026 hereditary
515 3965 585 4026 right
606 3963 639 4014 he
690 3963 734 4013 the
742 3963 816 4013 other
824 3977 961 4026 paroeners
969 3961 1021 4011 had
1030 3961 1138 4024 granted
1149 3963 1218 4012 their

122 4028 197 4077 would
218 4029 284 4078 have
306 4030 385 4078 taken
402 4030 424 4079 it
440 4045 470 4078 as
487 4044 503 4080 a
519 4030 639 4092 precipnt
690 4029 778 4078 ahares
796 4033 824 4078 to
841 4029 885 4078 tha
901 4027 964 4090 lring
980 4028 1008 4076 in
1026 4026 1155 4089 exchanga
1177 4029 1217 4078 lor

122 4092 169 4140 aad
183 4099 228 4144 not
243 4095 309 4144 have
324 4095 436 4158 brought
448 4096 470 4144 it
480 4095 538 4144 into
549 4093 638 4144 botch-
690 4094 764 4170 ether
775 4093 875 4169 lautu.¹
888 4092 953 4178 This
964 4107 1025 4154 may
1033 4092 1064 4142 be
1075 4092 1120 4142 the
1130 4107 1216 4142 mean·

122 4163 204 4272 soph
214 4239 231 4274 a
242 4225 296 4274 suit
307 4223 341 4286 by
353 4223 443 4274 Simon
455 4223 484 4273 ol
498 4223 584 4273 Saulis
594 4223 639 4274 the
689 4158 1088 4285 iliirgfbiltinigintbshibiiemm
1099 4157 1158 4208 ‘m
1168 4173 1218 4208 om

122 4285 178 4336 Esrl
198 4289 227 4338 ol
246 4291 391 4340 albemarle
409 4289 525 4340 vouohetl
542 4289 578 4339 all
595 4289 639 4339 the
721 4286 1218 4350 tIteplytoanargnmentthatsistcrs

122 4352 224 4404 co-hairs
242 4359 271 4404 to
288 4359 426 4417 warranty,
445 4354 507 4404 thus
526 4353 639 4416 treating
689 4369 733 4406 arc
743 4368 834 4404 nearer
844 4353 914 4403 heim
925 4353 991 4403 than
1004 4353 1097 4403 niaccs.

123 4416 186 4468 tham
204 4434 232 4470 aa
253 4435 399 4484 parosnm.
433 4420 480 4472 See
501 4419 638 4483 iudgmsut
