3167 5075
342 415 577 477 memsuis,
598 415 663 483 no.
689 402 781 478 1217,
803 418 868 467 nn.
892 406 984 467 1—2.
1152 363 1217 473 323

116 584 317 651 medietatem
330 608 354 651 c
365 609 426 653 scr.
436 596 471 652 et
482 596 608 674 septem
620 612 682 656 scr.
694 598 777 656 terre
789 614 864 657 cum
878 592 1005 677 pertin
1016 594 1049 657 N
1050 593 1216 679 ywelcndc

114 698 168 755 etc.
183 696 220 755 ut
235 689 346 759 dotem
360 714 453 757 susm
474 700 544 773 etc,
560 702 594 758 et
614 716 728 761 uersus
747 695 933 761 Johannem
953 696 994 761 de
1014 697 1215 771 chenhole

111 793 316 859 medietatem
331 817 357 860 c.
374 803 410 859 et
423 802 550 881 septem
571 818 632 863 scr.
648 804 732 861 terre
753 820 829 862 cum
849 807 931 884 pert.
946 798 982 863 in
1002 800 1116 864 eadem
1135 800 1216 865 uilla

66 978 69 982 .
112 904 146 961 ut
165 896 274 963 dotem
297 920 400 973 suam,
420 897 507 963 unde
528 898 694 964 Walterus
714 900 754 964 de
775 900 809 964 la
830 901 863 964 N
864 901 1031 987 ywelande
1051 903 1214 988 quondam

111 999 157 1064 uir
169 1023 245 1067 suus
259 1024 334 1067 eam
349 1009 410 1068 etc.
455 1002 499 1068 Et
514 1001 577 1088 ipsi
592 1002 731 1068 ueniunt
746 1012 781 1068 et
795 1004 977 1069 defendunt
997 1005 1049 1070 ius
1068 1029 1165 1071 suum
1180 1017 1215 1071 et

109 1104 214 1171 dicunt
229 1105 318 1191 quod
332 1128 397 1171 non
412 1105 511 1171 debet
525 1106 646 1171 habere
657 1114 777 1172 terrum
789 1107 880 1173 illem
890 1131 955 1184 ‚nec
970 1109 1068 1174 eliam
1082 1109 1215 1198 nomine

109 1207 194 1287 dotis,
204 1210 284 1295 quia
295 1210 365 1296 ipso
375 1217 449 1297 post
460 1218 598 1275 mortem
613 1210 752 1298 predicti
766 1210 906 1277 Walteri
919 1212 961 1278 de
975 1212 1069 1278 cuius
1083 1213 1213 1279 nomine

108 1310 171 1397 ipsc
190 1314 313 1381 clamat
335 1313 514 1400 predictam
537 1322 658 1380 terram
678 1314 713 1381 in
733 1316 854 1393 dotem,
868 1316 956 1402 cepit
975 1317 1077 1383 alium
1096 1318 1213 1403 uirum,

108 1422 138 1479 et
170 1418 372 1482 consuetudo
408 1426 460 1483 est
496 1418 583 1504 quod
620 1441 737 1484 uxores
766 1419 958 1484 maritorum
986 1420 1213 1507 defunctorum

107 1518 241 1585 habeant
263 1522 411 1587 francum
433 1522 574 1587 bancum
596 1544 692 1587 suum
713 1522 753 1587 de
774 1522 870 1587 torris
883 1523 1164 1603 sokemannorum,
1179 1533 1214 1589 et

107 1623 185 1707 quod
209 1626 342 1691 nullum
368 1626 476 1691 uirum
503 1626 613 1712 capiat
638 1634 712 1713 post
735 1636 875 1693 mortem
899 1628 963 1692 uiri
988 1628 1049 1707 sui,
1072 1628 1159 1715 quod
1185 1628 1213 1693 si

107 1727 217 1805 fecerit,
247 1729 451 1794 consuetudo
481 1739 531 1795 est
560 1728 596 1797 in
626 1730 740 1795 eodem
769 1730 928 1795 comitatu
958 1729 1045 1817 quod
1079 1731 1213 1795 emittat

107 1828 206 1895 dotem
221 1854 317 1897 suum
333 1854 433 1918 quom
451 1831 571 1897 clamet
591 1832 722 1897 nomine
741 1832 840 1919 primi
860 1832 924 1897 uiri
943 1834 1004 1899 sui.
1048 1834 1093 1897 Et
1114 1856 1213 1920 super

107 1933 159 1999 boc
173 1944 337 2001 uenerunt
352 1936 475 2001 milites
490 1937 530 2002 de
546 1937 658 2003 eodem
674 1938 833 2001 comitutu
845 1945 880 2002 et
891 1945 1012 2023 petunt
1023 1937 1210 2003 libertatem

105 2044 135 2100 et
148 2039 417 2105 consuetudinem
432 2041 606 2107 comitatus
621 2040 685 2105 sibi
700 2040 831 2106 tenc1i¹⁸

162 2143 204 2209 Et
218 2144 365 2209 lsobello
378 2144 459 2209 dicit
474 2144 562 2231 quod
576 2144 648 2230 ipsa
667 2166 836 2233 nunquam
856 2143 921 2209 fuit
940 2144 1054 2210 scisita
1073 2143 1113 2210 de
1133 2143 1210 2210 dote

103 2242 160 2323 illu
173 2269 232 2313 nec
247 2255 398 2333 tempore
413 2247 510 2333 primi
525 2247 589 2312 uiri
604 2247 655 2313 sui
674 2270 734 2313 nec
755 2256 901 2335 tempore
920 2248 1055 2313 secundi
1069 2248 1132 2314 uiri
1146 2248 1209 2325 sui,

103 2349 181 2413 unde
200 2350 289 2439 petit
311 2349 471 2415 iudicium
491 2350 521 2415 si
540 2350 692 2417 amittere
711 2350 832 2416 debeat
852 2350 913 2415 hoc
933 2351 1020 2437 quod
1039 2374 1208 2439 nunquam

103 2451 209 2521 babuit
222 2479 284 2542 per
297 2456 407 2543 legem
423 2464 458 2521 et
472 2456 741 2521 consuetudinem
756 2456 940 2521 comitatus

159 2561 201 2626 Et
215 2561 280 2648 ipsi
295 2561 412 2627 dicunt
427 2560 514 2649 quod
527 2561 599 2626 siue
614 2561 678 2626 fuit
692 2560 806 2626 scisite
817 2561 889 2626 siue
904 2583 978 2640 non,
993 2561 1021 2626 si
1042 2562 1115 2650 ipen
1135 2571 1210 2648 post

102 2673 229 2731 mortem
250 2665 317 2731 uiri
338 2665 392 2730 sui
413 2665 534 2730 iterum
556 2665 664 2752 capiat
685 2665 796 2730 uirum
816 2687 913 2730 suum
935 2665 1087 2731 emittere
1109 2664 1210 2732 debet

102 2767 202 2834 dotem
216 2793 322 2848 suam,
337 2778 373 2834 et
393 2769 496 2834 eciam
516 2768 671 2835 clnmium
685 2768 771 2834 dotis
785 2776 846 2834 etc
892 2768 1141 2835 consideratum
1158 2776 1209 2834 est

102 2873 179 2956 quod
199 2874 257 2961 xij.
278 2881 350 2940 tam
372 2873 495 2939 milites
516 2895 615 2960 quum
636 2872 694 2938 alii
716 2873 774 2959 qui
796 2881 933 2938 teneant
954 2894 1013 2959 per
1034 2872 1207 2938 seruicium

102 2975 233 3044 militum
248 2985 521 3043 summoueantur
534 2975 622 3063 quod
634 2976 703 3042 sint
718 2976 778 3042 toli
789 2975 843 3042 die
855 2985 916 3042 etc.
925 2976 970 3040 od
980 2999 1206 3064 recognoscen-

101 3077 171 3144 dum
184 3083 213 3148 si
228 3081 385 3148 amittere
401 3081 520 3146 debeat
534 3080 645 3146 dotem
660 3088 694 3145 et
709 3080 862 3146 clamium
877 3080 963 3145 dotis
978 3089 1039 3148 etc.

49 3187 69 3252 9.
156 3184 270 3252 Amisa
296 3185 391 3250 uenit
418 3184 625 3272 recognitum
650 3185 723 3271 quis
748 3184 927 3250 aduocatus
950 3193 1096 3270 tempore
1117 3185 1206 3270 pacis
1309 3215 1325 3244 r.

100 3290 298 3369 presentnuit
313 3290 466 3356 ultimum
480 3311 651 3376 personum
672 3311 735 3375 que
755 3296 885 3353 mortua
904 3296 955 3352 est
974 3287 1017 3353 cd
1037 3287 1204 3353 ecclesiam

99 3389 135 3456 de
155 3393 328 3473 Beintons,
349 3417 413 3481 que
436 3401 534 3459 uacet
555 3401 625 3471 etc,
640 3393 733 3458 cuius
754 3391 1004 3458 aduccocionem
1027 3392 1143 3458 Petrus
1164 3391 1205 3457 de

100 3493 178 3560 Melo
202 3499 295 3563 Iecu
320 3505 355 3563 et
380 3497 522 3563 Isobello
547 3519 629 3562 uxor
652 3495 722 3560 eius
748 3517 807 3582 per
832 3494 1011 3560 Redulfum
1039 3495 1082 3560 de
1109 3495 1205 3581 Rupe

98 3607 296 3666 attornatum
318 3623 415 3665 suum
437 3600 580 3666 clement
605 3621 719 3664 uersus
744 3598 910 3664 Abbetem
938 3596 1082 3663 Eboraci.
1139 3597 1205 3677 Qui

99 3703 184 3768 uenit
205 3713 241 3768 et
264 3703 346 3770 dicit
368 3703 455 3794 quod
475 3703 575 3770 assisa
594 3726 659 3768 non
680 3703 778 3768 debet
793 3702 870 3768 inde
885 3702 964 3780 fieri,
980 3702 1057 3787 quia
1071 3701 1205 3766 ecclesia

98 3804 150 3872 illa
172 3830 239 3874 non
264 3814 362 3873 uacet
384 3807 484 3873 immo
507 3806 642 3893 quidam
664 3805 826 3872 Radulfus
849 3805 890 3870 de
914 3805 1032 3871 Stokes
1054 3804 1131 3870 inde
1153 3812 1205 3869 est

98 3927 227 3992 persona
241 3908 285 3974 ud
299 3909 577 3996 presentncionem
591 3908 731 3995 predicti
750 3906 891 3973 Abbatis
912 3905 1048 3971 Eboraci
1062 3904 1112 3970 ’et
1126 3904 1203 3971 inde

98 4012 213 4094 profert
243 4013 373 4080 litteus
402 4021 554 4100 petentes
582 4013 723 4080 Abbatis
757 4023 792 4078 et
827 4019 1008 4076 conuentus
1038 4011 1070 4075 S.
1100 4009 1203 4075 Melie

98 4113 244 4181 Eboraci⁸
269 4117 410 4183 directas
439 4118 477 4184 G.
503 4117 753 4204 Archiepiscopo
779 4113 993 4181 Eboracensi⁸
1017 4113 1054 4178 in
1084 4113 1203 4200 quibus

126 4252 135 4284 ¹
151 4254 264 4304 Observe
279 4254 325 4304 the
340 4253 517 4305 intervention
533 4254 562 4303 cl
577 4253 622 4304 the
671 4252 733 4304 held
744 4253 778 4316 by
789 4251 906 4316 military
917 4252 1022 4303 service.

97 4315 197 4380 knights
208 4321 239 4369 cf
248 4319 293 4370 the
304 4320 382 4370 sture.
414 4319 623 4370 Fromthiscnd
706 4317 744 4352 Η
761 4318 851 4368 Inthe
863 4318 975 4381 margin.
1159 4335 1163 4342 ·
1229 4350 1232 4355 <

97 4383 159 4432 from
167 4385 213 4435 the
223 4383 397 4436 constitution
409 4385 439 4436 ot
447 4385 492 4436 the
502 4385 561 4448 jury
572 4399 622 4435 one
705 4383 716 4416 ³
734 4383 853 4446 Geoffrey
862 4399 910 4433 son
922 4383 951 4433 of
960 4382 1095 4445 HenryII.
1106 4383 1169 4434 1191

97 4449 175 4498 would
197 4464 312 4514 suppose
334 4449 393 4500 thot
414 4449 468 4500 this
490 4450 552 4500 lnnd
570 4465 622 4501 was
674 4449 747 4500 1212.

1009 4548 1114 4610 21-2
