3167 5075
373 410 436 474 2⁴30
590 420 706 470 cosin
729 419 826 479 snos,
849 416 913 467 nn.
938 402 1100 479 1238-9,
1122 416 1185 466 sn
1209 403 1259 466 23.

374 598 490 664 Comes
510 598 569 663 hoc
591 619 656 661 non
677 594 866 661 emendauit
881 602 932 659 set
946 592 1121 658 aduocauit
1136 592 1347 658 disseisinam.
1389 591 1461 671 Que-

373 702 429 766 siti
443 700 584 787 qualiter
598 699 661 786 ipsi
683 697 868 764 Willelmus
890 705 925 761 et
947 696 1082 761 Mabilia
1105 696 1369 782 perquisiuerunt
1389 692 1464 759 seisi-

373 827 450 869 nsm
469 805 509 869 de
534 804 696 869 tonsilla
716 812 750 868 et
770 802 945 889 mesuagio,
966 802 1080 865 dicunt
1104 801 1190 887 quod
1214 801 1249 865 in
1273 800 1364 864 curia
1384 799 1463 863 Dom.

374 906 474 992 Regis
488 929 547 992 per
559 906 659 971 breue
675 905 716 970 de
730 904 885 991 ingressu.
931 905 976 967 Et
991 903 1064 969 ideo
1079 903 1315 969 consideratum
1331 898 1464 987 estquod

374 1009 541 1074 Johannes
565 1007 772 1094 recuperauit
801 1007 952 1071 scisinam
979 1028 1073 1071 suam
1099 1014 1134 1071 et
1160 1006 1277 1073 Comes
1303 1013 1341 1070 ct
1365 1003 1465 1069 aliiin

374 1112 599 1178 misericordia.

439 1216 550 1281 Assisa
579 1215 673 1279 uenit
701 1214 908 1301 recognitum
936 1214 964 1278 si
1000 1214 1131 1279 Hamon
1167 1213 1316 1280 Cheuere
1354 1222 1388 1278 st
1419 1210 1465 1275 alii

236 1334 290 1410 ξ
328 1370 344 1409 ⁴
335 1320 495 1399 ⁰iniuste
526 1328 586 1385 etc.
617 1318 863 1384 disseisiuerunt
899 1318 1080 1383 «Iordanum
1118 1318 1266 1384 Oheuere
1302 1317 1344 1383 de
1380 1317 1467 1382 libero

376 1433 563 1490 tenemento
584 1446 642 1488 suo
664 1423 700 1488 in
720 1423 927 1500 Widekesho,
947 1430 982 1487 et
1002 1423 1089 1487 unde
1103 1422 1184 1487 dicit
1199 1422 1286 1509 quod
1300 1421 1467 1488 disseisiue

375 1536 453 1594 runt
467 1550 543 1593 eum
557 1526 598 1591 de
614 1527 718 1591 tribus
733 1526 815 1590 acris
830 1535 865 1591 et
879 1525 1015 1590 dimidia
1029 1539 1089 1591 etc.

440 1632 464 1695 J
465 1638 610 1695 uratores
625 1628 755 1694 dicunt*
770 1627 857 1714 quod
873 1636 979 1692 mater
992 1629 1094 1713 ipsius
1114 1629 1274 1694 Homonis
1293 1627 1468 1714 concupiuit

376 1736 537 1823 quoddam
563 1734 767 1820 mesuagium
794 1734 932 1819 predicti
958 1734 1095 1798 Roberti
1122 1734 1173 1798 ita
1200 1734 1286 1819 quod
1316 1733 1468 1820 predictus

376 1840 507 1903 Hamon
537 1844 667 1901 tantum
698 1835 774 1899 fecit
803 1857 877 1900 cum
908 1835 1053 1921 predicto
1089 1834 1233 1900 Roberto
1269 1835 1358 1921 quod
1394 1834 1469 1899 idem

376 1943 538 2007 Robertus
567 1940 723 2006 concessit
753 1939 859 2004 eidem
896 1940 1040 2004 Hemoni
1075 1940 1119 2005 sd
1156 1963 1237 2025 opus
1273 1941 1388 2005 matris
1421 1960 1469 2003 sue

374 2046 578 2133 mesuagium
599 2045 680 2109 illud
701 2044 881 2109 tenendum
901 2045 943 2109 ad
963 2045 1067 2110 uitem
1087 2045 1189 2132 ipsius
1208 2045 1323 2109 metris
1342 2067 1401 2109 sue
1421 2066 1471 2129 pro

375 2148 479 2213 tribus
494 2147 576 2211 acris
590 2156 624 2211 et
639 2146 715 2212 dim.
732 2169 812 2232 ques
826 2146 914 2211 idem
926 2146 1057 2211 Hemon
1068 2146 1160 2212 dedit
1170 2146 1318 2233 predicto
1329 2148 1470 2218 Roberto‚

374 2250 423 2314 ita
437 2252 522 2336 quod
537 2251 565 2315 si
579 2260 758 2314 moreretur
773 2258 850 2314 ante
865 2250 1046 2335 predictam
1057 2258 1196 2315 matrem
1208 2250 1311 2336 ipsius
1322 2248 1472 2315 Hemonis

373 2354 461 2439 quod
480 2355 642 2419 termille
661 2362 845 2419 remaneret
864 2354 1038 2419 heredibus
1058 2354 1160 2440 ipsius
1177 2356 1323 2431 Roberti,
1337 2354 1470 2440 alioquin

373 2466 552 2522 reuerteret
578 2458 751 2544 adipsum
782 2458 974 2522 Hemonem.
1021 2457 1065 2522 Et
1094 2458 1172 2545 quia
1199 2459 1287 2523 idem
1317 2460 1473 2524 Robertus

373 2562 628 2645 premoriebstur
643 2571 676 2626 et
692 2561 808 2626 habuit
823 2562 905 2626 duas
918 2562 1003 2626 filias
1017 2584 1080 2647 que
1095 2561 1246 2626 similiter
1258 2564 1474 2628 moriebantur
1534 2638 1535 2657 Χ

374 2665 467 2728 uenit
486 2665 625 2729 Thomas
645 2665 746 2728 frater
765 2664 867 2749 ipsius
887 2663 1047 2728 Hemonis
1069 2672 1104 2728 et
1125 2665 1234 2750 posuit
1253 2688 1287 2730 se
1306 2666 1342 2730 in
1362 2676 1474 2731 terram

303 2767 463 2832 uillam
479 2768 564 2833 sicut
578 2769 695 2833 heres
686 2768 788 2855 1psius
804 2767 940 2833 Roberti
954 2768 1033 2853 quis
1043 2767 1130 2833 idem
1146 2769 1277 2833 Hamon
1292 2792 1358 2833 non
1373 2768 1474 2856 potuit

211 2794 331 2972 §goiim
247 2795 331 2878 “stim
270 2886 342 2980 erdp-
338 2893 442 2971 messe
465 2870 558 2935 heres
580 2879 614 2935 et
636 2869 796 2946 dominus
819 2878 853 2934 et
875 2879 989 2956 postes
1013 2871 1150 2936 tradidit
1179 2893 1252 2936 eam
1281 2871 1325 2938 ed
1355 2873 1474 2936 firmam
1534 2874 1535 2933 Q

211 2935 289 3064 ΞΞΞΞΞΞ
291 2933 362 3066 {¹3²³
374 2976 501 3041 duobus
525 2974 718 3051 hominibus,
742 2984 777 3039 ct
800 2998 875 3039 cum
898 2975 1056 3062 proficisci
1077 2975 1207 3040 uellet
1198 2999 1232 3039 m
1252 2983 1365 3060 partes
1379 2985 1476 3040 truns-
1534 2994 1535 3033 ;

211 3038 307 3160 ΞΞΞΞΞΞΞ
375 3080 514 3144 marinas
538 3080 693 3143 concessit
717 3087 752 3143 et
775 3078 867 3144 dedit
890 3079 996 3144 eidem
1020 3079 1162 3144 Jordano
1186 3088 1307 3144 terram
1329 3078 1454 3144 illam
1446 3101 1476 3141 m
1534 3122 1535 3153 Ξ

374 3185 467 3249 feodo
486 3183 577 3248 soluo
596 3183 750 3269 predictis
773 3182 900 3250 duobus
920 3184 1105 3249 hominibus
1122 3185 1262 3249 termino
1281 3207 1342 3249 suo
1362 3193 1399 3250 et
1412 3183 1478 3249 illos
1534 3160 1535 3211 Ξ

374 3287 555 3352 attornsuit
578 3285 723 3371 predicto
746 3285 889 3351 Jordsno
913 3286 955 3350 ad
978 3287 1161 3351 faciendum
1182 3286 1359 3352 seruicium
1378 3309 1477 3352 suum
1534 3302 1535 3307 ’

376 3391 419 3454 Et
439 3390 526 3455 idem
548 3389 711 3453 Jordanus
732 3397 846 3474 postes
865 3397 995 3454 tantum
1014 3391 1091 3456 fecit
1105 3413 1179 3455 cum
1195 3414 1261 3455 uno
1275 3391 1317 3456 de
1333 3389 1479 3456 firmariis
1534 3380 1535 3385 Ξ

375 3495 452 3581 quia
466 3495 571 3559 noluit
591 3493 719 3558 firmare
738 3495 971 3560 fcofamentum
991 3495 1104 3560 suum‘
1122 3496 1209 3580 qnod
1228 3495 1284 3561 ille
1305 3495 1433 3560 dimisit
1451 3494 1479 3556 ei
1534 3540 1535 3559 Ξ

375 3599 551 3663 terminum
580 3619 676 3661 suum
706 3605 740 3662 et
769 3598 840 3682 ipse
877 3599 954 3663 fecit
990 3598 1093 3664 excoli
1129 3606 1256 3684 partem
1292 3621 1399 3677 susm,
1434 3607 1480 3661 set
1534 3646 1535 3649 η

374 3703 538 3790 predictus
552 3702 685 3766 Hemon
700 3702 797 3766 bleda
820 3703 878 3768 illa
900 3703 1080 3790 asportauit
1104 3711 1139 3768 et
1162 3703 1270 3788 ipsum
1295 3702 1478 3768 disseisiuit
1534 3712 1535 3763 3

375 3807 418 3870 Et
430 3806 502 3870 ideo
513 3805 749 3870 consideratum
765 3813 816 3870 est
831 3805 918 3892 quod
931 3806 954 3871 J
955 3806 1094 3872 ordsnus
1109 3804 1316 3892 recuperauit
1329 3805 1480 3871 scisinam
1534 3894 1535 3897 Ἴ

373 3932 465 3974 susm
481 3918 515 3974 et
531 3909 662 3973 Hamon
677 3909 783 3974 etalii
798 3910 833 3974 in
848 3910 1073 3976 misericordis

406 4053 573 4114 ¹Risbridge.
585 4053 691 4104 Suffolh
983 4053 1059 4104 ³See
1075 4054 1119 4104 Br.
1138 4053 1157 4106 s.
1174 4055 1233 4106 279.
1265 4053 1293 4102 It
1308 4054 1398 4104 would
1414 4068 1481 4104 seem

406 4119 741 4180 ²Sseminglytherewere
755 4118 829 4169 three
844 4119 900 4170 bro·
951 4119 1010 4170 that
1036 4120 1125 4169 Hsmo
1151 4134 1204 4168 was
1230 4119 1341 4169 entitlcd
1370 4124 1400 4169 to
1426 4119 1482 4168 take

375 4183 548 4240 thersHsmo.
556 4183 659 4240 Robert.
668 4183 791 4233 Thomas.
814 4185 901 4236 Homo
950 4185 1048 4248 primer
1069 4184 1157 4246 scinu,
1176 4183 1222 4233 but
1245 4183 1363 4234 Thomas
1387 4185 1483 4245 having

374 4249 499 4299 enfeoffed
526 4248 650 4298 Robert
643 4263 669 4297 rn
693 4250 788 4312 special
811 4253 899 4300 terme.
950 4255 995 4312 got
1007 4249 1093 4309 asisin,
1105 4222 1193 4300 mino
1207 4247 1253 4298 did
1268 4249 1400 4310 wrongin
1413 4258 1482 4300 turn·

376 4315 430 4364 The
441 4314 595 4376 questionis
606 4329 635 4362 es
645 4317 672 4364 to
684 4315 729 4366 the
740 4315 900 4378 applicetion
950 4315 995 4378 ing
1005 4314 1061 4364 him
1072 4320 1128 4364 out

375 4381 404 4430 of
414 4380 458 4429 the
467 4379 522 4428 rulo
530 4379 609 4428 about
620 4379 676 4428 lord
687 4379 740 4429 end
751 4380 815 4429 heir.
845 4381 899 4432 The
982 4382 993 4414 ⁴
1008 4380 1051 4430 He
1068 4379 1113 4430 did
1134 4381 1182 4429 not
1199 4378 1264 4428 wish
1281 4379 1342 4432 that
1358 4380 1407 4431 his
1423 4379 1484 4431 lund

374 4443 487 4508 pleintifl
498 4444 588 4494 clcims
599 4443 681 4494 under
693 4445 816 4496 Thomas.
950 4444 1270 4496 shouldboousetfm
