3167 5075
52 1504 86 1571 lo.

52 2234 86 2305 ll.

335 400 455 461 consu
476 398 575 461 assu
596 399 662 450 nn.
687 386 847 462 1238-9‚
868 399 931 449 su
955 385 1006 449 23.
1159 385 1223 459 279

123 570 218 635 breue
241 570 342 655 Regis
368 568 454 656 quod
480 568 592 663 aueria
615 589 676 634 sua
700 567 959 634 deliberarentur
982 569 1091 655 primo
1115 592 1223 647 count,

118 683 188 759 port
206 675 309 751 aliud,
330 684 361 741 et
379 672 499 761 pluro¹
521 682 634 738 contra
654 671 947 739 consideracionem
969 674 1069 751 illam,
1091 682 1125 739 st
1145 674 1224 759 quia

121 779 224 843 aueria
237 802 298 845 sna
312 801 377 843 non
392 778 585 843 delibemuit
600 777 673 843 ideo
688 778 766 843 fecit
786 779 951 864 querelam
971 779 1077 855 istam,
1092 786 1127 842 st
1146 778 1223 844 inde

120 882 205 966 ponit
225 904 261 949 se
282 905 381 969 snper
402 882 541 969 patriam
564 890 598 947 et
620 903 717 967 super
742 882 944 947 comitatum,
989 882 1033 945 Et
1057 880 1223 966 predictus

120 986 164 1051 W.
179 1008 309 1071 presens
324 995 374 1051 est
389 996 423 1051 et
438 986 498 1051 hoc
512 985 675 1072 cognoscit
690 994 725 1050 et
740 985 782 1049 H.
795 984 952 1050 similiter.
998 987 1042 1050 Et
1057 984 1130 1049 ideo
1144 984 1223 1070 quia

119 1087 267 1155 iudicium
282 1089 460 1155 comitatus
474 1110 538 1153 non
554 1088 619 1153 fuit
638 1088 825 1153 conuictum
845 1088 887 1153 ad
902 1088 1028 1165 falsum,
1043 1087 1221 1152 considera-

116 1200 184 1259 ¹tum
199 1201 247 1257 est
263 1191 352 1278 quod
366 1192 478 1257 aueria
492 1214 556 1257 non
577 1192 710 1258 fuorunt
730 1190 947 1277 replegianda
962 1200 997 1256 et
1011 1189 1175 1276 predictus
1189 1190 1221 1255 J.

116 1294 149 1358 in
162 1295 249 1361 nullo
263 1295 415 1381 reliquit²
430 1294 516 1381 quod
535 1294 647 1359 aueria
665 1316 731 1359 non
750 1294 954 1371 deliberanit,
968 1302 1003 1360 et
1016 1294 1090 1359 ideo
1104 1293 1134 1359 J.
1149 1293 1220 1359 sine

117 1396 166 1461 die
178 1406 212 1461 et
226 1398 324 1463 H.1n
338 1396 562 1463 misericordia
583 1395 588 1483 Ι
1043 1416 1046 1420 “

176 1500 335 1569 Custodia
353 1509 511 1565 terranem
532 1520 596 1585 que
616 1500 750 1565 fuerunt
770 1500 894 1565 Odardi
913 1500 955 1565 de
969 1500 1194 1587 Wigentona
1184 1524 1219 1567 1n
1209 1493 1379 1597 &3⁹ssss

118 1606 267 1671 comitatu
292 1604 447 1671 (lumbrie
469 1616 617 1671 romanet
638 1606 731 1671 Dom
756 1606 841 1693 Regi
863 1607 940 1693 quia
961 1608 1047 1673 idem
1071 1609 1221 1676 Odardus

118 1709 217 1773 tenuit
231 1709 274 1775 de
291 1709 386 1773 Dom.
401 1709 492 1795 Rege
506 1730 565 1795 per
579 1708 767 1775 serianciam
782 1710 906 1775 scilicet
920 1711 1022 1776 eundi
1036 1734 1111 1777 cum
1131 1735 1169 1778 eo
1184 1713 1220 1777 in

118 1814 253 1879 exercitu
277 1836 393 1879 uersus
416 1814 561 1879 Scociam
583 1813 618 1878 in
640 1814 819 1901 antegurda
840 1822 876 1880 et
896 1816 932 1879 in
953 1815 1083 1881 redditu
1105 1839 1164 1882 suo
1185 1816 1221 1883 in

118 1918 299 2005 retrognrdn
327 1918 415 2004 quod
444 1917 577 2004 quidem
605 1926 778 2004 reputatur
806 1940 875 1983 esse
911 1940 1030 2004 magna
1063 1920 1220 1986 seriancia

115 2022 289 2087 secundum
307 2020 394 2107 quod
408 2020 595 2087 conuictum
610 2030 660 2085 est
674 2042 734 2106 per
748 2021 1002 2107 inquisicionem,
1017 2029 1052 2086 et
1071 2032 1220 2107 preterea

116 2125 186 2207 quia
198 2125 293 2193 dedit
308 2124 496 2212 comagium
511 2124 598 2209 quod
612 2123 737 2211 anglice
753 2122 874 2189 dicitur
888 2123 1088 2211 horngelde⁸.

174 2228 318 2295 llichuel
346 2227 388 2293 de
418 2227 548 2291 Bauent
577 2226 795 2291 summonitus
829 2250 894 2313 quo
924 2236 1068 2293 waranto
1099 2228 1219 2295 clamat

117 2330 294 2398 libertatem
311 2330 454 2397 habendi
467 2352 623 2397 wreecum
636 2330 671 2395 in
686 2329 854 2395 hundredo
868 2330 910 2395 de
926 2329 1110 2417 Blithinge‘
1126 2331 1219 2397 uenit

116 2444 146 2499 et
169 2436 247 2503 dicit
273 2436 363 2523 quod
388 2434 458 2522 ipse
488 2443 523 2501 ct
552 2446 768 2501 antecessores
797 2436 850 2500 aui
878 2457 1006 2521 semper
1033 2435 1219 2502 habuerunt

116 2561 262 2606 ureccum
285 2541 324 2606 in
345 2540 459 2606 eodem
481 2540 649 2608 hundredo
671 2565 691 2606 a
712 2550 892 2627 conquestu
914 2542 1044 2629 Anglie,
1061 2541 1110 2606 ita
1132 2542 1218 2628 quod

115 2643 176 2728 ipse
195 2645 277 2710 alias
297 2643 415 2708 habuit
434 2665 591 2709 wreocum
612 2653 758 2730 tempore
779 2645 879 2731 Regis
899 2645 930 2710 J.
944 2644 1070 2710 scilicet
1089 2644 1218 2712 tabulas

116 2756 145 2810 et
157 2748 234 2813 alias
249 2749 397 2814 minutas
409 2771 467 2814 res
514 2749 555 2814 Et
572 2749 719 2834 quesitus
733 2749 814 2836 quid
828 2772 914 2814 nunc
929 2749 1029 2814 habet
1044 2750 1085 2815 de
1099 2772 1218 2815 wreoco

116 2849 172 2928 illo,
187 2851 267 2918 dicit
289 2851 378 2938 quod
400 2851 516 2917 habuit
539 2852 579 2918 lx.
603 2853 702 2919 libras
724 2875 795 2918 cere
818 2862 853 2918 ct
873 2853 973 2940 xxxij.
995 2853 1096 2939 pelles
1118 2853 1216 2918 muri·

118 2951 262 3038 legmum,
277 2977 331 3020 xx.
346 2953 461 3020 bordas
476 2963 535 3020 etc
581 2955 625 3018 Et
641 2954 788 3041 quesitus
802 2955 843 3020 de
859 2977 923 3041 quo
938 2963 1030 3020 tenet
1049 2963 1216 3020 tenemen-

117 3063 180 3120 tum
194 3079 291 3122 suum
308 3079 366 3142 per
379 3055 466 3142 quod
482 3057 601 3123 clamat
616 3057 803 3123 libertatem
822 3057 922 3133 illam,
937 3057 1017 3122 dicit
1032 3057 1073 3122 de
1088 3057 1217 3124 Comite
1236 3071 1374 3116 ὓοπωωι

119 3155 258 3246 Rogare&
306 3161 349 3226 Et
364 3161 442 3246 quia
456 3159 556 3224 nichil
571 3169 665 3226 tenet
686 3161 726 3226 de
747 3161 841 3226 Dom.
858 3162 949 3248 Rege
968 3183 1029 3226 nec
1048 3161 1090 3226 ab
1108 3161 1218 3247 aliquo

118 3263 168 3346 qui
191 3263 379 3330 huiusmodi
404 3264 524 3330 habere
549 3264 652 3350 possit
674 3265 860 3331 libertatem
883 3288 942 3330 nec
964 3265 1054 3330 aliud
1075 3263 1218 3329 ostendit

119 3369 247 3454 speciale
263 3367 358 3456 quid'
374 3378 506 3455 propter
520 3368 607 3455 quod
622 3367 713 3433 istud
727 3369 778 3434 ius
792 3368 836 3434 ad
850 3369 957 3455 ipsum
977 3367 1140 3454 pertineat
1154 3367 1218 3432 nisi

121 3471 197 3555 quod
215 3473 334 3538 habuit
355 3472 529 3558 aliquando
550 3471 641 3538 borz⁸
661 3473 748 3559 quod
770 3496 837 3539 non
859 3481 991 3538 tenetur
1012 3495 1069 3558 pro
1090 3494 1218 3548 mcccc,

121 3572 185 3639 ideo
197 3575 437 3641 consideratum
452 3583 502 3640 est
517 3573 604 3661 quod
617 3575 733 3640 reddat
747 3598 903 3641 wreccum
924 3573 1010 3661 quod
1024 3573 1112 3660 cepit
1125 3582 1160 3638 et
1174 3573 1219 3639 sit

120 3677 151 3742 in
163 3679 378 3746 misericordia
391 3701 449 3765 pro
464 3679 715 3767 transgressione
729 3679 811 3746 illa⁰.

55 3777 91 3846 'll
178 3784 290 3850 Simon
304 3783 345 3848 de
361 3782 556 3867 Petraponte
572 3781 685 3846 eodem
700 3781 797 3846 modo
811 3780 1027 3846 summonitus
1037 3780 1117 3846 dicit
1132 3779 1218 3866 quod
1266 3799 1347 3842 suros.

149 3909 205 3962 ¹01
221 3911 293 3961 these
304 3910 388 3960 words
402 3911 415 3959 1
431 3925 473 3960 am
491 3909 633 3961 uncertain.
689 3909 802 3960 wreck'
793 3923 823 3958 rn
844 3907 899 3959 this
919 3911 978 3971 part
1005 3908 1034 3956 ol
1062 3908 1107 3958 the
1128 3907 1217 3958 world.

122 3973 639 4040 Henrylollowsduphisfirstwmtwith
689 3975 766 4036 Pago,
795 3977 957 4038 Supponunt
985 3981 1010 4024 to
1042 3975 1084 4023 tte
1117 3976 1218 4038 Suffolk

121 4055 152 4089 au
162 4043 224 4092 alias
234 4041 429 4104 andaplurics.
505 4087 511 4096 ,
691 4041 830 4099 Trcvcller,
844 4041 929 4102 pm
1210 4088 1214 4096 ,

150 4107 245 4156 'Corn
257 4109 374 4170 deliquit
721 4105 788 4167 ⁸135
800 4103 966 4166 thcoopyist.

150 4171 275 4222 ³Soeur.
289 4172 351 4221 235
362 4169 468 4230 narb.
502 4169 638 4220 Thisoasc
721 4121 933 4231 ‘Rogchigod

123 4234 143 4283 is
153 4236 215 4285 Fitz.
228 4238 320 4292 Gardt,
334 4237 390 4284 148.
722 4233 732 4268 ⁷
750 4235 809 4284 Om.
821 4235 893 4297 quid.

151 4303 161 4332 ⁴
177 4301 206 4350 ln
221 4301 348 4366 Blything
363 4299 482 4354 hundred
498 4299 522 4351 is
538 4301 638 4350 Ecston
722 4299 733 4332 θ
750 4298 805 4349 The
820 4298 921 4358 manda,
934 4301 1042 4358 ututur,
1054 4298 1135 4350 above
1145 4313 1219 4350 men·

123 4363 222 4416 Bar-ent.
254 4367 287 4415 In
309 4369 324 4416 9
347 4365 418 4415 Edu.
439 4365 503 4425 1.,a
525 4367 639 4416 Thomas
690 4363 787 4416 tioncd.

124 4429 215 4480 Bauent
237 4445 290 4481 vas
311 4431 340 4480 in
362 4431 461 4482 trouble
482 4432 522 4480 lor
549 4430 641 4491 taking
723 4430 825 4482 ’ΒΜ
839 4428 908 4480 tob.
