3167 5075
334 387 395 453 676
462 395 616 446 surronrr
641 395 731 443 nune
753 395 797 443 or
819 394 1021 443 recussum
1044 394 1118 442 sun
1142 395 1312 456 secusve,

333 572 420 659 quod
453 568 620 658 predictus
653 568 822 634 Johennes
857 568 940 633 obiit
971 567 1112 644 scisitus‚
1146 576 1181 633 et
1216 566 1246 632 si
1279 567 1446 654 predictus
1557 548 1558 565 χ

333 677 519 743 Willelmus
533 673 659 750 obierit,
674 673 737 737 iste
753 672 930 737 Edwardus
944 680 996 736 est
1010 671 1221 758 propinquior
1236 671 1338 737 heres

400 782 444 845 Et
473 779 553 866 quia
582 777 760 842 Edwmdus
783 777 947 862 cognoscit
972 776 1060 862 quod
1083 777 1250 863 predictus
1278 777 1448 842 Johunnes

335 884 453 950 habuit
468 882 642 971 quemdam
658 880 763 945 filium
779 880 983 945 Willelmum
999 881 1132 946 nomine
1155 890 1191 946 et
1208 881 1296 967 quod
1316 889 1449 946 tantum

335 997 467 1073 tempus
481 983 630 1072 preteriit
645 990 818 1068 postquam
836 981 902 1046 init
919 984 1008 1048 ultra
1027 1006 1125 1060 mere,
1140 983 1381 1048 consideratum
1401 991 1451 1048 est

337 1089 424 1177 quod
448 1087 626 1153 Edwardus
654 1084 862 1170 recuperauit
891 1085 1043 1150 seisinem
1069 1108 1163 1151 suam
1189 1087 1281 1151 seluo
1304 1085 1450 1173 predicto

337 1193 501 1259 Willelmo
515 1191 585 1255 iure
601 1211 659 1254 suo
673 1189 701 1254 si
716 1178 918 1266 redierit,'ite
931 1188 1018 1275 quod
1032 1189 1147 1253 stetim
1160 1190 1282 1256 hebeat
1296 1191 1450 1255 seisinem

337 1319 430 1362 suam
446 1317 521 1360 cnm
536 1291 678 1357 redierit.
723 1291 767 1354 Et
781 1290 804 1353 J
805 1291 944 1355 ordanus
954 1291 990 1354 in
1005 1291 1229 1357 misericordis

403 1399 529 1464 ¹Assise
548 1395 641 1462 uenit
660 1393 867 1481 recognitum
886 1393 914 1458 si
934 1393 1081 1481 Rogems
1095 1395 1126 1459 le
1144 1395 1210 1461 Bor
1225 1403 1260 1460 et
1275 1395 1377 1461 tale&
1389 1406 1448 1461 etc

338 1503 458 1568 iniuste
488 1509 547 1566 etc.
578 1498 825 1564 disseisiuerunt
860 1497 1076 1563 Benedictum
1109 1498 1308 1564 Walterum⁸
1343 1499 1449 1564 filium

338 1605 477 1672 Walteri
500 1605 541 1670 de
565 1605 667 1669 libero
692 1610 881 1668 tenemento
903 1625 963 1666 suo
987 1603 1022 1666 in
1046 1603 1263 1669 Thorendone
1285 1613 1361 1690 post
1390 1613 1449 1668 etc

340 1711 383 1774 Et
397 1710 545 1795 Rogems
559 1715 691 1772 tuntum
706 1705 800 1770 uenit
814 1714 849 1771 et
863 1705 964 1770 nichil
979 1705 1060 1771 dicit
1075 1718 1135 1772 etc.

404 1811 573 1876 Jurutores
609 1809 724 1875 dicunt
760 1809 847 1894 quod
883 1808 1022 1894 predicti
1058 1810 1205 1897 Rogems
1233 1820 1269 1876 et
1298 1810 1358 1877 elii
1385 1833 1449 1875 non
1557 1886 1558 1889 Ἴ

340 1913 585 1980 disseisiuerunt
608 1935 685 1978 eum
710 1911 797 1976 sicut
819 1911 920 1976 breue
945 1911 1036 1990 dicit,
1059 1913 1138 1998 quis
1166 1913 1230 1980 due
1259 1937 1334 1980 acre
1364 1925 1448 1980 terre
1557 1956 1558 1959 =

340 2019 428 2084 unde
443 2018 533 2084 uisus
548 2018 652 2082 fectus
668 2024 719 2082 est
733 2015 810 2080 dete
826 2016 960 2081 fuerunt
979 2017 1128 2083 eoclesie‘
1149 2018 1185 2083 in
1207 2020 1372 2085 esoembio
1393 2043 1450 2107 pro

341 2123 468 2188 duabus
482 2120 563 2186 acris
577 2120 650 2184 aliis
665 2142 745 2207 ques
760 2142 897 2206 persons
916 2121 1051 2186 ecclesie
1070 2122 1162 2188 dedit
1183 2125 1312 2212 Rogero
1333 2126 1366 2190 le
1388 2126 1451 2189 Bor

363 2248 398 2291 ro
443 2224 572 2290 redictis
593 2223 684 2289 acris.
728 2224 806 2288 Post
827 2223 922 2289 uenit
943 2225 1107 2292 Robertus
1128 2229 1237 2293 Pmel
1256 2252 1286 2293 w
1423 2230 1431 2242 ⁶

341 2248 491 2416 iiersdhu⁵
505 2327 593 2392 illius
607 2333 642 2391 et
657 2325 745 2412 cepit
758 2325 793 2390 in
808 2349 943 2392 manum
957 2351 1050 2393 suern
1067 2353 1178 2396 omnes
1192 2230 1448 2412 tedodecedlefdrihi

341 2432 428 2496 inter
450 2454 530 2517 quas
552 2428 654 2516 cepit⁶
679 2428 760 2494 duas
781 2451 879 2506 acres,
902 2437 937 2494 et
958 2431 1101 2496 reddidit
1121 2434 1248 2520 Rogero
1268 2457 1346 2500 sues
1367 2436 1447 2501 dnus

179 2554 309 2641 Nffilm,
343 2560 439 2603 acras
486 2537 530 2601 Et
550 2543 625 2621 post
646 2533 741 2599 uenit
764 2534 797 2598 N
799 2533 944 2600 icholaus
964 2535 1064 2602 freter
1076 2538 1214 2625 predicti
1228 2540 1402 2605 Benedicti
1414 2548 1449 2605 et

179 2612 312 2734 ffiffi
343 2641 477 2707 intrusit
491 2664 526 2707 se
540 2640 574 2705 in
590 2641 671 2706 dues
685 2662 774 2705 sorus
789 2662 871 2726 quas
890 2640 1037 2727 Rogems
1055 2641 1179 2718 habuit,
1194 2650 1229 2707 et
1243 2642 1382 2708 tradidit
1395 2666 1447 2709 ees

181 2742 324 2873 ffiffflst
343 2745 521 2810 Benedicto
543 2744 635 2809 fratri
657 2765 723 2821 suo,
744 2750 779 2808 et
801 2742 865 2830 ipsi
886 2742 951 2808 duo
972 2743 1218 2811 seminauerunt
1240 2769 1304 2823 ees,
1318 2756 1354 2813 et
1375 2756 1446 2834 post

180 2839 302 2921 gualli?
343 2848 436 2914 uenit
460 2847 657 2913 Benedictus
680 2856 715 2913 et
743 2847 925 2933 asportnnit
951 2856 1124 2914 uesturorn
1168 2850 1214 2914 Et
1242 2850 1321 2936 quic
1348 2852 1445 2917 nichil

181 2928 273 2969 ⁰⁰¹²'³'
343 2950 459 3017 habuit
482 2950 517 3015 in
540 2950 587 3015 eis
612 2949 675 3015 nisi
701 2972 759 3036 per
784 2949 1007 3030 intrusionem,
1028 2950 1267 3017 consideratum
1288 2955 1446 3040 estquod
1557 3021 1558 3036 p

343 3078 409 3122 non
433 3063 483 3120 est
508 3054 688 3119 disseisitus
712 3052 753 3119 de
775 3052 876 3119 libero
898 3062 1086 3119 tenemento
1108 3078 1174 3133 suo,
1196 3064 1231 3121 et
1252 3055 1326 3121 ideo
1348 3058 1445 3122 nichil
1557 3079 1558 3092 ³

344 3158 452 3245 capiet
480 3180 539 3245 per
566 3157 705 3221 assisam.
766 3156 811 3221 Et
839 3156 986 3243 Rogerus
1015 3167 1050 3222 et
1077 3158 1135 3222 alii
1162 3157 1240 3223 inde
1271 3160 1379 3245 quieti
1411 3170 1444 3225 et
1557 3143 1558 3216 s

344 3260 541 3327 Benedictus
562 3260 598 3323 in
619 3258 836 3323 misericordie
857 3281 915 3345 pro
937 3260 1016 3324 falso
1037 3260 1182 3326 clamore
1226 3262 1272 3325 Et
1286 3263 1446 3327 Robertus
1557 3281 1558 3292 ¹

345 3363 521 3429 Passelewc
536 3362 692 3427 concessit
706 3369 820 3447 postea
833 3359 919 3447 quod
933 3360 1048 3428 reddet
1061 3362 1239 3428 Benedicto
1249 3364 1446 3429 escambium

346 3488 450 3531 suum

411 3569 580 3635 'Salomon
594 3568 635 3634 de
651 3568 686 3633 S.
701 3567 873 3633 Edmundo
888 3590 946 3654 pro
961 3590 995 3633 se
1016 3576 1051 3633 et
1073 3569 1236 3635 Beatrieia
1257 3593 1358 3636 uxore
1379 3572 1447 3637 eius

346 3672 438 3738 cuius
467 3672 536 3737 loco
566 3678 626 3737 etc.
655 3670 790 3757 petunt⁹
821 3693 935 3737 uersus
964 3671 1096 3736 Oliuem
1125 3671 1227 3737 filiurn
1254 3674 1389 3741 Andree
1416 3686 1449 3741 et

348 3777 491 3853 Eleum,
507 3776 680 3863 Agathem
695 3774 901 3853 Mutillidem,
916 3775 1087 3842 Elisabeth
1101 3784 1136 3841 et
1154 3776 1309 3864 Egidinm
1330 3802 1450 3845 sorores

346 3880 448 3967 ipsius
468 3878 563 3945 Oliue
579 3878 795 3967 quedmginte
809 3900 898 3943 acras
912 3886 996 3943 terre
1011 3901 1086 3943 cum
1100 3889 1182 3966 pert.
1196 3880 1233 3945 in
1246 3882 1399 3949 Hechnm
1413 3896 1450 3949 ut

380 4096 389 4127 ¹
406 4095 436 4145 A.
448 4109 483 4146 m.
497 4094 559 4145 red.
954 4094 966 4125 ⁶
982 4094 1081 4158 Supply
1087 4097 1218 4157 predictus
1230 4097 1260 4146 A.

378 4160 534 4211 'Eutertus
556 4162 578 4211 le
600 4162 661 4211 Bor.
690 4160 815 4211 Waltenu
827 4160 869 4224 fit
954 4158 1025 4208 ⁷Br.
1037 4161 1056 4209 1.
1069 4160 1124 4218 160,
1138 4160 1195 4213 161.
1231 4161 1354 4213 Thelut
1368 4162 1449 4213 words

346 4226 530 4284 Bruuwinth.
923 4225 1367 4279 scemurelerenoetosomeother
1383 4243 1446 4279 cnse.

379 4291 390 4324 ⁸
407 4292 466 4341 Om.
480 4292 623 4351 Walterum,
636 4290 666 4343 Δ.
955 4289 967 4323 ⁸
981 4290 1013 4338 A.
1024 4303 1059 4338 m.
1072 4291 1111 4342 15.

380 4356 616 4407 *ΝοηαωοὶυΔ.
956 4354 1076 4412 ’flium

378 4422 389 4454 ⁶
406 4420 457 4480 Sic,
469 4422 502 4481 A;
520 4420 613 4485 supply
622 4422 730 4471 ecclesie.
