3167 5075
363 372 426 435 342
670 383 821 445 usuum,
842 382 908 431 nn.
932 368 1026 443 1220,
1048 381 1114 431 nn
1137 368 1165 430 4.

361 560 458 623 datus
473 566 523 623 est
538 556 585 622 eis
599 566 659 622 ete.
698 557 741 622 Et
756 557 924 623 sciendum
939 556 1025 643 quod
1040 556 1112 642 ipsa
1124 556 1277 642 produxit
1290 566 1441 623 warantum

361 686 456 728 suum
487 670 521 727 et
544 669 593 727 est
615 661 700 727 infra
722 669 845 726 etatem
867 669 903 727 et
923 659 1050 727 dictum
1072 668 1123 725 est
1144 659 1284 747 siquod
1304 669 1442 727 remaneat

362 765 588 959 ⁰W¹iR⁰gem
602 871 644 936 de
659 870 691 936 S.
708 868 856 935 Dionisio
870 876 905 934 et
921 868 1019 935 sam
1037 888 1120 933 uxor
1137 868 1209 933 eius
1227 868 1403 954 optulerunt
1418 889 1444 931 se

361 975 434 1062 iiij¹0
447 974 500 1040 die
520 997 633 1039 uersus
653 974 745 1039 Isaac
766 973 913 1039 Judeum
937 972 981 1038 de
1005 972 1153 1037 Norwioo
1177 972 1220 1037 de
1241 972 1358 1058 placito
1377 970 1444 1056 qnod

361 1084 583 1150 warentizanet
603 1085 650 1147 eis
673 1082 853 1147 manerium
876 1082 917 1147 de
938 1081 1125 1147 Huntewde
1144 1082 1291 1168 exeeptis
1311 1081 1361 1167 xij.
1373 1080 1445 1145 solid

361 1187 508 1254 redditus
538 1186 624 1275 quod
653 1186 790 1251 Matillis
818 1209 883 1272 que
912 1186 976 1250 fuit
1005 1208 1087 1251 uxor
1114 1186 1247 1251 Radulfi
1274 1186 1317 1251 de
1349 1184 1446 1250 Tiuilla

362 1292 496 1358 iunioris
515 1291 636 1357 clamat
656 1290 691 1355 in
704 1290 816 1356 dotem
831 1312 945 1356 uersus
959 1290 1089 1356 eosdem
1104 1291 1268 1378 Rogerum
1283 1300 1319 1356 et
1332 1290 1446 1364 suan

362 1404 397 1461 et
417 1396 504 1461 unde
524 1395 611 1461 idem
636 1396 784 1482 Rogems
803 1402 838 1460 et
859 1394 957 1461 Sam
969 1395 1196 1461 clamauerunt
1208 1396 1318 1481 ipsum
1331 1396 1447 1460 Isaaeet

362 1507 562 1565 uocauerunt
585 1499 627 1563 ad
651 1506 839 1563 warantum
885 1498 929 1562 Et
953 1498 1045 1563 Isaeo
1066 1520 1131 1563 non
1150 1499 1244 1563 uenit
1260 1508 1322 1565 ete
1336 1509 1367 1564 et
1379 1520 1447 1563 snm·

362 1601 499 1667 monieio
521 1601 595 1665 ete'.
642 1601 685 1665 Et
700 1600 779 1685 quia
793 1600 885 1665 Isaeo
899 1599 1027 1665 Judeus
1041 1610 1091 1666 est
1105 1610 1140 1667 et
1154 1624 1220 1666 non
1234 1601 1335 1669 habet
1350 1612 1447 1667 terram

362 1706 397 1770 in
413 1704 512 1783 feodo,
528 1727 586 1791 per
600 1704 769 1771 eonsilium
790 1704 879 1769 curie
899 1713 1089 1791 preceptum
1108 1714 1159 1771 est
1180 1706 1362 1773 uieeeomiti
1380 1702 1448 1792 qaod

363 1808 483 1875 habeat
497 1830 612 1893 eorpus
627 1808 697 1873 eius
711 1807 772 1873 tali
785 1808 840 1873 die
855 1809 932 1873 ete.²

231 1921 324 1991 1377,
426 1905 608 1973 ‘Johannes
638 1906 723 1972 filius
748 1906 905 1972 Willelmi
931 1908 1108 1974 essoniator
1136 1908 1288 1995 Hugonis
1317 1908 1450 1975 Graued'

253 2025 303 2065 ”ot
364 2011 484 2097 optulit
503 2033 537 2075 se
557 2010 629 2097 iiijto
643 2010 697 2075 die
711 2033 824 2075 uersus
844 2011 1025 2079 Hemioum
1039 2013 1081 2078 de
1096 2012 1285 2079 Glamuilla⁸
1297 2015 1339 2079 de
1351 2011 1452 2099 placito

247 2090 306 2129 ⁰⁰¹⁸
363 2116 450 2202 quod
473 2114 695 2180 warentizunet
717 2113 824 2180 eidem
846 2114 982 2202 Hugoni
1000 2139 1101 2183 unam
1120 2116 1232 2181 hidam
1245 2124 1332 2182 terre
1345 2115 1451 2181 etdim

364 2228 397 2285 et
426 2240 526 2285 unam
555 2217 717 2305 ungutam
741 2226 828 2283 terre
852 2240 929 2284 oum
951 2228 1032 2305 pert.
1054 2218 1091 2285 in
1116 2220 1259 2305 Hespele
1282 2218 1452 2286 attendam

363 2330 489 2407 partem
514 2320 610 2385 unius
640 2320 716 2385 hide
746 2328 832 2386 terre
861 2344 937 2387 eum
964 2330 1045 2408 pert
1071 2322 1106 2387 in
1135 2321 1232 2409 Heya
1256 2322 1293 2388 in
1315 2322 1452 2389 oomitatu
1523 2387 1524 2410 ἶ

363 2426 561 2502 Bedefordie,
578 2448 658 2511 quas
678 2426 840 2491 Henrieus
858 2426 901 2491 de
921 2427 955 2491 N
956 2427 1090 2492 affordia
1108 2436 1144 2493 et
1158 2427 1296 2498 Matillis
1308 2450 1385 2493 uxor
1396 2427 1453 2492 eins

363 2531 505 2612 clament
526 2540 565 2596 ut
585 2531 637 2596 ius
658 2529 760 2618 ipsius
781 2530 954 2598 Matillidis
975 2555 1088 2598 uersus
1109 2531 1217 2618 ipsum
1239 2532 1453 2621 Hugonemet

364 2636 450 2702 unde
479 2637 567 2702 idem
598 2638 698 2723 Hugo
727 2637 858 2702 uocauit
881 2636 989 2722 ipsum
1018 2637 1199 2702 Hemioum
1220 2638 1264 2703 ad
1294 2645 1455 2704 warantum

365 2761 476 2805 uersus
499 2763 559 2806 eos
605 2741 648 2806 Et
664 2740 826 2806 Henrieus
847 2763 913 2806 non
932 2740 1025 2806 uenit
1048 2749 1117 2820 ete„
1132 2749 1167 2807 et
1186 2741 1454 2808 summonieioeto
1524 2780 1526 2799 ι

366 2843 424 2909 Set
451 2843 529 2930 quia
553 2851 712 2908 testatum
735 2851 785 2908 est
811 2845 898 2929 quod
921 2844 1082 2910 Henrious
1108 2846 1149 2910 de
1175 2845 1348 2912 Olamuilla
1366 2844 1455 2912 estin

365 2947 500 3012 seruitio
515 2947 568 3013 dei
588 2947 623 3012 in
643 2957 730 3012 tenna
747 2957 861 3014 saneta
879 2947 1026 3034 ponitur²
1046 2949 1081 3015 in
1102 2959 1287 3036 respectum
1310 2973 1404 3036 usque
1421 2945 1456 3012 ad

366 3051 466 3116 talem
482 3051 566 3116 diem
573 3049 590 3116 ³.

235 3171 325 3234 1378,
430 3153 585 3219 ⁹Thomas
606 3153 647 3218 de
663 3153 837 3220 Walenn’¹⁰
856 3155 941 3241 petit
961 3177 1073 3222 uersus
1096 3157 1277 3222 Robertum
1297 3159 1337 3224 de
1355 3154 1457 3223 &05¹¹

250 3255 308 3293 Μ·
366 3257 452 3344 quod
476 3264 587 3322 teneat
611 3257 862 3323 conuentionem
886 3257 1047 3324 intereos
1069 3259 1189 3324 factam
1211 3261 1253 3326 de
1273 3261 1327 3347 xij.
1346 3258 1458 3324 libatis

366 3371 450 3428 terre
480 3384 553 3430 eum
582 3369 663 3447 pert.
690 3361 726 3426 in
755 3361 932 3438 Roehtona
958 3362 1044 3428 unde
1071 3361 1158 3426 idem
1187 3363 1328 3428 Thomas
1350 3362 1457 3449 profert

366 3475 487 3532 curtem
513 3465 615 3550 ipsius
642 3465 778 3530 Roberti
801 3488 865 3552 qne
889 3474 1031 3532 testatur
1053 3467 1139 3552 quod
1160 3467 1253 3532 dedit
1272 3470 1304 3533 ei
1323 3477 1458 3534 etucnm

366 3570 506 3636 notens
520 3570 589 3634 un
603 3591 662 3634 sua
676 3569 711 3634 in
729 3569 868 3635 uterum
887 3553 1097 3657 martenum
1116 3579 1221 3635 soum
1239 3580 1357 3637 emm
1377 3591 1459 3636 mm

366 3697 463 3761 quam
475 3672 590 3738 habuit
602 3672 637 3737 in
649 3673 823 3738 Ruohtona
836 3673 872 3738 in
885 3673 1054 3740 dominicis
1068 3683 1104 3739 et
1117 3673 1152 3738 in
1166 3673 1277 3739 liberis
1291 3674 1460 3740 hominibus

366 3787 400 3842 et
424 3778 458 3842 in
484 3776 665 3842 redditibus
689 3785 747 3842 ete
794 3778 838 3843 Et
861 3777 941 3844 dicit
964 3778 1052 3844 idem
1075 3777 1214 3842 Thomas
1238 3779 1325 3864 quod
1352 3786 1461 3843 tertam

365 3881 455 3946 illam
471 3881 502 3946 ei
516 3880 607 3945 dedit
622 3902 680 3967 pro
695 3879 748 3967 xij.
765 3881 892 3946 libratis
905 3890 991 3948 terre
1006 3890 1041 3947 et
1054 3881 1211 3948 deficiunt
1224 3881 1256 3947 ei
1270 3882 1334 3948 duo
1345 3881 1461 3947 solidat

399 4018 456 4068 1Δ.
468 4020 543 4078 ιιι.4;
559 4019 591 4069 B.
603 4019 704 4070 m2d.
977 4020 1195 4078 ‘Gmmdtnm
1214 4018 1378 4078 GmndinB.

399 4085 410 4117 ‘²
426 4085 494 4134 Here
505 4085 527 4134 B
539 4088 619 4148 steps.
977 4086 989 4118 ⁰
1007 4087 1164 4144 Ghonuilto,
1178 4087 1209 4146 Δ,
1222 4085 1254 4134 Β.

370 4151 415 4266 ssi
428 4149 894 4266 Tiiieffiessisioeiaiytimiiitii
976 4149 1453 4265 iffiprilifiiiiffidr’ii'cmnso

369 4247 531 4356 against'the
548 4295 640 4342 person
656 4297 672 4331 a
685 4283 752 4344 Cape
764 4231 893 4332 adpvoleu·
977 4281 988 4312 ⁰
1004 4281 1034 4330 Δ.
1049 4296 1084 4330 m.
1096 4283 1112 4330 4
1122 4279 1154 4339 ἀς
1170 4279 1201 4332 Β.
1215 4296 1251 4330 m.
1263 4283 1279 4330 θ
1289 4280 1314 4330 d.
1452 4250 1458 4264 ι

370 4349 431 4394 titum
443 4345 517 4406 being
528 4346 632 4394 useless.
978 4345 999 4376 ¹⁰
1017 4347 1130 4406 volema
1141 4345 1178 4406 Δς
1200 4348 1321 4404 Vatum,
1334 4343 1368 4396 B.

401 4411 411 4442 ⁴
428 4411 457 4458 A.
470 4425 504 4460 m.
519 4413 533 4459 4
546 4411 575 4470 d;
592 4411 623 4460 B.
635 4425 668 4462 m.
684 4413 707 4460 2.
977 4409 997 4442 ¹¹
1016 4412 1088 4469 Cret.
1101 4411 1131 4461 B.
