3167 5075
317 426 372 489 ²20
642 436 780 502 marna,
802 439 867 490 au.
891 426 985 505 1224,
1006 442 1072 491 aa
1094 429 1123 491 8.

329 630 388 675 neo
403 608 437 675 in
452 596 613 675 dominico
632 630 692 674 nec
712 608 748 672 in
766 608 911 685 seruicio,
925 610 1005 695 quia
1022 610 1188 697 predictus
1202 611 1368 677 Waltarua
1386 622 1438 677 est

329 716 426 781 homo
441 714 587 781 ciusdem
603 712 744 779 Abbatis
764 722 799 778 et
819 713 884 779 fuit
902 714 945 781 xl.
960 714 1055 779 annia
1077 714 1255 781 transactia
1299 716 1344 780 Et
1364 715 1439 781 ideo

329 818 494 883 Walterus
502 825 747 882 summoneatur
761 815 848 903 quod
863 816 907 882 ait
921 816 981 881 tali
993 816 1045 881 die
1057 825 1117 882 etc.
1129 817 1170 882 ad
1181 818 1438 905 cognoscendum

329 918 370 984 de
393 941 456 1006 quo
479 927 571 983 tenet
593 927 821 983 tenementum
842 940 939 983 auum
959 918 995 983 in
1016 918 1220 997 Garsintona,
1235 928 1270 984 et
1288 920 1440 985 similiter

328 1021 513 1087 Willelmus
541 1029 787 1087 summoneatur
812 1021 854 1086 ad
879 1022 1138 1108 cognoscendum
1161 1021 1190 1087 ai
1213 1022 1293 1109 quid
1317 1024 1439 1089 clamat

329 1125 364 1191 in
389 1126 535 1211 predicto
563 1124 656 1191 feodo
686 1125 740 1191 uel
770 1125 908 1191 seruicio
937 1135 996 1192 etc.
1042 1126 1138 1193 Idem
1163 1126 1233 1192 diae
1261 1126 1359 1193 datus
1386 1136 1438 1192 est

328 1228 483 1315 partibus„

392 1331 547 1399 ¹Matillis
574 1331 617 1397 de
646 1332 749 1397 Bosco
784 1331 872 1418 petit
908 1353 1023 1399 uersus
1051 1332 1237 1399 Johannam
1271 1334 1372 1399 filiam
1402 1341 1438 1398 et

232 1448 272 1477 ⁰·
328 1436 481 1503 heredem
510 1436 667 1502 Willclmi
695 1435 737 1502 de
766 1438 869 1503 Bosco
898 1460 996 1523 quam
1025 1437 1188 1503 Radulfua
1216 1437 1258 1503 de
1287 1438 1374 1525 Bray
1402 1446 1438 1502 et

201 2601 243 2650 11⁴1
252 2601 280 2651 a}

328 1540 435 1606 Alioia
454 1563 535 1606 uxor
557 1540 628 1605 eius
649 1547 852 1605 uocauerunt
871 1540 913 1606 ad
932 1550 1113 1607 warantum
1133 1541 1215 1606 duaa
1232 1564 1336 1607 caruc
1351 1548 1438 1605 terre

327 1670 402 1711 cum
433 1655 515 1733 pert.
545 1646 580 1711 in
610 1646 783 1731 Stymtona
808 1654 843 1711 et
871 1669 901 1711 x.
931 1646 985 1711 soi
1015 1646 1163 1711 redditus
1191 1668 1267 1711 cum
1294 1654 1377 1732 pert.
1403 1645 1438 1709 in

328 1750 598 1839 Raueningeham
624 1758 659 1816 et
684 1750 726 1816 xl.
753 1772 815 1817 acr.
840 1758 926 1815 terre
952 1773 1027 1816 cum
1052 1759 1136 1837 pert.
1162 1750 1197 1815 in
1222 1750 1373 1837 Trykeby
1396 1758 1438 1814 ut

327 1853 438 1919 dotem
452 1876 544 1919 suam
560 1862 620 1919 etc.
664 1853 709 1918 Et
724 1852 907 1918 Herbertua
922 1853 963 1919 de
977 1852 1149 1919 Alanton''
1164 1861 1272 1919 custos
1290 1853 1436 1919 eiusdem

326 1956 477 2022 «Iohanne
501 1978 565 2044 que
590 1956 674 2022 infra
699 1964 824 2022 etatem
848 1966 898 2021 eat
924 1956 1057 2023 uocauit
1081 1956 1158 2023 inde
1184 1956 1226 2023 ad
1254 1966 1436 2022 warantum

326 2060 507 2129 Robertum
528 2062 569 2127 de
592 2062 693 2127 Bosco
714 2061 773 2149 qui
793 2084 854 2147 per
874 2061 1163 2127 summonicionem
1183 2060 1277 2127 uenit
1299 2068 1334 2126 et
1356 2060 1437 2126 dicit

326 2164 414 2252 quod
432 2187 497 2230 non
514 2164 614 2230 debet
634 2164 666 2230 ei
686 2164 895 2229 warentizare
916 2164 995 2250 quia
1014 2163 1085 2250 ipae
1106 2171 1158 2228 eat
1178 2164 1266 2229 filius
1287 2172 1323 2228 et
1343 2162 1438 2229 heres

325 2265 463 2334 Roberti
478 2266 519 2332 de
534 2266 636 2331 Bosoo
650 2273 685 2331 et
700 2266 868 2351 predictus
882 2266 1043 2331 Radulfus
1061 2274 1096 2331 et
1110 2264 1217 2331 Alicia
1235 2274 1438 2331 uocauerunt

327 2368 432 2455 ipsam
446 2369 470 2434 J
470 2370 631 2433 ohannam
646 2369 688 2434 ad
703 2377 885 2434 warantum
900 2391 1014 2435 uersus
1033 2368 1170 2434 eandem
1185 2368 1383 2434 Matillidem
1397 2378 1437 2432 ut

328 2481 507 2540 warantum
535 2472 680 2538 eiusdem
706 2471 879 2538 Matillidis
904 2472 946 2538 de
970 2472 1049 2539 dote
1074 2495 1135 2538 aua
1159 2480 1194 2538 et
1218 2480 1258 2539 ut
1283 2470 1436 2538 heredem

327 2576 466 2664 predicti
499 2576 634 2642 Roberti
662 2577 766 2662 patria
796 2576 942 2641 eiusdem
971 2576 1108 2642 Roberti
1128 2574 1133 2664 Ι
1151 2599 1210 2663 per
1239 2599 1336 2663 quem
1365 2575 1437 2663 ipsa

327 2679 465 2745 Matillis
488 2680 607 2744 clamat
628 2679 808 2766 predictam
832 2679 942 2745 dotem
966 2687 1000 2744 et
1023 2678 1151 2745 desicut
1174 2679 1244 2766 ipae
1266 2688 1318 2745 eat
1342 2680 1436 2746 heres

327 2782 466 2870 predicti
491 2782 627 2848 Roberti
650 2783 752 2870 patria
775 2783 827 2848 sui
852 2790 887 2847 et
912 2783 983 2869 ipsa
1005 2783 1158 2848 Johanna
1180 2791 1297 2849 uocata
1318 2783 1435 2848 estad

328 2895 507 2952 warantum
529 2887 572 2953 ad
600 2887 746 2952 eiusdem
768 2887 905 2953 Roberti
934 2888 1220 2954 exheredacionem
1241 2888 1328 2974 petit
1349 2888 1433 2952 iudi-

326 2991 414 3056 cium
428 2991 457 3055 ai
470 2990 589 3056 debeat
603 2990 650 3056 eis
665 2990 880 3057 warantizare.

392 3095 437 3161 Et
451 3095 634 3160 Herbertus
649 3104 683 3160 et
698 3097 859 3162 Radulfus
873 3104 908 3162 et
922 3096 1031 3162 Alicia
1049 3118 1108 3182 per
1127 3103 1330 3162 attornatum
1349 3096 1434 3161 eiua-

326 3197 401 3262 dem
422 3197 526 3263 Alicio
546 3197 660 3262 dicunt
680 3199 766 3284 quod
785 3198 874 3264 idem
895 3200 1059 3265 Robertus
1079 3199 1179 3266 debet
1201 3208 1303 3266 terras
1326 3201 1433 3266 eidem

324 3301 476 3367 Johanne
491 3301 698 3367 warantizare
713 3301 792 3388 quia
805 3302 969 3368 Robertua
988 3303 1030 3368 de
1051 3304 1152 3368 Boaco
1173 3313 1269 3391 pater
1287 3304 1434 3370 eiusdem

325 3405 461 3472 Roberti
483 3428 594 3472 omnes
619 3416 722 3472 terras
743 3408 817 3473 illas
839 3407 932 3473 dedit
953 3408 1117 3474 Willelmo
1140 3409 1207 3475 filio
1232 3432 1291 3474 auo
1316 3409 1436 3496 primo-

323 3510 436 3598 genito
450 3510 521 3576 uiro
535 3510 680 3597 predicte
690 3511 796 3577 Alicio
807 3510 850 3577 ad
860 3511 1039 3578 dotandum
1050 3513 1126 3578 inde
1137 3513 1274 3578 eandem
1285 3513 1435 3592 Alioiam,

324 3623 359 3679 et
374 3614 541 3699 proferunt
555 3622 678 3679 cartam
693 3614 833 3701 predicti
846 3615 983 3680 Roberti
997 3617 1099 3702 patris
1113 3639 1177 3703 que
1192 3625 1333 3683 testatur
1347 3619 1436 3705 quod

324 3717 393 3804 ipse
419 3717 511 3784 dedit
534 3727 570 3784 et
596 3719 749 3784 liberauit
771 3718 936 3785 Willelmo
958 3719 999 3786 de
1021 3721 1124 3787 Boaoo
1145 3721 1213 3787 filio
1234 3743 1293 3786 suo
1314 3722 1435 3808 primo·

323 3820 435 3908 genito
450 3829 553 3885 totam
568 3820 748 3906 predictam
763 3828 883 3887 terram
898 3830 933 3888 et
947 3822 1112 3888 redditum
1131 3823 1173 3890 ad
1192 3847 1326 3890 uxorem
1340 3849 1434 3892 suam

324 3923 463 3988 Aliciam
485 3923 670 4001 dotandam,
692 3925 742 3990 ita
766 3925 855 4011 quod
883 3926 1022 4012 predicti
1051 3927 1235 3993 Willelmua
1263 3937 1300 3994 et
1328 3929 1438 3996 Alicia

324 4034 459 4092 teneant
473 4034 578 4092 totam
592 4035 711 4093 terram
726 4028 818 4094 illam
833 4029 875 4094 ad
890 4039 997 4096 totum
1013 4031 1190 4097 terminum
1204 4032 1275 4098 uite
1287 4033 1435 4099 eiusdem

323 4127 462 4194 Roberti
483 4137 555 4207 etc,
574 4136 610 4195 et
631 4129 675 4194 ai⁸
697 4131 862 4216 predictus
884 4132 1069 4199 Willelmus
1090 4134 1326 4222 primogenitus
1348 4137 1437 4204 filius

358 4263 465 4314 ¹Maud
487 4263 510 4314 ia
532 4263 622 4315 widow
643 4265 671 4314 oi
696 4264 793 4316 Bobert
820 4266 852 4318 da
903 4267 1192 4332 adaughterJohanna.
1210 4269 1436 4322 AftorWilliam'a

324 4329 409 4380 Boaoo
425 4329 470 4380 tha
485 4330 555 4381 elder
570 4330 628 4380 who
645 4331 699 4381 had
716 4335 765 4382 two
777 4347 849 4394 aona,
902 4333 990 4396 death,
1003 4335 1075 4385 Alica
1085 4335 1197 4386 married
1206 4335 1293 4399 Balph
1304 4336 1337 4387 da
1347 4337 1427 4399 Bray.

324 4394 441 4446 william
463 4395 517 4446 and
538 4394 634 4446 Robert
655 4395 699 4447 the
725 4412 851 4461 younger.
934 4399 1034 4451 'Gora
1049 4403 1169 4452 rancori

324 4461 440 4512 william
451 4460 563 4512 married
573 4460 653 4522 Alioe,
664 4462 718 4513 and
726 4463 786 4525 they
798 4462 851 4514 had
935 4462 946 4495 ³
963 4465 1089 4528 Compare
1101 4466 1146 4515 the
1156 4466 1205 4528 gift
1217 4466 1244 4516 in
1257 4465 1322 4515 Oeae
1332 4467 1390 4517 94⁸.
