3167 5075
325 400 387 465 loo
637 410 774 472 mm,
796 409 863 461 Μ).
888 396 982 472 122⁶,
1002 407 1066 461 en.
1089 395 1117 459 9.

386 582 430 648 Et
451 580 619 647 Johennes
640 580 720 647 dicit
742 580 830 668 quod
848 602 964 647 renero
982 579 1061 646 fecit
1075 579 1264 668 homagium
1278 558 1315 647 et
1328 580 1429 646 serui·

320 686 409 753 cium
424 686 571 773 pmdicto
585 686 723 751 Riesrdo
743 707 803 773 per
820 684 1026 751 uoluntatem
1047 694 1082 750 et
1101 707 1268 751 assensum
1290 685 1430 771 predicti

321 790 445 857 Thome
467 790 571 876 petris
593 790 740 857 eiusdem
762 790 899 856 Roberti
921 791 970 856 ite
988 790 1076 877 quod
1095 797 1190 877 poter
1203 789 1351 857 eiusdem
1365 791 1430 855 Ro·

322 894 408 961 berti
423 916 488 958 non
503 894 586 959 obiit
601 894 732 960 seisitus
745 893 786 959 de
802 894 939 961 seruicio
953 894 1017 960 illo.

387 998 430 1063 Et
445 997 559 1065 Simon
574 997 634 1062 hoe
649 997 806 1063 defendit.
851 998 895 1062 Et
910 997 988 1083 quie
1001 997 1116 1063 Simon
1135 1020 1201 1065 non
1214 1007 1324 1084 potest
1338 998 1429 1064 dedi·

320 1125 392 1170 cere
415 1112 537 1170 certem
560 1104 694 1181 Thome,
709 1126 768 1169 nec
788 1103 875 1191 quod
895 1104 982 1170 idem
1001 1104 1171 1171 Johennes
1183 1104 1232 1171 ita
1245 1112 1431 1171 stomacus

321 1217 407 1275 esset
429 1208 535 1274 eidem
558 1208 697 1275 Ricardo
718 1207 759 1273 de
782 1208 919 1275 seruioio
938 1231 1005 1286 suo,
1020 1209 1259 1275 consideratum
1278 1209 1431 1296 estquod

322 1312 484 1397 Mergeris
498 1312 704 1398 recuperauit
718 1311 759 1377 de
775 1320 863 1377 terre
876 1312 1022 1378 eiusdem
1041 1313 1178 1379 Roberti
1192 1314 1235 1378 cd
1248 1313 1431 1379 ualencism

321 1414 540 1502 predictarum
563 1412 736 1479 tercisrum
758 1413 904 1499 parcium
926 1436 1029 1500 usque
1048 1414 1091 1480 ed
1105 1422 1229 1481 etatem
1244 1416 1381 1481 Roberti
1394 1426 1431 1481 et

322 1542 397 1585 cum
412 1517 598 1605 peruenerit
611 1516 654 1583 ed
668 1524 792 1584 etotem
807 1516 966 1583 deliberet
981 1517 1012 1583 ei
1026 1525 1146 1583 terrem
1160 1518 1251 1585 illem
1265 1519 1294 1585 si
1308 1518 1431 1606 poterit

323 1631 357 1689 et
372 1623 553 1791 uiddleidiirs
575 1725 684 1791 Seunc
705 1725 850 1812 appellet
871 1724 1038 1791 Simonem
1062 1725 1214 1791 Oldierde
1236 1725 1324 1812 quod
1347 1726 1432 1791 sicut

223 1844 270 1874 ¹⁰¹²
324 1829 388 1895 fuit
416 1828 505 1915 apud
533 1828 642 1895 Henle
670 1828 706 1894 in
735 1828 831 1894 domo
857 1828 1032 1895 Gileberti¹
1062 1828 1227 1895 Godefridi
1256 1829 1291 1893 in
1316 1829 1433 1917 uigilia

324 1934 360 2001 S.
388 1933 529 2021 Agnetis
558 1932 599 1998 de
628 1941 723 1999 nocte
753 1932 848 1998 uenit
875 1932 963 1998 idem
994 1934 1107 2000 Simon
1136 1956 1210 1999 cum
1239 1934 1276 1998 ui
1304 1956 1365 2000 sus
1397 1943 1433 2000 et

323 2036 360 2101 in
384 2058 464 2123 poce
494 2034 588 2101 Dom.
612 2034 713 2121 Regis
738 2042 773 2101 et
802 2034 838 2100 in
866 2036 992 2101 assultu
1015 2035 1231 2122 premeditato
1251 2036 1434 2102 sssultauit

323 2163 400 2207 eum
418 2148 453 2206 et
473 2140 504 2205 ei
523 2139 601 2206 fecit
621 2161 720 2204 unam
742 2140 873 2227 plegem
894 2139 930 2206 in
951 2141 1058 2227 oepite
1080 2140 1220 2228 quodam
1242 2140 1433 2207 candelabro

323 2244 426 2309 ferreo
440 2242 490 2309 ite
503 2242 589 2330 quod
604 2242 823 2308 mehemietus
842 2248 902 2320 est',
916 2251 951 2308 et
970 2243 1006 2308 in
1025 2243 1152 2309 roheria
1171 2244 1203 2309 ei
1222 2244 1361 2310 abstulit
1379 2268 1432 2311 xx.

323 2368 455 2423 merces,
470 2352 504 2411 et
519 2345 605 2432 quod
626 2345 686 2410 hoc
704 2343 782 2409 fecit
803 2346 954 2431 nequiter
972 2353 1008 2411 et
1027 2346 1063 2412 in
1082 2347 1201 2412 felonia
1220 2348 1315 2413 offert
1333 2347 1435 2413 disre-

324 2450 451 2516 cionere
466 2470 578 2514 uersus
593 2436 669 2514 euin
683 2448 768 2515 siout
783 2450 873 2516 curia
887 2449 1138 2517 considerauerit
1156 2451 1242 2518 sicut
1262 2451 1360 2516 homo
1376 2451 1434 2539 qui

325 2554 541 2622 mahemiatus
556 2562 612 2619 est.

390 2661 434 2725 Et
449 2659 563 2726 Simon
577 2659 670 2724 uenit
684 2666 719 2724 et
733 2657 880 2724 defendit
899 2680 1012 2746 pacem
1034 2659 1127 2725 Dom
1143 2659 1244 2747 Regis
1263 2659 1434 2726 infractam

324 2773 359 2831 et
382 2764 534 2830 felonism
560 2772 595 2829 et
620 2763 750 2851 plegem
774 2771 810 2828 et
835 2763 994 2828 roberiem
1017 2772 1053 2829 et
1079 2772 1186 2829 totum
1210 2764 1251 2830 de
1276 2765 1377 2831 uerbo
1401 2765 1436 2830 in

324 2869 462 2936 uerbum
477 2875 513 2934 et
526 2868 587 2934 hoc
602 2868 696 2934 offert
717 2865 891 2934 defendere
910 2889 969 2953 per
988 2889 1104 2953 corpus
1122 2889 1218 2934 suum
1240 2868 1327 2934 sicut
1346 2869 1436 2934 curin

325 2971 584 3040 considereuerit

390 3078 555 3143 Walterus
569 3074 649 3141 dicit
664 3074 751 3162 quod
766 3075 983 3141 mehemietus
997 3084 1048 3141 est
1067 3084 1103 3141 et
1122 3075 1194 3142 uisa
1213 3084 1266 3142 est
1284 3077 1383 3164 plage
1400 3077 1436 3144 in

325 3181 433 3268 capite
456 3187 491 3246 et
513 3177 716 3266 recognitum
738 3189 788 3243 est
811 3178 898 3265 quod
919 3177 979 3244 hoe
1005 3186 1056 3244 est
1080 3179 1281 3246 mehemium
1306 3189 1342 3247 et
1364 3182 1436 3247 ideo

327 3287 455 3352 nullum
469 3285 555 3350 ieeet
569 3281 738 3348 duellum¹.

392 3392 436 3457 Et
451 3390 565 3457 Simon
579 3396 693 3476 postea
706 3387 800 3454 uenit
815 3396 850 3453 et
864 3387 958 3473 ponit
971 3410 1006 3452 se
1021 3410 1119 3474 super
1132 3389 1272 3474 petriam
1290 3397 1326 3454 et
1339 3411 1438 3475 super

327 3495 447 3560 milites
462 3501 497 3560 et
512 3493 592 3558 alios
612 3490 670 3578 qui
687 3512 753 3555 non
772 3498 851 3555 sunt
864 3490 906 3556 de
920 3489 1013 3556 feodo
1029 3490 1167 3556 Comitis
1181 3490 1384 3558 Gloueestrie
1402 3501 1436 3556 et

326 3599 399 3665 ideo
414 3621 470 3664 sex
485 3597 607 3662 milites
622 3603 657 3661 et
671 3595 728 3660 elii
742 3594 783 3660 de
798 3617 876 3659 corn
893 3594 995 3660 Oxon.
1011 3594 1069 3680 qui
1083 3617 1148 3659 non
1162 3602 1239 3660 sunt
1254 3602 1315 3661 etc
1331 3603 1367 3661 et
1380 3619 1436 3662 sex

327 3703 449 3769 milites
475 3711 510 3768 et
539 3701 596 3767 elii
625 3700 666 3765 de
692 3723 770 3766 com.
797 3699 899 3764 Buclc
926 3707 962 3764 et
986 3722 1043 3764 sex
1069 3706 1131 3764 etc.
1158 3698 1305 3765 decom
1332 3700 1436 3766 Bercs

327 3806 464 3871 uenient
478 3805 538 3870 tali
553 3804 606 3869 die
621 3811 681 3868 ete.
697 3811 731 3868 et
745 3801 879 3867 interim
895 3801 1008 3867 Simon
1022 3799 1231 3866 custodiatur.
1270 3802 1314 3867 Et
1325 3809 1439 3888 postes

328 3911 414 3975 secte
432 3915 483 3974 est
502 3904 672 3993 inquisicio
691 3927 799 3971 eorem
814 3903 858 3969 ni
873 3904 915 3971 de
930 3905 1134 3970 Pstteshulle
1148 3913 1183 3970 et
1197 3905 1270 3971 eliis
1284 3928 1349 3993 que
1363 3907 1439 3972 telis

328 4021 388 4091 est,
413 4011 500 4099 quod
525 4011 612 4077 idem
637 4010 802 4077 Walterus
826 4009 890 4075 fuit
913 4008 1109 4074 maleficiens
1134 4017 1169 4076 et
1195 4010 1304 4076 ebrius
1328 4011 1440 4098 sepius

329 4115 457 4193 cotidie,
468 4115 517 4181 ite
527 4113 614 4201 quod
629 4112 664 4178 in
679 4111 825 4198 predicta
838 4111 934 4178 domo
948 4111 1088 4197 quedam
1103 4111 1157 4178 die
1171 4135 1230 4200 per
1243 4113 1438 4180 ebrietatem

329 4221 435 4287 uoluit
454 4219 665 4287 concumbere
687 4239 761 4283 cum
781 4217 899 4282 ancilla
917 4216 1019 4303 ipsius
1039 4216 1207 4296 Gileberti,
1227 4217 1276 4282 ite
1294 4217 1382 4304 quod
1403 4219 1439 4284 in

328 4325 385 4392 illo
407 4327 491 4392 fecto
512 4321 672 4410 oppressit
693 4319 857 4407 quendem
876 4341 1012 4407 puerum
1033 4319 1083 4384 ite
1101 4317 1188 4405 quod
1208 4318 1291 4386 obiit
1310 4320 1346 4386 in
1365 4328 1439 4387 octo

556 4449 565 4485 ¹
584 4450 683 4516 supply
688 4451 754 4514 filii.
1012 4448 1022 4480 ²
1038 4449 1082 4499 Br.
1095 4449 1113 4498 i.
1126 4447 1209 4507 1441).
