3167 5075
373 407 438 474 662
603 399 832 470 rnunsnum’s
853 397 1008 468 mum
1029 413 1239 484 iomsmnn,

371 593 406 658 in
422 584 546 657 foresta
555 590 596 656 de
608 584 843 678 Langcatredc‚
853 608 954 675 quam
964 587 1056 654 tenet
1067 597 1102 653 et
1116 589 1158 655 de
1173 612 1212 656 eo
1223 598 1337 656 tenere
1351 590 1473 668 clamat,

372 706 407 763 et
435 693 522 762 unde
552 705 675 761 cartam
704 717 798 760 suam
827 694 928 759 habet
957 702 998 758 ut
1020 693 1109 771 dicit,
1134 694 1221 760 unde
1250 695 1340 759 idem
1369 695 1474 760 Abbaa

371 795 493 890 piofcrt
507 809 629 867 castam
644 822 736 865 suam
752 821 852 884 quam
871 797 948 863 inde
967 798 1076 877 habet,
1091 807 1127 864 et
1145 823 1210 886 que
1234 807 1381 864 testatur
1396 797 1475 884 quod

250 917 252 922 '
307 951 310 956 -
371 907 459 971 idem
481 905 665 970 Willelmus
687 911 723 968 et
745 903 881 968 hemdes
901 903 954 968 sui
976 904 1098 968 debent
1120 905 1329 970 warantizare
1352 905 1390 968 in
1409 924 1474 988 per·

370 1015 509 1095 petuum
524 1006 631 1072 eidem
646 1005 772 1070 Abbati
787 1013 822 1069 et
841 1003 1078 1070 successon'bus
1092 1007 1159 1071 suia
1173 1015 1343 1093 pasturam
1359 1005 1474 1090 ubique

369 1111 406 1175 in
429 1107 649 1195 Langestrede
679 1115 739 1173 otc
785 1105 912 1172 Piufert
935 1107 1039 1172 eciam
1061 1107 1184 1172 multas
1211 1116 1318 1173 cartas
1342 1116 1381 1172 et
1407 1129 1473 1172 con-

370 1213 571 1279 firmaciones
607 1213 668 1277 hoc
703 1211 792 1277 idem
829 1218 991 1277 testantes
1026 1219 1097 1288 etc,
1133 1210 1221 1276 unde
1250 1211 1342 1276 idem
1371 1211 1474 1275 Abbaa
1551 1240 1552 1265 ι

370 1315 519 1404 queritur
547 1315 635 1402 quod
658 1326 770 1381 contra
792 1324 898 1380 cartas
922 1313 996 1378 illas
1019 1322 1055 1380 et
1079 1323 1153 1400 post
1177 1325 1302 1380 cartam
1323 1338 1417 1380 suam
1436 1315 1472 1378 de

371 1417 637 1483 confirmamento
652 1415 730 1481 fecit
744 1415 834 1479 idem
848 1415 1035 1480 Willelmus
1044 1415 1209 1500 quandam
1224 1415 1422 1480 claustuxam
1434 1415 1472 1480 ad

370 1521 516 1608 spacium
530 1521 668 1585 duarum
685 1519 851 1584 leucarum
865 1541 925 1606 per
942 1519 1031 1605 quod
1051 1519 1194 1584 stolones
1213 1529 1248 1583 et
1267 1519 1348 1604 equi
1369 1541 1470 1584 comm

370 1647 435 1689 non
464 1633 600 1711 possunt
625 1623 738 1688 uenire
764 1623 808 1688 ad
830 1645 950 1709 aquam
976 1623 1035 1688 ubi
1056 1623 1213 1708 adaquari
1241 1623 1400 1699 solebant,
1419 1643 1472 1687 nec
1551 1610 1552 1635 ¹

370 1737 506 1816 possunt
532 1728 645 1794 uenire
669 1727 712 1792 ad
737 1727 840 1792 faldas
861 1749 937 1793 suas
958 1727 1023 1792 nisi
1044 1749 1163 1814 magna
1188 1749 1284 1814 pena,
1305 1749 1368 1813 per
1393 1725 1472 1812 quod
1551 1802 1552 1805 Γ

369 1833 585 1898 deterioratus
599 1840 650 1897 est
665 1840 726 1897 etc.

435 1937 480 2002 Et
499 1936 684 2002 Willclmua
705 1935 800 2001 uenit
822 1943 857 1999 et
879 1934 1043 2021 cognoscit
1064 1945 1188 2000 cadam
1207 1957 1303 2000 suam
1323 1943 1360 2000 et
1375 1942 1472 1999 cartas
1551 1946 1552 1987 1

369 2042 450 2108 alias
465 2051 499 2107 et
518 2042 602 2106 bene
623 2063 678 2106 eas
697 2039 894 2105 warentiaat.
940 2040 984 2104 Et
1006 2039 1154 2106 defendit
1174 2041 1244 2105 uim
1266 2049 1304 2106 et
1325 2039 1470 2106 iniuriam
1551 2034 1552 2065 ³

371 2157 405 2214 et
435 2147 708 2234 impedimentum
738 2153 773 2209 et
801 2145 982 2230 dampnum
1008 2153 1043 2208 et
1071 2152 1188 2223 totum,
1217 2154 1253 2210 et
1281 2145 1365 2210 dicit
1391 2143 1470 2230 quod
1551 2192 1552 2227 3

239 2258 302 2333 ΓΜ,
334 2267 342 2277 ·
371 2273 486 2315 reuera
499 2249 577 2315 fecit
590 2247 755 2333 quoddam
770 2245 917 2312 clausum
937 2270 966 2311 x.
986 2269 1142 2324 acrarum,
1157 2256 1208 2312 set
1229 2247 1314 2312 illud
1332 2249 1469 2312 clausum
1551 2286 1552 2305 ι

313 2341 437 2418 ¹¹⁸¹·uon
451 2353 558 2418 estad
578 2359 812 2416 nocumentum
831 2350 887 2415 ucl
906 2349 1404 2436 impedimentorum¹equarum
1422 2349 1469 2414 uel
1551 2398 1552 2405 ι

370 2458 532 2524 stolonum
558 2455 660 2543 ipsius
683 2452 824 2520 Abbatis
848 2454 928 2541 quin
950 2453 1034 2520 bene
1059 2455 1185 2543 possint
1213 2455 1316 2519 libere
1345 2463 1381 2520 et
1406 2455 1467 2518 sine
1551 2458 1552 2469 ³

369 2562 604 2649 impedimento
633 2561 681 2626 ire
709 2560 753 2625 ad
774 2581 894 2646 aquam
917 2568 952 2624 et
972 2558 1087 2637 redire,
1108 2568 1143 2625 et
1163 2560 1250 2646 petit
1270 2558 1467 2625 iudiciumsi

370 2664 471 2749 possit
485 2664 528 2729 ad
542 2663 713 2729 comodum
733 2684 830 2727 auum
849 2662 996 2728 clausum
1016 2664 1119 2727 facere
1141 2662 1178 2727 in
1197 2671 1334 2749 pastura
1351 2662 1413 2738 illa
1431 2684 1466 2725 ex

370 2790 434 2854 quo
463 2775 597 2854 pastura
621 2767 678 2833 illa
701 2766 782 2833 adeo
806 2767 897 2854 larga
921 2766 1081 2853 estquod
1106 2765 1194 2831 idem
1223 2766 1338 2833 Abbas
1359 2766 1465 2831 habac

370 2881 478 2960 potest
503 2895 708 2938 communam
732 2882 767 2937 et
790 2880 958 2959 pasturam
980 2872 1024 2937 ad
1044 2872 1275 2937 sufficienciam
1296 2874 1340 2938 ad
1366 2873 1464 2959 pluroe
1551 2871 1552 2942 ζ

206 2990 338 3077 „effi
338 2998 470 3077 fflequos
499 2998 596 3061 quam
626 2976 673 3042 ibi
699 2976 830 3055 habeat,
853 2984 889 3041 et
917 2976 1005 3061 quod
1033 2984 1107 3062 post
1135 2985 1260 3043 cartam
1288 3000 1379 3043 suam
1405 2998 1462 3040 non
1551 3009 1552 3066 Γ

207 3086 318 3171 Γ2121
370 3083 448 3149 fecit
462 3084 535 3169 plus
550 3082 696 3147 clausi'
664 3104 728 3147 mai
717 3081 905 3168 'pmdictas
919 3104 948 3146 ιι
964 3102 1053 3146 acras
1067 3081 1161 3168 ponit
1172 3104 1208 3146 se
1219 3105 1319 3169 super
1328 3082 1460 3169 pomam
1551 3149 1552 3156 ¹

207 3180 318 3268 ffllffi
295 3181 329 3219 ⁰⁰²
436 3188 480 3252 Et
495 3186 573 3274 quia
587 3187 772 3252 Willelmus
787 3186 951 3273 cognoscit
970 3193 1092 3250 cartam
1112 3208 1206 3251 suam
1225 3196 1261 3252 et
1274 3196 1377 3251 cantas
1389 3184 1461 3249 alias

206 3272 351 3405 illlam?
352 3293 430 3355 ssetc
465 3299 501 3357 et
529 3288 715 3354 continetur
743 3290 777 3354 in
809 3290 908 3355 cartis
941 3288 1028 3376 quod
1062 3288 1175 3355 Abbas
1203 3291 1325 3357 habeat
1352 3290 1459 3375 ubique
1551 3315 1552 3336 ι

219 3367 340 3452 itui⁸h=beri
326 3402 537 3499 utpastuiam
565 3393 600 3457 in
622 3394 742 3458 foresta
763 3392 829 3471 illa,
850 3392 1090 3458 consideratum
1111 3394 1271 3479 estquod
1292 3393 1459 3459 Willelmua

207 3422 356 3545 lllfflul
370 3522 435 3563 non
464 3507 572 3617 potest
598 3498 722 3584 aliquid
744 3498 942 3564 claudere
916 3520 987 3563 sine
1007 3519 1140 3563 assensu
1162 3498 1309 3574 Abbatis
1330 3508 1363 3563 et
1381 3494 1457 3582 quod

370 3603 545 3669 forestat
502 3610 545 3669 ait
560 3603 595 3668 in
610 3603 724 3669 eodem
739 3612 830 3669 statu
844 3604 880 3669 in
900 3626 965 3689 quo
985 3603 1049 3668 fuit
1068 3602 1167 3688 prius,
1182 3612 1218 3667 et
1239 3599 1435 3667 willelmus
1424 3621 1456 3663 ιιι
1551 3631 1552 3640 2

368 3706 593 3772 miaeiicordia
1551 3747 1552 3752 ι

206 3754 330 3892 Ῑέἶὸἓ
433 3811 546 3876 Assiaa
559 3811 652 3876 uenit
666 3810 873 3898 recognitura
886 3832 915 3874 s1
904 3808 1107 3875 'Gaufiidus
1123 3809 1211 3875 filius
1224 3809 1356 3875 Amauri
1367 3809 1455 3872 datar
1551 3811 1553 3834 ⁵

206 3898 329 4041 ffipdlm
368 3915 467 3980 Alani
481 3915 546 3979 fuit
560 3916 690 3981 scisitus
704 3916 739 3980 in
754 3916 915 3981 dominico
929 3939 988 3981 suo
1007 3924 1066 3981 etc
1083 3916 1124 3981 de
1139 3939 1206 3982 uno
1219 3917 1375 4004 mesuagio
1385 3936 1451 3979 cum

206 4040 270 4125 ιιιΓ
266 4043 318 4125 ιΙιιι
317 4028 449 4123 botpert.
466 4021 620 4085 attribue
635 4020 763 4085 bouatis
779 4030 864 4085 terre
884 4042 959 4084 cum
979 4030 1059 4107 pert
1076 4019 1111 4084 in
1131 4020 1305 4108 Fuletorpe
1323 4021 1371 4085 die
1388 4028 1450 4091 etc,

206 4085 357 4220 ‘gwlfflffi
370 4146 467 4210 quam
483 4136 613 4189 teriam.
623 4133 658 4188 et
680 4124 765 4211 quod
783 4125 988 4212 mesuagium
1007 4126 1170 4192 Robertus
1187 4128 1342 4193 Marmiun
1361 4132 1449 4191 tenet,
1551 4207 1553 4210 Ι

403 4320 412 4353 ¹
430 4320 477 4370 Sca
488 4318 532 4367 Br.
549 4318 566 4369 t
586 4320 642 4370 227.
678 4318 733 4368 Tha
746 4318 898 4371 allucionis
949 4323 1048 4383 Comen,
1062 4322 1101 4373 26.

371 4390 399 4434 ιο
416 4384 461 4433 the
478 4384 609 4446 chapter'
601 4399 630 4433 ιιι
653 4382 698 4433 tha
715 4384 820 4435 Statuta
835 4400 895 4434 con·
978 4386 989 4419 ¹
1005 4386 1075 4438 Gorr.
1086 4388 1296 4453 impedium

370 4449 475 4511 coming
486 4452 676 4511 approvemont
713 4448 797 4499 Thia
786 4466 812 4500 ia
825 4450 893 4500 Fitz.
