3167 5075
364 396 428 459 210
580 405 698 461 contu
720 406 820 470 snos
843 407 909 457 nn.
932 393 1092 471 1236-7,
1113 410 1177 459 nn
1200 397 1251 461 21.

363 591 512 648 mentum
538 582 620 648 illud
646 591 681 649 et
705 584 812 648 solum
839 606 904 647 non
934 584 1080 670 pertinet
1107 584 1151 649 sd
1180 583 1342 649 Sekehole
1374 584 1473 649 immo

363 686 507 773 pertinet
532 685 574 751 nd
600 688 781 752 Oustonem
807 694 842 751 et
867 687 937 774 ipse
962 688 1088 753 nullom
1117 710 1323 753 communem
1353 689 1473 754 habene

364 790 462 855 debet
482 790 545 855 nisi
564 789 605 855 de
625 813 684 855 suo
703 789 830 855 dederit
850 798 885 855 et
899 814 964 855 non
979 792 1179 877 pertinetad
1195 792 1358 857 Sekehale
1373 792 1473 857 immo

363 893 405 957 ad
432 893 612 958 Oustonam
636 901 671 958 et
694 914 822 977 semper
848 901 957 978 potest
986 915 1100 979 onpere
1130 893 1242 959 suerio
1270 894 1404 959 illorum
1434 894 1472 959 de

364 997 524 1065 Sekehnle
538 997 623 1062 siout
638 1006 673 1063 et
687 996 825 1061 aliorum
843 1006 904 1063 eto.

429 1102 473 1165 Et
493 1102 632 1167 Thomas
652 1100 747 1165 uenit
766 1109 802 1164 et
821 1100 902 1165 dicit
921 1100 1008 1187 quod
1029 1125 1119 1167 mora
1139 1102 1197 1167 illa
1217 1103 1402 1168 eommunis
1424 1111 1473 1168 est

363 1204 450 1270 inter
469 1206 564 1271 uillae
583 1205 655 1270 illas
675 1213 710 1269 et
729 1204 877 1269 homines
896 1205 1025 1270 illarum
1043 1206 1196 1271 uillarum
1210 1206 1320 1271 fodere
1335 1216 1472 1293 possunt

363 1317 398 1374 et
418 1332 622 1376 communem
643 1308 761 1374 habere
782 1308 816 1373 in
837 1308 972 1374 marisco
986 1309 1043 1374 illo
1057 1318 1092 1375 et
1106 1332 1233 1396 semper
1247 1309 1368 1375 habuit
1381 1311 1471 1375 seisi-

362 1434 439 1478 nem
468 1436 560 1478 sunm
589 1412 691 1477 donee
720 1412 783 1497 ipsi
812 1434 889 1477 eum
918 1412 994 1479 inde
1023 1414 1271 1480 disseisiuerunt
1296 1422 1332 1488 et
1358 1415 1470 1479 turbas

363 1525 620 1603 asporteuerunt.

427 1620 595 1687 Juratores
614 1620 728 1685 dieunt
748 1619 835 1706 quod
855 1642 945 1686 mora
963 1620 1021 1686 illa
1039 1622 1150 1707 amplo
1168 1629 1219 1686 est
1238 1629 1273 1686 et
1294 1643 1418 1708 magna
1439 1630 1470 1685 et

362 1725 512 1791 nesciunt
532 1727 657 1812 aliquas
678 1725 800 1790 diuisas
820 1734 981 1811 quantum
1001 1726 1146 1811 pertinet
1166 1726 1210 1790 ad
1230 1748 1332 1790 unam
1355 1726 1469 1789 uillam
1547 1747 1548 1810 j

363 1838 523 1915 quantum
545 1829 587 1895 nd
609 1829 716 1907 aliam,
738 1837 788 1893 set
810 1828 977 1914 predictus
998 1828 1161 1893 Robertus
1182 1828 1284 1893 habet
1306 1828 1471 1914 quoddam

362 1933 541 1999 dominium
555 1934 591 1999 in
606 1955 695 1997 mora
709 1932 767 1997 illa
780 1932 867 2018 quod
881 1954 978 1997 nemo
991 1940 1100 2018 potest
1115 1932 1224 1997 fodere
1244 1932 1281 1997 in
1299 1954 1393 1997 mom
1414 1932 1470 1996 illu

361 2047 539 2125 antequam
563 2038 653 2104 idem
674 2037 838 2103 Robertus
860 2037 980 2102 hubent
1001 2036 1141 2123 planiam
1162 2058 1256 2131 suam
1277 2058 1339 2101 neo
1361 2045 1470 2123 potest
1547 2033 1548 2100 ἐ

361 2144 478 2230 uliquis
499 2144 573 2229 plus
592 2165 706 2229 capere
726 2142 766 2206 nd
787 2141 901 2207 uillam
921 2164 1013 2206 sunm
1036 2163 1135 2227 quum
1157 2149 1318 2227 quantum
1341 2163 1470 2207 neeesse
1547 2195 1548 2212 2

361 2249 470 2326 hebet,
485 2257 519 2313 et
539 2248 627 2312 idem
648 2246 811 2311 Robertus
830 2245 918 2331 oepit
937 2244 1077 2331 plocium
1096 2266 1190 2310 suam
1209 2244 1253 2309 ad
1273 2266 1357 2331 opus
1372 2268 1471 2310 suum

361 2361 397 2419 et
418 2376 500 2439 opus
522 2354 690 2418 hominum
712 2374 845 2416 suorum
867 2358 1028 2436 quantum
1057 2370 1186 2413 neeesse
1215 2348 1415 2428 habuerunt,
1436 2359 1469 2414 et
1547 2435 1548 2438 Ἴ

360 2457 512 2522 similiter
540 2457 680 2522 Thomas
709 2456 751 2519 ad
780 2476 862 2542 opus
891 2476 987 2519 suum
1012 2461 1048 2517 et
1072 2453 1242 2518 hominum
1266 2476 1413 2532 suorum,
1437 2464 1472 2520 et

361 2562 500 2649 quilibet
515 2561 659 2626 seruabit
674 2560 812 2647 planiam
827 2582 919 2624 suem
934 2567 969 2624 ot
984 2567 1127 2645 apponet
1141 2559 1322 2625 seruientes
1337 2583 1415 2626 suos
1428 2583 1470 2625 ne
1547 2620 1548 2623 ,

359 2665 432 2751 quis
452 2665 554 2729 fodiat
573 2664 609 2730 in
628 2663 733 2750 plaoie
752 2685 818 2728 suu
864 2661 976 2727 Habet
996 2663 1098 2727 eoiom
1118 2662 1285 2748 predictus
1304 2664 1471 2729 Robertus

360 2768 427 2833 tale
446 2768 627 2833 dominium
647 2767 735 2831 ultra
754 2767 835 2832 alios
854 2767 941 2853 quod
962 2766 1032 2852 ipse
1054 2766 1153 2830 debet
1175 2788 1245 2831 esse
1266 2769 1416 2853 superior
1436 2776 1471 2832 et

360 2895 425 2936 non
439 2872 629 2959 permittere
645 2871 731 2957 quod
746 2871 865 2957 aliquis
880 2894 989 2936 eorum
1006 2871 1102 2935 alteri
1115 2870 1291 2936 iniurietur
1310 2872 1346 2937 in
1365 2872 1473 2959 plnoin

360 2995 427 3039 sue.
472 2975 516 3039 Et
535 2995 649 3039 reuera
668 2973 737 3059 ipse
760 2973 900 3038 Thomas
922 2971 1004 3037 fodit
1025 2971 1061 3037 in
1080 2971 1186 3058 plenia
1207 2971 1310 3058 ipsius
1333 2973 1471 3038 Roberti

360 3101 459 3165 quam
489 3078 576 3164 oepit
605 3077 647 3142 sd
676 3099 757 3164 opus
786 3099 883 3143 suum
912 3086 947 3142 et
976 3076 1145 3141 hominum
1169 3098 1311 3153 suorum,
1335 3086 1471 3142 etcum

360 3181 576 3246 eommonitus
590 3180 632 3244 ab
647 3180 760 3245 eodem
775 3181 919 3246 Roberto
933 3180 994 3256 hoc
1011 3179 1184 3245 emendare
1203 3180 1362 3246 noluisset
1380 3181 1472 3267 oepit

360 3281 526 3348 besohiam
545 3305 638 3348 suam
658 3291 692 3346 et
712 3281 865 3348 turbam¹.
911 3283 955 3347 Et
974 3282 1048 3348 ideo
1062 3281 1302 3348 consideratum
1317 3284 1472 3370 estquod

361 3387 523 3451 Robertus
552 3409 617 3451 non
646 3386 823 3452 disseisiuit
856 3387 964 3473 ipsum
993 3386 1162 3463 Thomnm,
1191 3396 1227 3452 et
1259 3387 1401 3453 Thomas
1434 3388 1472 3454 in

361 3490 579 3556 misericordia
600 3499 661 3556 eto.

229 3607 321 3672 1195,
425 3594 537 3660 Assisu
572 3593 665 3658 uenit
700 3592 906 3679 recognitum
936 3591 965 3657 si
995 3591 1183 3678 Stephanus
1211 3591 1253 3657 de
1283 3593 1473 3680 Pulretorpe
1513 3660 1517 3664 Α

359 3697 480 3763 iniuste
500 3705 559 3762 oto.
576 3696 753 3762 disseisiuit
766 3697 951 3761 Wolterum
971 3696 1078 3762 Toohe
1096 3696 1138 3761 de
1158 3696 1261 3761 libero
1279 3705 1473 3762 tenemento

358 3823 417 3868 suo
432 3801 466 3866 in
482 3799 682 3886 Puketorpe'
695 3807 769 3886 post
784 3799 923 3884 primum
938 3799 1179 3865 coronacionem
1195 3807 1255 3865 eto

424 3905 468 3968 Et
480 3904 667 3990 Stephanus
679 3903 772 3968 uenit
783 3910 819 3968 et
829 3904 910 3969 dioit
921 3904 1007 3990 quod
1018 3927 1083 3969 non
1094 3903 1272 3969 disseisiuit
1283 3904 1472 3992 predictum

357 4007 540 4074 Wolterum
570 4008 647 4094 quin
676 4029 790 4073 reuera
818 4008 993 4094 aliquando
1024 4008 1247 4094 implaciteuit
1283 4007 1474 4095 predictum

358 4111 540 4178 Walterum
570 4113 666 4177 simul
696 4134 771 4177 oum
801 4112 874 4176 aliis
903 4112 944 4178 de
973 4112 1120 4200 predicto
1153 4121 1342 4178 tenemento
1377 4113 1474 4177 unde

357 4215 505 4302 queritur
518 4215 553 4280 in
568 4217 734 4293 comitatu,
749 4224 784 4282 et
798 4215 846 4282 ibi
860 4217 938 4282 feeit
953 4214 1118 4303 predictus
1128 4216 1297 4290 Wolterus
1311 4216 1475 4284 defaltum

389 4371 398 4404 ¹
416 4373 466 4423 His
487 4373 566 4437 spndo
588 4373 641 4436 (ur.
663 4374 745 4438 ὺόιὴε)
768 4375 821 4425 and
842 4373 885 4424 his
967 4374 979 4407 ¹
995 4375 1156 4438 Pookthorpe
1166 4375 1195 4425 in
1205 4375 1325 4426 Norfollo

355 4441 415 4502 pent
426 4439 479 4500 (Fr.
493 4441 595 4500 tourbe).
