3167 5075
391 358 454 421 352
697 368 848 432 mamm,
870 370 934 419 ro.
960 357 1053 431 1220,
1075 369 1138 419 ca
1162 358 1192 419 4.

390 542 573 627 producunt
592 549 715 607 sectam
735 551 806 621 etc,
825 543 875 609 ita
893 543 980 630 quod
999 543 1028 607 ei
1042 542 1224 607 manerium
1238 541 1319 607 illud
1332 541 1459 605 sufficeret

390 646 432 711 ad
447 646 581 711 terciam
595 655 723 733 partem
737 647 843 712 tocius
857 655 943 712 terre
957 655 1028 724 etc,
1042 646 1093 711 ein
1106 654 1228 723 autem,
1242 646 1275 710 ei
1288 645 1459 731 perficeretur

390 757 459 827 etc,
474 757 508 815 et
523 750 599 815 inde
613 750 796 835 producunt
810 758 941 827 sectam,
952 749 1074 815 scilicet
1085 749 1167 815 talea
1178 757 1239 814 etc
1277 749 1320 813 Et
1329 748 1460 814 Johmrc

388 852 482 917 uenit
496 859 530 917 et
545 851 691 919 defendo
707 851 794 937 quod
808 874 873 916 non
888 852 952 917 ruo
966 852 1015 918 ia
1029 852 1143 917 <roae
1157 850 1460 938 quaroaamre

388 955 489 1021 tercia
502 962 596 1041 parte
611 954 715 1019 tocius
730 962 816 1019 terre
835 963 905 1032 etc,
919 962 954 1019 et
974 964 1123 1041 preterea
1141 954 1323 1019 manerium
1341 953 1411 1017 illud
1425 960 1460 1015 cst

388 1059 493 1146 capud
516 1059 647 1124 baronio
671 1058 758 1123 unde
781 1059 868 1146 petit
890 1059 1050 1124 iudicium
1067 1060 1096 1124 si
1114 1060 1225 1146 potuit
1247 1060 1296 1125 ita
1312 1056 1423 1133 dotari,
1436 1066 1461 1119 et

388 1152 474 1248 qaod
488 1185 553 1227 non
567 1163 630 1227 fuit
644 1162 694 1227 ita
707 1163 822 1227 dotata
835 1163 982 1228 defendit
996 1171 1110 1229 contra
1123 1186 1178 1229 eoo
1192 1172 1228 1229 et
1242 1171 1353 1229 contra
1367 1170 1461 1227 sectam

388 1287 479 1330 suam
495 1288 593 1352 quam
608 1264 684 1330 inde
698 1265 882 1351 producunt
896 1274 955 1330 etc

454 1368 499 1433 Et
527 1367 590 1454 ipsi
619 1367 733 1432 dicunt
762 1367 850 1454 quod
878 1368 1061 1433 manerium
1089 1367 1172 1432 illud
1206 1390 1272 1433 non
1306 1375 1354 1433 est
1382 1363 1462 1451 capud

388 1474 527 1551 baronio,
542 1473 642 1539 immo
657 1481 706 1538 est
721 1472 902 1537 manerium
917 1472 958 1537 de
974 1473 1060 1538 Albo
1075 1472 1292 1538 Monasterio.'

453 1577 533 1643 Dies
554 1578 652 1642 datus
672 1584 722 1642 est
742 1585 813 1656 etc,
827 1576 870 1641 ad
884 1576 1078 1663 producend’
1092 1586 1215 1643 sectam
1229 1599 1323 1641 suam
1335 1583 1390 1640 etc.
1423 1570 1462 1635 Ad
1522 1597 1523 1676 p

389 1702 486 1766 quem
515 1681 603 1746 diem
631 1690 795 1747 uenerunt
831 1688 866 1746 et
894 1680 1079 1747 Willelmus
1111 1688 1146 1745 et
1179 1681 1284 1745 Maria
1315 1678 1464 1766 producunt
1522 1681 1523 1775 ζ

388 1792 509 1849 sectam
532 1784 745 1849 sufficientem
769 1784 893 1850 scilicet
917 1785 1001 1850 tales
1023 1793 1058 1850 et
1083 1783 1182 1850 tales⁸
1208 1792 1277 1862 ete,
1303 1783 1358 1871 qui
1379 1800 1463 1846 omne
1522 1782 1523 1858 i

388 1888 502 1953 dicunt
535 1889 621 1975 quod
655 1888 760 1953 Maria
794 1888 988 1953 nominatim
1021 1888 1085 1953 fuit
1119 1888 1233 1953 dotata
1264 1886 1305 1953 de
1336 1894 1413 1951 terra
1435 1882 1465 1946 dc
1522 1871 1523 1944 i

388 1992 560 2069 Meleham,
575 1992 604 2057 ei
617 1992 778 2057 sufficeret
792 1991 835 2056 ad
849 1992 985 2057 terciam
998 2000 1135 2077 partem,
1154 1991 1183 2056 si
1202 2013 1269 2055 non
1287 1990 1466 2077 perficerem

388 2098 420 2163 ei
434 2098 520 2177 alibi,
535 2106 570 2163 et
584 2098 648 2163 fuit
662 2098 857 2184 desponsata
869 2097 911 2162 ad
922 2096 1097 2183 quamdam
1108 2096 1275 2161 eccleciam
1287 2096 1319 2161 S.
1331 2088 1466 2160 Dumtffli
1522 2079 1523 2172 i

389 2210 482 2267 extra
503 2201 721 2267 Cantuariam
767 2201 812 2266 Et
833 2200 911 2287 quia
932 2200 1004 2285 ipsa
1024 2199 1175 2286 producit
1197 2208 1320 2265 sectam
1334 2193 1464 2264 sufficicn-

389 2314 457 2370 tem
487 2312 547 2370 etc.
578 2313 613 2369 et
641 2304 808 2369 Johannes
837 2304 960 2369 nullam
990 2311 1112 2369 sectam
1149 2303 1281 2369 habuit⁴
1314 2325 1373 2368 nec
1400 2296 1466 2385 quod

389 2410 569 2476 manerium
592 2410 674 2475 illud
697 2410 776 2475 fuir
799 2408 904 2495 capud
928 2408 1068 2487 baronio,
1092 2408 1329 2474 consideratum
1343 2398 1467 2490 estquod

389 2515 461 2601 ipsa
474 2521 586 2580 teneat
600 2513 635 2579 in
649 2537 728 2600 pace
743 2521 803 2580 etc
819 2521 855 2579 ct
868 2512 1035 2579 «Iohannes
1049 2512 1085 2578 in
1098 2512 1322 2580 misericordia

454 2618 581 2684 ⁸Aadsa
598 2619 693 2684 uenit
713 2618 920 2705 recognitum
941 2618 1015 2704 quis
1037 2617 1216 2684 aduocatos
1238 2627 1379 2706 tempore
1399 2611 1468 2701 pacit

272 2739 287 2767 ¹¹
389 2721 592 2808 presentauit
613 2720 764 2786 ultimam
786 2743 957 2807 personam
979 2744 1043 2808 que
1065 2729 1194 2787 mortua
1215 2731 1266 2787 est
1282 2723 1324 2788 ad
1337 2718 1467 2806 capellam

389 2827 431 2891 de
454 2824 677 2902 Edenewrthe,
693 2846 756 2911 que
777 2831 874 2888 uacat
893 2831 964 2902 etc,
979 2825 1072 2890 cuius
1087 2824 1336 2891 aduocacionem
1350 2822 1427 2888 Elias
1437 2816 1470 2881 de

390 2930 483 2994 Bello
499 2928 622 3015 Campo
637 2928 755 2994 clamat
769 2949 884 2993 uersus
900 2927 1066 2994 Abbotem
1086 2928 1254 2994 Glaetonie
1269 2937 1304 2994 et
1318 2925 1468 2994 Ricardum
1520 2954 1521 2969 2

391 3033 431 3099 de
447 3034 588 3099 Breaute
603 3041 663 3098 etc.

457 3140 501 3202 Et
515 3137 578 3224 ipsi
592 3159 657 3202 non
670 3144 834 3202 uenerunt
849 3145 909 3202 etc
925 3144 960 3201 et
974 3136 1025 3202 bis
1039 3137 1187 3202 fecerunt
1201 3137 1356 3202 defaltam
1369 3143 1400 3198 et
1412 3130 1469 3196 ideo

391 3242 628 3308 consideratum
658 3249 709 3306 est
737 3241 825 3328 quod
850 3241 951 3306 accisa
978 3242 1126 3328 capiatur
1153 3265 1213 3329 per
1238 3237 1409 3315 defaltam',
1431 3244 1470 3298 eet

391 3348 524 3435 ponitur
537 3347 572 3411 in
587 3354 770 3432 respectum
784 3368 843 3432 pro
857 3345 987 3411 defectu
1008 3347 1257 3433 recognitorum,
1271 3345 1348 3432 quia
1361 3347 1470 3408 tantum
1519 3322 1520 3401 i

391 3452 456 3517 duo
470 3459 632 3518 uenerunt
647 3459 706 3517 etc.
722 3459 757 3516 et
776 3451 834 3515 alii
853 3450 1027 3516 attachiati
1046 3451 1180 3516 fuerunt
1197 3458 1258 3516 etc
1273 3456 1308 3515 et
1321 3447 1391 3512 ideo
1404 3443 1472 3507 uice

392 3578 497 3621 comes
511 3556 630 3622 habeat
645 3577 776 3642 corpora
790 3577 902 3620 eorum
916 3562 953 3620 et
966 3562 1234 3620 summoueantur
1248 3551 1348 3640 plegii
1361 3557 1416 3614 etc
1432 3545 1438 3632 Ι
1519 3544 1520 3613 i

455 3659 588 3726 ‘Jurata
610 3661 704 3726 uenit
728 3661 935 3749 recognitum
959 3683 1000 3725 ex
1026 3681 1182 3725 consensu
1205 3659 1348 3745 parcium
1371 3675 1424 3741 per
1440 3651 1473 3712 i1·
1518 3682 1519 3687 ¹

391 3763 606 3850 recognitores
629 3763 657 3828 ei
680 3762 882 3850 Reginaldus
904 3761 1040 3827 Burdun
1062 3762 1149 3827 filius
1170 3759 1335 3826 Durandi⁹
1356 3753 1473 3823 Burdun

392 3866 553 3954 quondam
579 3867 631 3931 uir
655 3865 840 3932 Alexandro
866 3865 920 3932 die
945 3888 1009 3953 quo
1035 3887 1107 3931 eam
1133 3864 1341 3952 desponsauit
1364 3855 1473 3926 dotauit

392 3993 463 4036 eam
488 3993 545 4057 per
567 3993 732 4036 mensum
757 3980 792 4037 et
815 3971 1022 4036 uoluntatem
1044 3969 1183 4057 predicti
1205 3959 1476 4052 Dumndiwpatris
1517 4026 1518 4033 ,

424 4142 576 4194 metae.
1000 4137 1305 4199 ‘mannito

1000 4207 1277 4322 :re-etr

424 4337 621 4390 ΒΒ
999 4285 1283 4396 ΒΜΜ

424 4403 435 4434 ⁵
450 4405 494 4452 sit.
505 4402 534 4451 Δ.
999 4400 1021 4434 ¹⁰
1037 4402 1190 4459 cantaras,
1202 4401 1232 4458 Δ,
1242 4399 1273 4449 Β.
