3167 5075
384 375 449 439 300
790 386 1081 436 mscrnnssnous

383 569 433 626 est
455 583 558 625 sunus
578 560 734 625 naturalis
754 566 788 623 et
808 558 993 637 artificialis,
1013 568 1047 624 et
1067 568 1120 646 est
1139 558 1209 625 dies
1228 555 1338 624 solaris
1355 567 1387 624 et
1406 559 1459 625 dies

383 666 504 731 lunaris
530 674 564 732 et
588 690 628 731 ex
655 665 717 730 hiis
742 665 869 730 duobus
891 665 1006 730 diebus
1027 665 1066 729 fit
1088 686 1173 729 unus
1195 665 1265 729 dies
1286 665 1459 730 artificialid.

383 770 469 836 Item
486 779 535 835 est
550 792 653 835 annus
667 769 827 834 bisextilis
841 777 877 833 et
895 792 962 833 non
976 768 1141 833 bisextilis
1187 769 1244 834 Fit
1258 778 1366 834 autem
1378 791 1461 833 annus

383 899 423 941 cx
454 876 619 941 mensibus
649 875 712 961 xij..
742 874 823 940 item
853 874 972 939 mensis
1001 896 1040 938 cx
1075 873 1266 960 septimanis
1293 874 1357 960 riij.,
1382 872 1460 958 septi·

382 1084 502 1149 mentis
685 1082 697 1116 ⁸
721 1091 888 1147 momenta
912 1104 952 1147 ex
975 1082 1115 1168 punctis,
1136 1090 1279 1168 punctus
1300 1104 1339 1144 ex
1359 1077 1460 1145 atomis

383 1186 608 1273 Computende
634 1194 711 1251 sunt
736 1186 840 1272 igitur
861 1184 962 1272 xxiiij.
992 1185 1069 1250 hore
1098 1208 1138 1249 ex
1167 1184 1388 1250 coniunctione
1412 1182 1462 1246 dici
1523 1231 1527 1244 .

382 1290 493 1355 solaris
513 1298 547 1354 et
567 1290 688 1354 lunaris
708 1290 749 1355 ab
769 1311 885 1354 aurore
904 1311 1007 1374 usque
1027 1290 1069 1353 ed
1088 1289 1186 1353 aliem
1205 1311 1353 1353 euroram
1371 1310 1408 1353 ex
1422 1286 1463 1351 dic
1524 1269 1527 1300 ²

383 1392 478 1457 soleri
496 1392 690 1478 precedente
711 1399 805 1456 etex
826 1391 879 1456 die
902 1392 1008 1456 lunari
1030 1390 1274 1477 subsequente⁴,
1296 1399 1330 1455 et
1351 1389 1417 1455 inde
1434 1389 1463 1451 tt
1523 1421 1528 1478 ;

383 1495 452 1559 dies
466 1494 648 1559 artificialis.
695 1494 739 1559 Et
753 1494 792 1559 fit
807 1517 911 1558 annus
926 1516 966 1559 ex
981 1494 1136 1559 trecentis
1150 1503 1184 1559 et
1205 1494 1374 1581 sexaginte
1391 1492 1464 1579 quin-

384 1622 446 1686 que
461 1599 576 1664 diebus
589 1607 624 1664 et
638 1598 679 1683 vj.
696 1598 782 1663 horis
797 1598 920 1663 scilicet
935 1606 1052 1683 quarta
1071 1605 1164 1683 parte
1184 1598 1282 1663 nnius
1301 1597 1367 1663 diei
1384 1596 1464 1663 artifi-

384 1702 473 1766 cialis
497 1701 582 1765 fecta
607 1700 766 1764 diuisione
790 1698 879 1763 illius
902 1699 968 1763 diei
992 1698 1027 1762 in
1054 1705 1193 1785 quatuor
1216 1707 1326 1784 partes
1351 1720 1465 1786 quarum

384 1804 489 1891 prima
503 1804 565 1869 erit
580 1804 615 1867 in
629 1803 683 1868 die
697 1802 792 1868 soleri
807 1811 842 1866 et
856 1801 972 1888 incipit
986 1801 1022 1866 in
1035 1824 1151 1866 aurore
1164 1810 1200 1867 et
1213 1802 1311 1867 dmnt
1329 1799 1465 1888 usquead

383 1908 495 1973 horem
524 1929 652 1973 nonam.
706 1906 749 1971 Et
775 1906 917 1970 secunda
941 1928 1016 1992 pars
1039 1905 1155 1991 incipit
1179 1907 1222 1971 ab
1248 1907 1326 1971 hore
1346 1914 1466 1971 uomet

384 2010 579 2075 terminetur
598 2009 641 2074 ad
663 2031 841 2094 uesperam.
884 2009 997 2073 Tereia
1018 2030 1096 2073 uero
1117 2008 1234 2094 incipit
1255 2032 1277 2075 a
1297 2032 1423 2096 uespera
1440 2016 1465 2071 et

384 2116 579 2181 terminatur
600 2114 642 2179 ed
664 2113 804 2179 medinm
826 2122 964 2179 noctem.
1008 2112 1135 2194 Quarta
1154 2136 1232 2178 uero
1250 2136 1325 2200 pars
1338 2114 1468 2200 incipite

385 2220 492 2285 medie
513 2226 607 2283 nocte
629 2226 663 2283 et
685 2218 880 2283 terminatur
901 2217 935 2280 in
958 2239 1080 2283 aurem
1125 2216 1373 2284 connumeratis
1384 2219 1468 2305 igitur

385 2323 538 2389 trecentis
552 2331 587 2388 et
602 2322 771 2409 sexaginta
785 2320 928 2407 quinque
943 2320 1058 2385 diebus
1072 2321 1136 2385 erit
1150 2344 1255 2387 annus
1274 2322 1318 2387 ed
1335 2321 1468 2388 similitu·

385 2427 494 2492 dinem
510 2426 632 2492 colubri
647 2426 715 2491 sine
731 2423 859 2500 cauda⁸,
874 2433 925 2489 set
944 2447 1009 2489 non
1029 2424 1093 2489 erit
1112 2448 1216 2489 annus
1236 2425 1364 2513 integer
1380 2446 1468 2510 neque

384 2532 501 2618 plenus
515 2530 578 2596 nisi
592 2529 754 2595 addantur
768 2551 825 2594 sex
840 2528 916 2594 hore
931 2529 1054 2594 scilicet
1069 2539 1185 2616 quarta
1204 2553 1279 2616 pers
1297 2530 1392 2596 unius
1409 2527 1470 2594 diei

384 2633 512 2714 Quibus
526 2632 646 2698 additis
661 2631 723 2696 erit
739 2653 844 2696 annus
863 2632 979 2718 plenus
998 2632 1121 2698 habens
1139 2632 1297 2699 circulum
1315 2633 1357 2698 ad
1374 2631 1472 2698 simili·

385 2734 533 2801 tudinem
554 2734 676 2799 colubri
697 2734 848 2799 habentis
867 2735 1003 2800 cendam
1024 2735 1059 2798 in
1081 2758 1141 2801 ore.
1188 2735 1273 2802 Cum
1295 2737 1367 2824 quis
1386 2737 1473 2824 igitur

385 2840 563 2905 cssonietus
578 2839 676 2903 fuerit
690 2839 730 2904 de
746 2839 832 2903 malo
847 2839 923 2904 lecti
937 2839 1070 2904 debitur
1084 2839 1116 2905 ei
1130 2839 1200 2905 dies
1218 2864 1239 2906 u
1256 2841 1309 2906 die
1329 2841 1414 2906 nisus
1431 2838 1473 2904 sni

385 2943 543 3008 inclusiuo
558 2943 592 3006 in
608 2965 709 3007 unum
724 2964 847 3007 annum
862 2951 897 3007 et
909 2965 1012 3008 unum
1024 2941 1111 3008 diem
1125 2945 1322 3030 computatis
1337 2943 1473 3010 trecentis

386 3057 420 3113 et
435 3046 604 3133 sexaginte
623 3046 766 3132 quinque
787 3046 903 3111 diebus
923 3054 957 3112 et
977 3069 1034 3112 sex
1054 3047 1141 3112 horis
1160 3069 1200 3112 cx
1223 3047 1277 3112 die
1301 3048 1393 3113 solari
1414 3069 1474 3134 pre

385 3153 521 3217 cedente
536 3158 571 3214 et
584 3159 678 3214 nocte
694 3151 922 3237 subsequente,
936 3160 972 3216 et
986 3152 1035 3217 ita
1055 3152 1142 3238 quod
1161 3174 1266 3216 annus
1286 3152 1411 3240 integer
1423 3151 1475 3216 erit

386 3255 584 3343 sexagesimo
613 3261 705 3319 sexto
733 3255 787 3319 die
813 3265 946 3341 propter
973 3278 1029 3321 sex
1057 3256 1151 3321 horas
1176 3278 1239 3342 que
1261 3257 1420 3343 incipiunt
1441 3257 1475 3319 sb

386 3382 501 3424 aurora
515 3364 549 3422 et
564 3357 783 3422 terminentur
797 3358 875 3422 hore
889 3381 984 3437 nonu,
998 3368 1033 3425 et
1048 3360 1094 3425 sic
1108 3360 1172 3425 erit
1190 3361 1260 3426 dies
1279 3361 1476 3448 appmicionis

387 3471 421 3528 et
441 3461 556 3548 incipit
576 3461 617 3525 ab
640 3461 718 3526 hora
738 3485 825 3527 nona
845 3463 899 3527 die
921 3463 1017 3529 solari
1037 3465 1236 3552 sexagesimo
1257 3474 1349 3530 sexto
1369 3475 1403 3531 ct
1424 3475 1477 3530 ter-

387 3567 531 3632 minatur
556 3566 634 3630 horn
659 3589 744 3631 nona
769 3566 823 3630 die
848 3567 944 3632 solari
973 3569 1171 3655 sexagesimo
1199 3570 1346 3655 septime
1390 3571 1430 3635 Et
1455 3569 1478 3632 si
1529 3640 1530 3647 ἵ

387 3671 563 3737 essonietor
583 3671 743 3736 maturius
766 3672 982 3757 comparuerit
1005 3682 1081 3737 ante
1103 3673 1214 3738 horem
1235 3696 1353 3740 nonam
1374 3674 1477 3740 dedic
1529 3690 1530 3695 ’

388 3776 483 3842 soleri
502 3774 700 3861 sexagesimo
720 3783 820 3852 sexto,
835 3774 870 3838 in
889 3775 1012 3841 defalta
1026 3775 1088 3841 erit
1103 3776 1181 3862 quia
1194 3788 1359 3863 comperet
1372 3781 1407 3844 in
1420 3779 1481 3843 lan·
1529 3780 1530 3785 ’

422 4021 432 4052 ¹
449 4020 504 4070 The
525 4019 644 4070 artificisl
666 4020 717 4083 day
737 4019 787 4070 hes
809 4024 917 4085 twenty·
999 4021 1366 4086 ”Bmctonhssthisimsge
1399 4023 1483 4085 Astur

390 4087 548 4136 fourhours.
582 4086 637 4136 The
647 4086 725 4136 lunnr
735 4085 916 4149 dsyisnight.
967 4087 997 4137 ot
1011 4087 1060 4136 365
1076 4088 1140 4151 days
1155 4089 1179 4137 is
1193 4089 1246 4138 like
1260 4103 1277 4139 s
1291 4090 1371 4138 snake
1383 4089 1483 4138 without

423 4149 501 4202 ’Sic
967 4153 1062 4212 steil3
1084 4153 1483 4216 ayworeetanuaqmne

423 4215 472 4264 3Δ
493 4215 572 4294 btcnk
593 4214 616 4265 is
637 4215 691 4267 leit.
726 4216 842 4266 Brscton
868 4215 917 4266 hus
967 4217 1159 4293 dnysislikcs
1175 4219 1256 4268 snake
1271 4219 1484 4294 'iihssssifflt

391 4283 671 4396 qupufflmcpfflfiom
699 4346 749 4409 day
771 4344 861 4409 begins
889 4349 916 4396 nt
966 4283 1485 4462 iiiiiioiiidldthwiiisffiviliidiseigl

390 4426 474 4462 mom.
966 4427 1032 4475 my.
