3167 5075
360 370 424 432 482
669 383 807 444 eterne,
828 382 894 433 cn.
918 367 1011 445 1223,
1033 384 1098 435 ee.
1120 369 1149 436 7.

362 555 455 621 welle
472 563 508 621 et
527 554 691 642 predictus
710 555 895 622 Willelmue
914 556 955 622 de
976 565 1063 622 terre
1081 557 1123 624 de
1144 557 1321 634 Garlordie
1341 565 1373 622 et
1388 557 1446 642 ipen

360 659 486 724 Ieticie
499 667 667 726 ettcmete
680 659 745 725 fuit
759 659 802 724 de
820 660 897 727 dote
919 683 979 726 sue
1000 661 1107 726 eidem
1130 660 1265 726 Werino
1285 668 1319 726 et
1338 659 1366 724 ei
1384 659 1447 724 lecit

361 762 534 829 seruicium
555 785 661 840 cuum,
682 763 732 828 ite
753 757 839 849 quod
862 763 985 850 recepit
1008 764 1048 829 de
1071 787 1111 830 ee
1133 786 1190 851 pro
1213 762 1447 829 seruicioeuoet

363 868 495 933 nomine
510 867 640 933 seruicii
654 866 706 932 cui
720 875 851 932 tentum
867 875 937 944 cte,
953 875 987 932 ct
1002 867 1063 932 hoc
1078 867 1160 932 bene
1180 875 1282 954 petet,
1302 866 1372 953 quie
1390 866 1450 952 ipe

361 971 535 1058 eliquendo
551 980 667 1059 questa
681 972 745 1036 fuit
760 973 847 1058 quod
865 971 897 1037 ei
911 971 1018 1038 defuit
1033 971 1074 1036 de
1089 971 1165 1036 dote
1179 992 1240 1035 sue
1250 969 1285 1034 in
1297 969 1450 1036 Cheuelee

361 1075 454 1141 welle
475 1074 524 1139 ite
544 1075 631 1161 quod
651 1075 724 1162 ipee
744 1075 937 1161 impetrauit
960 1075 1059 1140 breue
1082 1076 1179 1140 Dcm.
1203 1073 1304 1161 Regis
1323 1075 1362 1139 de
1374 1081 1451 1138 recto

361 1175 520 1242 directum
542 1176 649 1242 eidem
672 1176 807 1241 Wen'no
828 1175 916 1264 quod
937 1177 968 1242 ci
991 1177 1123 1263 plenum
1146 1185 1271 1241 rectum
1287 1173 1451 1241 tencretde

360 1279 472 1346 decem
493 1288 527 1346 et
546 1288 671 1365 septem
691 1279 772 1344 cerie
793 1287 878 1344 terre
898 1287 959 1344 etc.
978 1300 1054 1344 cum
1068 1287 1150 1366 pert.
1165 1279 1200 1344 in
1216 1279 1452 1345 Cheueleewelle

361 1406 442 1469 quee
456 1384 575 1448 clamet
590 1382 751 1469 pertinere
765 1383 809 1448 ed
823 1383 934 1449 dotem
948 1405 1041 1449 euem
1055 1406 1154 1470 quem
1170 1384 1279 1450 tenuit
1293 1383 1334 1449 de
1353 1384 1453 1448 eedem

363 1486 494 1552 Werino
509 1487 544 1552 in
558 1488 672 1553 eedem
686 1487 766 1552 uille
780 1496 841 1554 etc.
887 1486 930 1552 Et
950 1488 1072 1574 profert
1091 1488 1191 1554 breue
1210 1487 1293 1554 illud
1312 1488 1353 1553 de
1372 1495 1456 1562 recto,

361 1589 449 1677 quod
469 1590 555 1657 idem
577 1599 725 1664 testetur.
770 1590 869 1656 Unde
891 1591 979 1656 idem
1005 1591 1158 1658 Werinue
1187 1592 1268 1658 dicit
1298 1591 1381 1678 quod
1407 1613 1457 1676 pcr

361 1692 460 1759 breue
482 1692 565 1758 illud
585 1692 663 1758 fecit
685 1693 717 1759 ei
737 1692 850 1757 dotem
872 1714 964 1758 suem
986 1693 1022 1759 in
1045 1694 1134 1760 curie
1154 1717 1223 1771 cue,
1244 1702 1280 1759 et
1301 1692 1376 1759 inde
1395 1715 1458 1780 prc-

361 1796 453 1862 ducit
466 1805 588 1863 scetem
602 1805 665 1864 etc.

428 1900 472 1966 Et
486 1900 611 1966 Leticie
625 1900 718 1966 uenit
732 1908 767 1966 et
784 1899 932 1966 defendit
946 1899 1033 1986 quod
1048 1921 1215 1987 nunquam
1231 1899 1357 1987 aliquid
1369 1899 1409 1966 de
1427 1923 1459 1964 eo

362 2005 470 2070 tenuit
495 2027 555 2070 nec
580 2003 704 2090 eliquid
729 2003 904 2070 seruicium
930 2003 962 2068 ci
985 2003 1063 2070 feeit
1088 2011 1148 2069 ete.
1193 2005 1244 2070 De
1270 2004 1365 2070 breui
1388 2004 1460 2070 dicit

257 2116 264 2128 ‘
362 2107 449 2194 quod
462 2129 629 2193 nunquam
645 2106 728 2172 illud
743 2106 821 2172 tulit
836 2106 871 2170 in
885 2103 976 2172 curie
989 2127 1049 2171 sue
1063 2113 1098 2172 ct
1112 2105 1172 2172 hoc
1187 2107 1284 2172 offert
1298 2106 1460 2174 defendere

361 2211 446 2277 sicut
469 2211 558 2276 curie
580 2219 639 2276 etc
685 2210 728 2275 Et
752 2209 906 2276 Werinus
928 2209 1009 2276 dicit
1032 2209 1119 2296 quod
1142 2211 1262 2278 iniuste
1283 2210 1460 2298 dicitquod

361 2336 427 2379 non
448 2315 557 2380 tenuit
578 2313 619 2380 dc
641 2336 680 2380 eo
701 2322 736 2380 et
758 2314 846 2400 quod
867 2313 1040 2378 semicium
1060 2314 1243 2399 predictum
1257 2317 1290 2380 ei
1304 2338 1370 2382 non
1383 2316 1461 2391 feeit,
1542 2289 1543 2324 ¹

362 2417 439 2503 quie
459 2440 518 2504 per
538 2418 638 2483 breue
660 2418 743 2484 illud
763 2419 851 2484 lecte
872 2417 936 2484 fuit
958 2417 1169 2484 summonicio
1191 2419 1227 2486 in
1249 2419 1340 2486 curia
1353 2443 1419 2496 suc,
1430 2431 1460 2484 et

361 2522 551 2588 summoniti
580 2522 711 2588 fuemnt
740 2529 892 2589 tenentes
921 2529 956 2587 et
984 2544 1019 2587 se
1048 2521 1303 2601 eesonieuerunt,
1333 2531 1368 2589 et
1395 2540 1460 2609 pest

362 2626 487 2691 eesonie
501 2627 586 2691 fecta
599 2634 850 2711 comparuerunt
864 2634 899 2689 et
913 2624 1011 2690 finem
1026 2626 1173 2691 lecerunt
1192 2648 1268 2693 cum
1288 2650 1328 2693 ce
1347 2628 1460 2693 scilicet
1541 2670 1542 2711 ÷

362 2727 462 2792 telem
477 2735 546 2806 etc,
561 2736 596 2793 et
609 2728 686 2793 inde
701 2735 797 2793 uocet
811 2725 933 2793 curiam
949 2749 1041 2793 suem
1056 2726 1098 2793 ed
1113 2737 1303 2808 warentem,
1317 2730 1375 2797 ubi
1393 2730 1462 2795 finis
1541 2722 1542 2737 i

362 2830 417 2897 ille
432 2832 537 2897 fectus
551 2831 622 2897 fuit.

428 2935 472 3001 Et
493 2935 619 3001 Leticie
639 2934 720 3001 dicit
741 2934 829 3021 quod
850 2934 950 3001 nichil
972 2934 1091 3001 clamet
1112 2934 1147 3000 in
1170 2944 1258 3001 terre
1279 2936 1345 3013 illa,
1359 2936 1461 3002 necin

361 3041 530 3115 dominico,
550 3064 611 3105 nec
632 3040 668 3105 in
688 3039 834 3115 cerdicio,
857 3038 935 3127 quia
956 3038 1119 3105 Hem-icus
1140 3040 1181 3105 de
1197 3040 1363 3107 scaccario
1375 3042 1461 3107 illurn
1540 3054 1541 3065 ³

361 3153 462 3211 tenet.
507 3146 551 3209 Et
565 3143 694 3231 quesite
706 3142 735 3209 ei
749 3143 840 3207 illem
855 3165 1011 3230 umquem
1032 3144 1149 3222 tenuit,
1169 3153 1205 3211 et
1225 3146 1365 3232 qualiter
1384 3146 1463 3211 illud

361 3247 479 3323 tenuit,
491 3254 526 3313 et
537 3246 678 3332 qualiter
692 3244 855 3311 Henricus
869 3245 958 3311 illem
973 3245 1083 3322 hebet,
1093 3246 1175 3313 dicit
1184 3249 1272 3334 quod
1287 3272 1400 3315 reuera
1409 3250 1463 3315 eli·

361 3346 492 3432 quendo
502 3346 593 3413 illem
605 3345 714 3411 tenuit
725 3344 760 3410 in
770 3345 881 3411 dotem
893 3354 927 3410 et
942 3344 1017 3413 inde
1029 3346 1154 3413 dimisit
1163 3369 1197 3413 ee
1208 3357 1244 3414 ct
1258 3348 1347 3415 illem
1361 3348 1463 3415 reddi·
1539 3376 1540 3381 ¹

360 3449 412 3515 dit
425 3450 589 3515 Willelmo
611 3449 678 3515 filio
697 3456 733 3514 et
752 3448 865 3513 heredi
884 3470 951 3526 suo,
971 3448 1028 3535 qui
1051 3449 1128 3515 inde
1150 3450 1228 3517 fecit
1245 3451 1333 3537 quod
1353 3452 1463 3519 uoluit.
1539 3510 1540 3513 ,

361 3555 406 3620 Et
422 3554 587 3619 Henricus
600 3552 682 3620 dicit
696 3553 783 3640 quod
797 3552 866 3640 ipse
882 3552 1066 3621 willelmus
1080 3554 1171 3621 illem
1186 3564 1306 3623 terrem
1321 3556 1353 3623 ci
1366 3556 1463 3623 dedit

425 3659 470 3723 Et
483 3658 637 3725 Werinus
650 3658 731 3723 dicit
746 3657 833 3744 quod
847 3658 916 3747 ipse
932 3666 1012 3725 tunc
1027 3680 1091 3725 non
1111 3660 1221 3746 potuit
1241 3670 1358 3727 terram
1377 3661 1463 3729 illam

360 3762 437 3829 dere
459 3762 537 3849 quie
557 3763 647 3849 prius
668 3762 700 3827 ei
721 3760 856 3827 dederat
874 3769 977 3829 tetem
994 3769 1114 3829 terrem
1129 3786 1223 3829 suem
1237 3762 1278 3829 de
1293 3764 1465 3831 Cheuelee-
1538 3758 1539 3775 ¹

360 3866 453 3931 welle
487 3875 522 3933 ct
550 3865 724 3931 seruicium
753 3864 898 3951 predicte
927 3864 1021 3943 dotis,
1050 3873 1085 3931 ct
1115 3864 1220 3952 ipsein
1249 3868 1409 3935 leticiam
1436 3870 1466 3935 ei

360 3969 540 4035 ettcmeuit
554 3970 596 4034 de
611 3968 757 4055 predicte
771 3968 916 4046 ceminio,
931 3976 966 4034 et
981 3968 1009 4037 si
1024 3968 1095 4055 ipee
1109 3978 1224 4056 postea
1236 3970 1362 4039 dimisit
1377 3994 1413 4039 ee
1426 3973 1465 4039 ed

360 4073 644 4141 exheredecionem
660 4073 720 4139 hoc
735 4096 800 4139 non
814 4073 914 4139 debet
927 4073 959 4139 ei
973 4094 1096 4141 nocere.
1536 4144 1538 4161 ὲ

425 4178 470 4243 Et
484 4177 646 4243 Henricue
660 4176 843 4263 dicitquod
858 4177 926 4264 ipse
941 4176 1041 4242 estin
1056 4176 1175 4243 seisine
1188 4178 1229 4245 de
1245 4187 1332 4245 tem
1351 4178 1411 4247 ille
1428 4204 1465 4246 ex

359 4282 443 4347 dono
458 4280 595 4367 predicti
614 4280 770 4345 Willelmi
792 4280 920 4345 heredis
943 4280 1087 4347 eiusdem
1110 4281 1234 4349 Ieticie
1257 4282 1314 4369 qui
1336 4306 1466 4370 presens

359 4393 458 4451 estet
473 4384 593 4451 donum
608 4384 689 4449 illud
704 4384 735 4449 ei
750 4384 944 4449 werentizet.
