3167 5075
345 384 667 455 momentaneae.
692 381 785 487 lm
807 395 871 446 aa
896 384 989 447 1-a
1156 384 1220 449 319

125 668 202 753 quod
217 668 314 733 assisa
328 677 425 755 capta
438 669 546 733 minus
561 668 675 755 legalis
690 668 762 744 fuit,
779 678 814 734 et
827 678 908 734 tunc
928 681 1091 736 uenerunt
1109 671 1164 758 xij.
1186 680 1222 737 et

124 772 211 836 finem
236 773 382 837 fecerunt
405 796 479 838 eum
504 773 597 838 Dom.
623 773 714 859 Rege
738 794 796 858 pro
816 796 879 838 ccc.
901 773 971 840 libr.
992 798 1050 861 per
1068 775 1115 840 sic
1134 775 1221 861 quod

123 874 215 959 xxiiij.
234 898 300 940 non
319 875 464 940 iurarent
484 898 582 961 super
601 898 663 953 eos,
684 876 733 941 ita
752 877 839 962 quod
857 899 916 962 per
935 877 995 942 hoc
1014 878 1170 943 remansit
1190 878 1222 944 ei

122 978 230 1044 seisina
253 1002 323 1056 sua,
350 987 385 1044 et
410 987 497 1044 terra
522 979 580 1045 illa
609 980 718 1045 tenuit
746 978 782 1044 in
811 979 909 1045 inicio
938 1004 1054 1068 guerre
1083 990 1119 1048 et
1147 991 1221 1068 post

121 1104 259 1167 guerram
274 1084 440 1170 inceptam
455 1084 556 1149 donec
570 1083 658 1149 idem
673 1084 831 1150 Ricardus
845 1084 1024 1152 disseisiuit
1038 1109 1124 1165 eum,
1138 1096 1173 1152 et
1192 1087 1222 1151 si

122 1186 205 1251 Dom.
220 1188 291 1253 Rex
307 1188 341 1254 J.
355 1187 415 1252 hoc
430 1188 585 1274 precepit,
600 1187 661 1252 hoc
675 1187 753 1253 fecit
766 1211 826 1274 per
845 1190 1052 1256 uoluntatem
1072 1214 1165 1255 suam
1185 1200 1221 1257 et

121 1290 181 1355 sine
195 1290 326 1369 iudicio,
340 1291 418 1377 quia
431 1290 501 1377 ipse
515 1313 685 1377 nunquam
699 1292 918 1358 summonitus
933 1293 997 1358 suit
1011 1302 1124 1358 contra
1137 1293 1220 1360 illud

121 1404 310 1481 preceptum,
321 1404 356 1461 et
366 1396 493 1461 desicut
503 1395 674 1461 iusticiarii
685 1403 841 1461 tenentur
851 1397 1037 1463 huiusmodi
1048 1398 1220 1464 emendare

120 1505 149 1559 et
159 1497 256 1563 eciam
268 1506 404 1584 pactum
416 1497 479 1563 fuit
490 1498 526 1561 in
537 1498 639 1563 forma
649 1498 738 1584 pacis
750 1497 836 1584 quod
849 1500 1070 1585 unusquisque
1085 1501 1221 1567 haberet

67 1592 71 1599 ’
120 1599 209 1665 talem
222 1600 377 1666 saisinam
393 1600 523 1686 qualem
538 1600 655 1665 habuit
669 1600 704 1665 in
719 1600 817 1666 inicio
831 1602 972 1688 guerrc',
993 1603 1079 1689 petit
1096 1604 1166 1690 ipse
1180 1614 1220 1670 ut

118 1704 244 1770 reddant
258 1705 413 1771 saisinam
428 1728 527 1770 snam.
573 1705 653 1769 Dies
668 1704 764 1770 datus
779 1714 830 1771 est
844 1714 904 1771 etc.

50 1794 89 1861 27·
174 1807 266 1873 Dom.
287 1806 432 1894 Regina³
452 1828 510 1893 per
529 1815 731 1872 attornatum
752 1830 850 1872 suum
869 1808 955 1894 petit
975 1832 1089 1875 uersus
1110 1810 1219 1877 Adam

117 1910 152 1973 de
179 1911 282 1977 Keret
313 1911 496 1976 manerium
524 1910 565 1975 de
595 1912 727 1977 Ketena
755 1934 831 1977 cum
860 1920 941 1997 pert
977 1913 1063 1999 quod
1099 1914 1219 1980 clamat

116 2015 267 2100 pertinere
291 2014 335 2080 ad
356 2016 585 2081 racionabilem
606 2016 718 2081 dotem
740 2038 833 2081 suam
856 2024 916 2081 etc
962 2017 1006 2081 Et
1027 2016 1135 2082 Adam
1160 2040 1220 2104 per

115 2128 309 2186 attornatum
324 2144 420 2185 suum
435 2120 529 2186 uenit
543 2129 578 2186 et
593 2120 678 2207 petit
692 2120 768 2186 inde
788 2120 907 2198 uisum,
929 2129 964 2186 et
983 2121 1093 2188 habet.
1136 2122 1217 2188 Dies

115 2222 202 2289 datus
216 2234 268 2291 est
284 2234 346 2291 etc

50 2306 85 2370 Ἃ
172 2328 352 2393 Nichclaus
387 2328 418 2392 le
448 2328 583 2393 Seculer
611 2336 796 2393 attornatus
821 2327 996 2415 Reginaldi
1023 2327 1065 2393 de
1094 2328 1219 2394 Breusa

115 2430 197 2495 uenit
211 2454 322 2496 coram
336 2430 523 2496 iusticiariis
538 2439 572 2496 et
586 2452 645 2517 per
659 2430 827 2495 licenciam
842 2454 954 2496 eorum
969 2432 1102 2518 reliquit
1116 2433 1217 2500 breue

114 2534 311 2622 suum‘quod
333 2533 569 2620 impetrauerat
591 2557 704 2599 uersus
725 2534 910 2600 Walterum
929 2534 970 2600 de
985 2537 1077 2601 Bello
1093 2537 1218 2625 Campo

114 2657 147 2700 eo
165 2638 251 2723 quod
271 2637 338 2702 fuit
357 2635 487 2723 precipe
508 2636 595 2723 quod
614 2636 806 2722 prohibetur
825 2660 884 2724 per
897 2640 1040 2706 cartam⁴.
1085 2642 1129 2707 Et
1143 2642 1217 2708 ideo

113 2737 229 2807 dictum
253 2750 307 2807 est
329 2740 449 2806 nuncio
469 2740 608 2805 Walteri
627 2740 668 2805 de
689 2741 780 2806 Bello
802 2741 925 2828 Campo
946 2743 1003 2829 qui
1023 2745 1103 2809 tulit
1117 2745 1217 2812 breue

113 2841 198 2910 Dom.
213 2845 316 2932 Regis
330 2844 372 2910 de
387 2844 545 2909 warancis
559 2845 645 2930 quod
661 2854 745 2911 esset
760 2845 837 2911 inde
851 2847 921 2911 sine
936 2847 989 2912 die
1004 2857 1063 2914 ete

50 2937 83 3002 39·
170 2947 263 3014 Dom.
289 2949 362 3014 Rex
386 2947 585 3034 significauit
607 2948 793 3014 iusticiariis
817 2949 904 3036 quod
927 2951 1056 3037 loquela
1079 2975 1142 3038 que
1166 2962 1217 3020 est
1319 2983 1337 3013 r·

112 3071 210 3115 coram
232 3051 280 3116 eis
302 3049 389 3116 inter
410 3049 567 3115 Idoneam
590 3073 653 3136 que
674 3051 738 3116 fuit
758 3075 839 3117 uxor
859 3052 1002 3118 Eudonis
1017 3054 1058 3119 de
1074 3055 1216 3122 Eintona

112 3160 274 3234 petentem
297 3161 333 3216 et
354 3152 489 3217 Petrum
512 3152 552 3217 de
578 3152 666 3218 Malo
696 3153 784 3218 Lacu
814 3162 849 3219 et
879 3156 1054 3221 Isabellam
1082 3179 1216 3224 uxorem

112 3254 175 3318 cius
193 3255 235 3321 de
253 3255 433 3321 medietate
454 3256 585 3322 baronie
599 3256 641 3322 de
656 3257 855 3323 Danecastro
869 3268 1027 3345 ponerent
1041 3260 1077 3325 in
1090 3284 1217 3348 respec-

112 3364 177 3424 tum
196 3359 300 3426 donec
320 3358 411 3425 aliud
430 3358 507 3425 inde
526 3360 670 3426 habeant
690 3370 880 3448 preceptum
900 3371 960 3428 etc
1006 3363 1142 3430 Dictum
1165 3376 1216 3432 est

112 3461 225 3530 Idonee
241 3464 329 3551 quod
344 3471 399 3528 eat
413 3463 490 3528 inde
505 3463 574 3530 sine
589 3464 651 3530 die.

50 3557 81 3626 30.
170 3565 345 3632 Hubertus
373 3565 413 3631 de
444 3565 554 3652 Burgo
579 3566 787 3632 Justiciarius
813 3569 934 3654 optulit
959 3593 994 3635 se
1020 3580 1136 3657 quarto
1161 3573 1215 3640 die

112 3687 218 3732 uersus
244 3667 464 3754 Reginaldum
490 3667 531 3734 de
557 3669 681 3734 Breusa
705 3670 745 3736 de
776 3670 896 3757 placito
925 3673 1012 3759 quod
1039 3673 1155 3741 reddat
1183 3677 1215 3743 ei

111 3779 210 3836 eastra
233 3772 275 3836 de
299 3773 416 3838 Grosso
440 3773 554 3839 Monte
577 3774 618 3839 de
643 3775 851 3840 Skenesrith⁸
874 3785 908 3841 et
932 3777 973 3843 de
993 3779 1135 3844 Lantilio
1150 3804 1214 3867 que

110 3875 224 3940 clamat
239 3885 279 3942 ut
293 3876 345 3942 ius
359 3899 456 3943 suum
472 3886 506 3942 et
521 3878 607 3944 unde
623 3879 723 3945 habet
741 3889 864 3946 cartem
884 3882 977 3949 Dom
999 3883 1100 3972 Regis
1119 3886 1160 3963 J„
1180 3895 1215 3953 et

109 3979 192 4045 unde
206 3980 296 4046 idem
311 3981 383 4046 Rex
397 3981 429 4048 J.
444 3981 553 4068 ipsum
567 3982 637 4048 sine
652 3983 772 4049 iudicio
787 3992 822 4050 et
836 4006 896 4071 per
906 3985 1111 4055 uoluntatem
1121 4011 1215 4056 suam

139 4215 148 4248 ¹
164 4216 307 4282 Generally
326 4231 362 4267 no
383 4216 482 4270 attaint
503 4220 533 4270 cf
552 4221 635 4284 grand
717 4220 857 4272 ³Iaabellu
866 4220 913 4271 the
924 4236 1007 4284 queen
1017 4223 1129 4274 mother.

110 4281 198 4331 usiae.
229 4283 375 4334 earam.
718 4286 801 4337 *Art
811 4286 995 4337 stincharter
1003 4288 1032 4338 of
1038 4290 1111 4341 1215.
1131 4291 1215 4342 Breca

140 4346 224 4397 ’The
249 4351 335 4411 treaty
361 4348 391 4396 of
415 4347 559 4412 Lambeth3
593 4365 636 4402 see
687 4351 874 4414 qnodvocatur
884 4352 1048 4415 Preoipeete.

108 4409 229 4471 Foedere,
240 4413 292 4463 rol.
304 4415 328 4472 1,
340 4427 366 4476 p.
379 4414 434 4466 lte.
719 4417 730 4450 θ
746 4417 817 4467 Oorr.
829 4418 983 4481 stenesritt.
