3167 5075
209 389 298 438 aran
320 390 365 438 or
386 389 587 437 rrrrsrruun
609 389 648 436 nr
670 389 773 451 xnrrr,
795 390 860 438 an.
885 373 979 451 1227,
1001 390 1063 440 aa
1089 377 1138 440 11.
1184 377 1247 441 603

147 561 178 626 N
179 562 345 648 orthcraye
361 568 399 626 ut
409 561 461 626 ius
472 583 576 638 suum,
586 559 672 626 unde
685 559 896 626 Clarebaldus
909 569 1091 626 antecessor
1104 561 1246 648 ipsorum
1259 571 1381 659 §fflff

146 665 206 730 fuit
221 665 350 730 saisitus
364 665 400 730 in
415 664 575 730 dominico
590 687 648 730 suo
664 672 702 730 ut
717 664 758 730 de
773 664 866 730 feodo
882 673 942 731 etc
1259 666 1376 754 ἔξω,

207 770 251 835 Et
265 768 375 835 Dauid
395 769 488 835 uenit
508 777 543 834 et
562 768 642 834 dicit
665 769 752 855 quod
773 792 839 834 non
861 769 959 834 debet
981 770 1034 836 hic
1055 771 1247 857 respondere
1258 759 1404 847 ml?

143 871 182 936 ad
204 872 264 937 hoc
287 873 394 949 breve,
418 871 495 959 quia
518 871 648 958 loquela
671 872 805 958 ponitur
826 894 885 959 per
910 873 1072 958 quoddam
1096 875 1184 940 Pone
1205 859 1374 949 deffliiu

143 968 297 1042 comitatu
320 985 354 1042 et
377 976 508 1064 loquela
528 998 697 1062 nunquam
719 976 783 1041 fuit
805 975 841 1040 in
862 977 1032 1042 comitatu.
1076 979 1121 1042 Et
1150 948 1402 1081 comi-iffi&

143 1079 243 1146 tatus¹
273 1103 371 1167 super
400 1079 460 1145 hoc
491 1081 669 1167 requisitus
697 1081 884 1147 recordatur
908 1081 995 1167 quod
1024 1104 1090 1146 non
1118 1082 1183 1147 fuit
1211 1051 1367 1173 isslhttffl

142 1183 305 1262 comitatu,
317 1184 394 1270 quia
403 1193 476 1270 post
484 1184 666 1250 aduentum
675 1184 925 1250 iusticiariorum
935 1185 1022 1271 apud
1035 1184 1247 1251 cantuariam
1258 1182 1366 1221 comm

141 1287 201 1352 fuit
216 1288 354 1374 probata
367 1288 473 1374 prima
493 1288 623 1354 defalta
669 1289 714 1353 Et
736 1288 810 1353 ideo
829 1287 1068 1353 consideratum
1090 1297 1140 1355 est
1161 1290 1247 1377 quod

140 1391 250 1456 redeat
265 1390 307 1456 ad
322 1391 514 1456 comitatum
530 1391 558 1455 si
573 1391 721 1456 uoluerit.

48 1497 104 1564 777.
201 1495 386 1561 'Johannes
400 1497 441 1562 de
457 1496 615 1561 Biricholt
630 1496 831 1562 attachiatus
845 1496 909 1561 fuit
924 1496 966 1562 ad
985 1496 1247 1583 respondendum

139 1601 323 1666 Alexandro
338 1601 379 1666 de
395 1601 553 1666 Biricholt
569 1601 654 1688 quod
669 1609 781 1666 teneat
796 1601 828 1666 ei
848 1601 946 1666 finem
965 1603 1088 1667 factum
1102 1603 1138 1667 in
1158 1603 1248 1668 curia

138 1700 229 1766 Dom.
260 1700 291 1766 J.
322 1701 422 1787 Regis
452 1723 559 1766 coram
588 1700 774 1766 iusticiariis
804 1701 892 1786 apud
918 1701 1247 1767 westmonasterium

137 1805 222 1870 inter
244 1805 352 1891 ipsum
375 1805 561 1871 Johannem
583 1813 752 1891 petentem
778 1814 814 1871 et
836 1807 1002 1894 Rogerum
1024 1806 1065 1871 de
1087 1807 1247 1872 Biricholt

137 1917 264 1994 patrem
279 1908 418 1996 predicti
433 1909 610 1974 Alexandri
629 1909 722 1975 cuius
743 1909 836 1974 heres
855 1909 925 1995 ipse
946 1918 996 1975 est
1016 1919 1184 1977 tenentem
1206 1912 1246 1977 de

137 2013 227 2079 feodo
242 2013 320 2078 dim
337 2012 452 2078 militis
472 2035 547 2077 cum
570 2022 650 2099 pert.
673 2014 707 2078 in
728 2013 888 2078 Biricholt
912 2013 999 2079 unde
1019 2014 1245 2102 cirographum
1321 2055 1334 2085 0

137 2127 203 2195 etc,
228 2116 318 2203 quod
341 2117 430 2182 idem
454 2117 639 2182 Alexander
664 2118 786 2203 profert
812 2125 847 2184 et
873 2118 959 2204 quod
985 2126 1135 2196 testatur,
1160 2119 1246 2206 quod

136 2222 296 2288 medietas
317 2221 423 2287 tocius
445 2221 584 2307 predicti
605 2223 692 2288 feodi
714 2222 830 2288 debuit
851 2245 1018 2313 remanere
1041 2224 1104 2309 ipsi
1119 2225 1246 2311 Rogero

135 2335 168 2392 et
190 2327 369 2393 heredibus
390 2327 465 2404 suis,
489 2327 576 2392 unde
597 2327 684 2392 idem
705 2327 892 2392 Alexander
912 2327 1060 2413 queritur
1075 2328 1161 2414 quod
1180 2350 1246 2392 non

135 2429 234 2496 habet
249 2430 327 2496 inde
342 2429 406 2494 nisi
420 2430 554 2495 terciam
574 2438 711 2516 partem,
727 2430 806 2516 quia
822 2430 962 2516 quedam
978 2431 1122 2496 Albreda
1135 2431 1246 2497 tenuit

134 2535 268 2601 terciam
284 2544 411 2622 partem
426 2559 489 2622 que
505 2558 609 2622 nuper
620 2535 711 2611 obiit,
726 2535 814 2601 unde
829 2535 915 2625 petit
930 2537 1142 2602 medietatem
1158 2537 1246 2603 illius

134 2646 216 2705 terre
232 2662 333 2725 quam
353 2639 410 2704 illa
428 2640 537 2705 tenuit
560 2640 645 2705 sicut
664 2639 755 2704 illam
771 2662 835 2725 que
850 2639 914 2704 fuit
929 2638 970 2704 de
985 2639 1099 2705 eodem
1114 2640 1215 2705 feodo.

197 2745 243 2809 Et
258 2744 282 2810 J
283 2744 426 2809 ohannes
441 2744 534 2810 uenit
550 2752 583 2809 et
599 2742 762 2829 cognoscit
782 2743 881 2807 finem
904 2751 938 2808 et
960 2743 1188 2831 cirographum
1210 2754 1246 2811 et

132 2848 211 2915 dicit
226 2850 316 2935 quod
330 2850 371 2915 de
386 2858 473 2915 terra
488 2871 586 2935 quam
601 2848 673 2933 ipsa
687 2847 832 2912 Albreda
845 2846 955 2911 tenuit
969 2870 1034 2911 non
1054 2848 1154 2913 debet
1175 2847 1245 2933 ipse

133 2953 320 3019 Alexander
333 2962 460 3041 partem
475 2953 604 3031 habere,
620 2952 696 3039 quia
710 2950 764 3016 die
780 2974 845 3037 quo
863 2953 1099 3039 cyrographum
1122 2954 1244 3018 factum

132 3058 194 3123 fuit
217 3058 342 3145 recepit
364 3059 433 3145 ipse
456 3058 603 3145 Rogerus
625 3065 718 3143 pater
740 3055 919 3121 Alexandri
940 3066 1067 3142 partem
1089 3079 1182 3122 suam
1203 3058 1245 3123 de

132 3170 201 3229 tota
228 3170 316 3228 terra
341 3171 477 3249 excepta
498 3170 592 3248 parte
613 3184 711 3247 quam
733 3160 805 3253 ipsa
825 3161 971 3225 Albreda
991 3162 1109 3238 tenuit,
1131 3170 1181 3227 set
1203 3163 1245 3228 de

133 3276 217 3333 terra
232 3290 333 3353 quam
347 3266 418 3353 ipsa
432 3267 541 3333 tenuit
556 3267 591 3331 in
606 3267 715 3332 dotem
734 3266 798 3331 fuit
821 3266 908 3331 idem
930 3267 953 3331 J
954 3266 1096 3331 ohannes
1118 3290 1245 3353 semper
1257 3290 1315 3330 roa
1321 3292 1379 3339 quor

132 3371 165 3435 in
186 3371 309 3437 saisina
330 3371 372 3435 de
394 3371 530 3436 seruicio
556 3370 700 3436 eiusdem
724 3370 877 3447 Albreda,
891 3392 952 3435 nec
973 3394 1130 3457 umquam
1151 3380 1245 3458 pater
1256 3342 1366 3469 {mhi

132 3498 209 3541 suus
223 3475 350 3561 aliquid
365 3476 441 3541 inse
456 3474 621 3552 cumana,
636 3482 671 3539 ee
685 3474 771 3559 petit
786 3473 863 3539 inde
878 3474 1043 3541 iudcium
1256 3434 1407 3610 &Aba

1256 3574 1291 3611 teu
1314 3575 1368 3611 tna

195 3582 241 3646 Et
257 3579 442 3645 Alexander
456 3578 550 3644 uenit
565 3586 599 3643 et
614 3577 760 3643 defendit
776 3579 863 3665 quod
884 3578 1030 3665 Rogerus
1052 3588 1146 3666 pater
1166 3603 1245 3646 suus
1257 3619 1374 3659 mmm.

131 3706 300 3771 nunquam
323 3706 357 3748 se
380 3682 489 3748 tenuit
511 3690 701 3747 contentum
725 3682 766 3747 de
788 3691 882 3767 parte
905 3705 964 3747 sua
985 3706 1152 3771 quousque
1174 3685 1246 3772 ipsa
1255 3665 1395 3753 mimi.

132 3788 277 3854 Albreda
291 3795 419 3851 mortua
433 3786 505 3865 fuit,
521 3795 555 3852 et
571 3786 642 3873 ipsa
656 3786 801 3851 Albreda
814 3786 897 3852 obiit
918 3786 985 3852 iam
1005 3788 1131 3854 duobus
1151 3790 1244 3855 annis

133 3892 258 3979 elapsis,
283 3892 372 3957 unde
398 3891 476 3977 quia
501 3898 589 3955 terra
614 3912 713 3976 quam
736 3890 808 3976 ipsa
832 3890 942 3955 tenuit
964 3900 1014 3956 est
1035 3891 1077 3957 de
1099 3893 1245 3978 predicto

132 3996 223 4062 feodo
244 3994 374 4061 dimidii
392 3996 508 4061 militis
528 4002 561 4061 et
581 4018 669 4060 nunc
684 3994 788 4082 primo
804 3994 983 4061 deliberata
998 4004 1056 4075 ost,
1067 3997 1153 4083 petit
1167 3998 1244 4065 inde

133 4109 260 4186 partem
282 4122 384 4166 suam.
429 4101 474 4166 Et
494 4100 572 4187 quia
592 4101 759 4166 Johannes
779 4099 880 4165 nichil
896 4099 1039 4166 ostendit
1054 4101 1141 4188 quod
1155 4103 1243 4169 idem

48 4280 49 4283 Ἴ
132 4204 279 4292 Rogerus
294 4204 348 4270 uel
368 4203 554 4270 Alexander
573 4204 723 4291 quietum
743 4204 936 4270 clamassent
958 4205 1081 4292 aliquid
1103 4206 1144 4272 de
1165 4207 1243 4274 dote

163 4350 173 4383 ¹
190 4350 247 4401 The
260 4350 390 4413 countyis
403 4354 507 4416 present
521 4350 608 4402 balare
619 4349 664 4403 the
746 4349 758 4383 ¹
774 4353 805 4403 Δ.
816 4366 853 4402 m.
865 4351 898 4403 10
908 4351 933 4403 d.

132 4415 238 4480 imtioas
250 4416 279 4465 in
289 4430 357 4480 cyre.
