3167 5075
349 393 415 458 644
555 359 811 455 'rhamnunn's
832 403 925 452 arsa
947 403 987 452 ΙΝ
1008 403 1221 468 roansmas,

413 579 492 644 Post
513 579 608 644 uenit
628 577 813 643 Rannulfua
832 585 867 642 et
882 576 963 642 dicit
978 577 1065 663 quod
1078 578 1201 644 iniuste
1217 577 1320 665 peciit
1335 577 1457 643 Alanus
1548 550 1549 565 i

349 684 468 742 terram
483 676 573 741 illam
588 676 628 742 de
641 699 678 741 eo
690 684 724 741 et
735 675 776 740 de
788 697 888 740 uxore
899 697 967 753 sua,
977 675 1055 761 quia
1065 699 1180 742 reuera
1188 686 1277 742 terra
1285 677 1456 764 aliquando
1548 676 1549 745 Ϊ

349 779 412 845 fuit
427 780 603 846 elemosina
616 780 749 846 ecclesie
765 802 831 854 sue,
841 787 892 844 set
903 787 1049 866 tempore
1059 780 1131 845 Ade
1143 782 1184 846 de
1201 783 1346 847 Stauilla
1359 782 1456 868 patris

348 882 450 968 ipsius
465 883 569 948 Alicie
585 883 678 947 uenit
693 883 781 948 idem
797 883 923 947 Alanus
938 891 973 947 et
987 883 1088 968 peciit
1102 894 1140 948 ut
1156 886 1278 952 faceret
1293 886 1325 952 ei
1340 909 1456 951 escam·
1548 902 1549 905 ’

348 985 440 1052 bium
454 985 543 1050 illius
556 987 675 1051 bonate
690 994 784 1058 terre,
800 985 850 1050 ita
863 985 951 1070 quod
970 985 1012 1050 sd
1031 986 1227 1072 peticionem
1249 1011 1345 1053 suam
1366 987 1455 1053 dedit

348 1088 380 1156 ei
400 1089 435 1154 in
458 1090 655 1154 escambium
677 1112 781 1154 unum
804 1096 965 1154 assartum
988 1089 1074 1174 quod
1096 1089 1183 1156 idem
1205 1091 1335 1156 Alanus
1355 1091 1456 1156 adhuc
1548 1116 1549 1141 1

348 1201 450 1270 tenet,
464 1193 513 1259 ita
534 1193 621 1279 quod
642 1199 735 1257 tenet
752 1191 859 1257 adhuc
879 1191 1078 1256 escambium
1093 1201 1128 1257 et
1142 1194 1309 1270 boustmn,
1324 1202 1361 1258 et
1375 1193 1455 1279 petit

243 1379 246 1385 Ι
347 1305 406 1364 aut
421 1297 619 1363 escambium
633 1319 729 1362 suum
744 1304 803 1361 aut
817 1296 972 1361 bouatam
988 1305 1081 1362 terre.

415 1400 459 1465 Et
473 1400 598 1466 Alanus
612 1400 765 1488 cognouit
780 1399 868 1485 quod
881 1421 997 1464 reuera
1018 1399 1106 1485 cepit
1125 1407 1286 1464 asmrtum
1308 1399 1405 1464 illum
1426 1400 1455 1462 in

348 1503 546 1569 escambium
569 1502 653 1569 sicut
675 1503 859 1589 predictum
881 1503 945 1568 est¹
967 1503 1186 1590 implacitauit
1210 1503 1399 1568 Willelmus
1419 1503 1454 1568 de
1548 1514 1549 1517 ’

348 1607 489 1693 Mubray
504 1606 644 1672 eundem
659 1607 765 1672 Adam
780 1607 822 1671 de
836 1607 986 1694 pluribus
1000 1607 1095 1672 terris
1109 1615 1144 1672 et
1159 1607 1201 1672 de
1221 1615 1312 1673 terra
1330 1609 1400 1686 illa,
1414 1609 1455 1672 ita

349 1711 435 1798 qnod
450 1711 594 1797 oportuit
609 1711 716 1776 Adam
731 1711 830 1776 finem
845 1712 949 1777 facere
970 1735 1045 1777 cum
1065 1712 1135 1798 ipso
1156 1734 1215 1797 pro
1237 1721 1326 1778 terra
1345 1713 1455 1778 illast

348 1837 407 1902 pro
422 1814 494 1880 aliis
509 1814 611 1893 tanis,
626 1823 661 1880 et
675 1837 734 1900 per
747 1816 983 1902 cyrographum
1003 1816 1091 1881 inter
1110 1837 1164 1880 eos
1186 1816 1311 1880 factum
1332 1816 1454 1880 remisit

350 1918 381 1984 ei
395 1918 483 1984 idem
498 1919 604 1984 Adam
619 1919 770 1984 forestam
785 1918 827 1982 de
842 1919 997 2006 Medway.
1029 1919 1074 1984 Et
1083 1920 1206 2007 profert
1220 1921 1454 2006 cyrographum

349 2024 436 2110 quod
450 2024 511 2088 hoc
525 2030 667 2088 testatur
681 2023 768 2109 quod
782 2023 870 2087 idem
886 2023 993 2088 Adam
1014 2023 1160 2109 quietam
1180 2023 1338 2089 clamauit
1360 2024 1405 2089 de
1423 2047 1455 2090 se

349 2133 384 2194 et
409 2129 451 2194 de
474 2128 648 2194 heredibus
671 2127 738 2192 suis
761 2127 908 2214 predicto
932 2128 1097 2193 Willelmo
1122 2136 1157 2194 et
1187 2127 1365 2193 heredibus
1392 2128 1456 2193 suis

348 2239 452 2298 totam
475 2234 626 2298 forestam
648 2231 689 2296 de
712 2231 861 2317 Medway
875 2231 911 2296 in
931 2232 1027 2297 bosco
1048 2240 1084 2296 et
1105 2240 1240 2318 pastura
1260 2255 1336 2297 enm
1358 2233 1455 2319 perti·

347 2337 471 2402 nenciis
485 2336 553 2402 suis
567 2344 627 2401 etc.

332 2427 335 2436 Δ
414 2442 458 2507 Et
479 2441 663 2507 Rannulfus
684 2440 765 2504 dicit
787 2438 874 2526 quod
888 2439 1015 2504 Alanus
1035 2462 1202 2527 nunquam
1224 2441 1361 2505 uocauit
1382 2441 1455 2507 inde

347 2545 529 2632 predictum
544 2546 652 2612 Adam
666 2568 727 2610 nec
740 2545 843 2610 alium
857 2553 908 2610 set
923 2554 1039 2631 sponte
1050 2568 1109 2611 sua
1123 2546 1280 2611 concessit
1293 2545 1456 2611 Willelmo

348 2658 467 2714 terram
482 2649 581 2727 illam,
595 2658 630 2715 et
644 2658 793 2735 preterea
808 2647 1043 2735 cyrographum
1057 2672 1123 2713 non
1143 2649 1289 2734 loquitur
1307 2649 1351 2715 de
1374 2661 1459 2715 terra

347 2753 405 2819 illa
425 2753 536 2819 settle
556 2755 675 2819 foresta
690 2761 830 2830 tantum,
841 2761 876 2817 et
891 2752 1018 2818 desicut
1038 2754 1202 2839 cognoscit
1223 2753 1312 2839 quod
1332 2754 1458 2841 recepit

348 2864 467 2923 terram
483 2856 571 2921 illam
586 2856 622 2920 in
637 2855 845 2932 escambium,
859 2854 945 2941 petit
959 2853 1036 2919 inde
1051 2855 1217 2920 iudicium.

413 2959 457 3024 Et
482 2960 607 3025 Alanus
630 2967 744 3045 postea
766 2957 859 3024 uenit
883 2964 918 3021 et
940 2956 1021 3021 dicit
1044 2956 1131 3043 quod
1152 2956 1254 3021 nichil
1277 2957 1401 3023 clamat
1422 2958 1455 3022 in

347 3072 434 3130 terra
454 3064 512 3129 illa
533 3064 596 3129 nisi
617 3062 658 3128 de
680 3084 765 3127 anno
787 3061 823 3127 in
844 3082 967 3125 annum
986 3059 1029 3124 ad
1049 3060 1257 3126 uoluntatem
1274 3060 1404 3148 Nigelli
1417 3061 1459 3127 de

347 3167 490 3254 Mubray.

412 3272 457 3337 Et
472 3270 550 3359 quia
564 3269 749 3337 Willelmus
763 3270 804 3335 de
819 3270 959 3356 Mubray
973 3292 1039 3334 non
1058 3270 1141 3335 obiit
1154 3270 1288 3336 saisitus
1301 3270 1381 3336 inde
1394 3271 1459 3336 nisi

346 3376 388 3442 de
402 3375 537 3441 seruicio
554 3382 684 3439 tantum
699 3373 765 3438 scil.
780 3372 918 3437 duorum
933 3370 1117 3448 solidorum,
1133 3382 1168 3437 et
1184 3374 1392 3461 recognitum
1408 3384 1458 3439 est
1548 3426 1550 3429 >

346 3479 433 3567 quod
456 3480 581 3544 Alanus
605 3478 694 3564 oepit
719 3485 880 3542 assartum
909 3476 991 3541 illud
1021 3476 1056 3540 in
1082 3477 1283 3542 escambium
1308 3478 1459 3563 predicte

345 3584 464 3649 bouate
495 3591 589 3659 terra,
618 3581 855 3647 consideratum
885 3589 936 3646 est
964 3581 1051 3666 quod
1080 3582 1266 3647 Rannult'us
1299 3582 1461 3647 schabest

346 3686 497 3752 seisinam
512 3708 603 3751 suam
619 3686 708 3750 saluo
723 3685 756 3749 N
758 3684 856 3771 igello
870 3683 1006 3749 sen1icio
1026 3707 1085 3749 suo
1105 3684 1191 3771 quod
1213 3686 1245 3750 ei
1265 3688 1461 3773 recognouit

345 3814 404 3878 pro
419 3792 538 3857 foresta
551 3812 610 3855 sua
624 3790 802 3856 secundum
816 3790 904 3874 quod
918 3788 1105 3854 continetur
1118 3790 1154 3853 in
1168 3790 1358 3876 cirographo
1370 3790 1463 3857 inter
1548 3781 1550 3830 ἕ

346 3894 454 3981 ipsum
470 3902 505 3961 et
520 3894 664 3958 Alanum
679 3904 740 3958 ete
1548 3979 1550 3986 Ι

412 3997 560 4086 Eugenia
575 3998 615 4063 de
629 3995 807 4062 Radecliue
821 3994 1021 4060 summonita
1040 3996 1105 4060 fuit
1123 3996 1165 4062 ad
1179 3995 1463 4083 respondendnm'

239 4112 264 4140 ⁰¹
299 4128 304 4141 ·
346 4124 411 4189 quo
433 4112 575 4168 waranto
596 4124 631 4167 se
653 4108 745 4167 tenet
766 4100 802 4164 in
823 4099 958 4165 terciam
979 4108 1108 4187 partem
1129 4099 1228 4166 unius
1248 4122 1351 4167 carue
1367 4109 1462 4167 terre
1548 4105 1550 4138 ³

381 4302 392 4337 ¹
409 4305 507 4369 Supply
516 4312 562 4354 set.
919 4303 1010 4355 widow
1021 4304 1076 4354 and
1086 4302 1203 4356 Richard
1220 4302 1277 4355 heir
1288 4306 1317 4355 ot
1331 4304 1421 4370 Hugh
1436 4272 1466 4357 el
1548 4321 1550 4332 ·

380 4367 392 4402 ²
408 4370 463 4419 Tho
473 4384 564 4420 names
578 4368 607 4417 ol
623 4368 668 4419 the
681 4368 811 4432 plaintiffs
825 4384 870 4419 are
919 4368 1079 4422 Hartshead.

347 4434 464 4485 omitted.
498 4434 570 4497 They
580 4449 649 4485 seem
663 4440 691 4486 to
706 4435 737 4486 be
751 4436 869 4497 Msrgery
