3167 5075
376 399 438 470 576
672 415 810 476 nascar„
832 415 898 462 an.
924 400 1018 474 1226,
1039 413 1103 462 an
1127 400 1177 463 10.

240 590 334 658 1740.
438 583 611 650 ¹Rioardus
626 585 667 650 de
682 584 892 670 Middelhope
913 593 947 649 et
967 583 1097 650 Amicis
1115 605 1198 648 uxor
1216 583 1288 649 eiua
1306 583 1455 649 attachiati
1533 594 1534 601 ’

249 693 320 743 Νφ
372 691 506 755 fuerunt
535 689 576 755 ad
605 688 865 776 respondendum
904 689 1079 773 Margerie·
1098 689 1139 754 de
1169 689 1456 775 chuuweduum

372 791 551 857 deforciant
572 791 604 857 ei
625 800 751 857 sextam
773 801 901 878 partem
921 790 1006 856 feodi
1026 792 1102 857 dim.
1117 793 1234 858 militis
1254 815 1328 858 cum
1347 792 1456 880 pertin

372 893 516 981 Hughel’
546 917 644 980 quam
674 893 787 958 eadem
819 894 981 981 Margeria
1009 917 1115 960 coram
1150 896 1336 961 iusticiariis
1362 896 1458 960 ultimo

371 996 602 1074 itinerantibus
618 1005 677 1062 etc.
694 1019 753 1084 per
766 996 925 1062 iudicium
944 999 1033 1063 curie
1052 998 1198 1064 eiusdem
1217 999 1413 1086 recuperauit
1428 1013 1458 1062 nt

371 1101 599 1167 racionabilem
614 1110 740 1188 partem
760 1125 854 1166 suam
874 1125 938 1188 que
959 1125 1032 1168 eam
1054 1104 1215 1191 contingit
1236 1103 1278 1169 de
1300 1103 1458 1169 hereditate

372 1203 487 1270 Sibille
500 1205 567 1270 filie
583 1205 739 1272 Willelmi
754 1206 795 1270 de
811 1207 954 1292 Hughel'
967 1216 1027 1273 ete
1072 1209 1117 1273 Et
1131 1208 1290 1273 Ricardua
1304 1217 1338 1273 et
1351 1207 1458 1272 Amida

371 1309 511 1374 ueniunt
535 1317 569 1373 ot
591 1308 770 1375 detendunt
792 1333 922 1375 omnem
945 1302 1159 1378 intrusionem
1185 1320 1220 1378 et
1246 1313 1401 1388 iniuriam,
1419 1323 1459 1376 set

239 1485 241 1490 ,
371 1413 485 1478 dicunt
508 1413 594 1499 quod
616 1415 717 1479 habet
738 1415 841 1480 filiam
864 1416 1010 1481 eiusdem
1032 1417 1193 1505 Margarie
1216 1418 1253 1481 in
1274 1415 1416 1482 uxorem⁸
1430 1426 1457 1480 et

371 1517 443 1604 ipsa
457 1519 619 1610 Margeria
632 1519 789 1584 concessit
805 1519 836 1584 ei
851 1527 959 1584 totum
975 1520 1026 1584 ius
1040 1541 1135 1585 suum
1156 1520 1198 1586 de
1216 1521 1331 1586 eadem
1345 1521 1459 1586 terrain

371 1622 589 1709 maritaginm,
614 1631 648 1687 et
675 1623 735 1688 hao
760 1623 889 1688 racione
913 1631 1092 1709 posuerunt
1117 1645 1153 1689 se
1178 1624 1214 1688 in
1243 1624 1458 1690 terramillam

372 1726 502 1812 quando
524 1725 738 1792 disracionata
759 1727 833 1792 fuit.
877 1726 921 1791 Et
942 1727 1104 1813 Margeria
1123 1727 1184 1792 hoc
1204 1737 1312 1793 totum
1326 1727 1459 1798 defendit,

372 1839 407 1896 et
429 1831 515 1917 petit
536 1831 688 1896 seisinam
711 1853 804 1895 suam
829 1830 930 1895 talem
953 1830 1084 1916 qualem
1106 1830 1315 1916 recuperauit
1335 1829 1368 1894 in
1386 1829 1459 1893 curia
1534 1852 1535 1911 t

373 1935 468 2000 Dom.
485 1934 593 2021 Regis
639 1934 683 1999 Et
697 1933 855 1999 Ricardns
866 1942 905 1998 et
923 1933 1053 1998 Amicis
1072 1933 1172 1999 nichil
1191 1934 1283 2000 aliud
1296 1933 1458 2006 ostendunt,

373 2047 407 2104 et
422 2039 495 2104 ideo
509 2038 746 2104 consideratum
762 2047 814 2103 est
829 2037 915 2123 quod
930 2036 1093 2124 Margeria
1106 2037 1315 2124 recuperauit
1327 2037 1457 2104 seiainan

373 2165 474 2222 suam,
489 2151 523 2207 et
539 2141 696 2208 Ricardus
710 2143 745 2206 in
760 2142 980 2208 misericordia
989 2152 1053 2209 ete

437 2246 593 2312 ‘Isobella
628 2268 691 2332 que
729 2245 793 2311 fuit
823 2269 904 2312 uxor
932 2247 1063 2312 Radnlfi
1093 2247 1212 2314 Clerici
1239 2247 1340 2334 peciit
1365 2267 1459 2312 uersus

373 2348 553 2414 Robertum
578 2349 682 2414 filium
706 2349 845 2415 Walteri
868 2349 909 2415 de
934 2350 1042 2416 Risele
1067 2351 1201 2416 terciam
1227 2360 1354 2438 partem
1375 2348 1459 2432 xxiiij.

372 2475 431 2519 acr.
448 2443 622 2518 terrenum
638 2462 710 2541 pert
731 2454 765 2519 in
786 2454 895 2518 Risele
916 2462 956 2519 ut
975 2455 1086 2520 dotem
1105 2477 1207 2520 suam.
1252 2455 1297 2519 Et
1318 2455 1461 2520 Robertns

371 2558 503 2623 uocauit
517 2557 594 2623 inde
614 2558 655 2623 ad
671 2567 851 2624 warantum
869 2558 1078 2645 Stephanum
1097 2559 1138 2623 de
1159 2560 1192 2624 la
1206 2560 1319 2645 Legha
1332 2568 1366 2623 et
1379 2558 1462 2644 peciit

372 2664 530 2728 auxilium
546 2664 641 2729 curie.
687 2664 730 2728 Et
750 2664 867 2729 habuit
887 2672 922 2728 et
944 2686 1009 2728 non
1030 2672 1082 2729 est
1102 2672 1241 2728 secutus
1287 2662 1332 2727 Et
1345 2663 1462 2728 clericus

374 2765 574 2831 uiceoomitis
588 2789 719 2852 presens
734 2776 784 2831 est
804 2774 839 2831 et
858 2775 1000 2831 testetur
1020 2766 1106 2852 quod
1125 2765 1253 2831 nullum
1276 2766 1374 2831 breue
1389 2764 1462 2839 tulit,

377 2892 436 2935 nec
452 2870 615 2935 Robertus
630 2870 690 2935 hoo
705 2878 815 2956 potest
828 2870 984 2935 dedicere.
1027 2870 1072 2935 Et
1087 2870 1275 2956 Stephanus
1295 2894 1359 2935 non
1377 2868 1465 2933 uenit
1535 2947 1536 2956 ἵ

376 2974 421 3039 Et
435 2974 509 3040 ideo
524 2974 762 3040 consideratum
777 2983 828 3040 est
843 2975 931 3061 quod
946 2976 1086 3041 Isobella
1104 2976 1311 3061 recuperauit
1330 2974 1466 3040 seiainam

374 3101 465 3143 suam
481 3078 521 3144 de
536 3079 612 3143 dote
627 3101 694 3155 sua,
710 3087 744 3143 et
759 3080 923 3145 Robertus
936 3080 971 3145 in
986 3080 1204 3145 misericordia
1217 3088 1278 3145 ete

437 3181 592 3247 ‘Thomas
607 3182 647 3247 de
664 3182 855 3248 Kaumnilla
869 3184 1069 3249 attachiatus
1083 3185 1147 3249 fuit
1161 3185 1203 3250 ad
1220 3182 1464 3269 respondendum

373 3286 530 3373 Magistro
539 3286 661 3351 Thomc
673 3286 714 3350 de
726 3286 947 3353 Sheneffeldia
957 3310 1056 3374 quare
1066 3288 1223 3353 deforciat
1233 3288 1264 3353 ei
1275 3308 1464 3353 communem
1535 3365 1536 3374 ἵ

372 3400 503 3479 peatnre
525 3414 583 3455 sue
605 3390 640 3455 in
663 3391 883 3456 Sheneffeldia
903 3415 967 3478 que
989 3392 1133 3478 pertinet
1154 3392 1196 3456 ad
1218 3414 1269 3456 xv.
1285 3414 1374 3456 acras
1393 3400 1464 3455 tene
1535 3383 1536 3410 ³

372 3518 445 3561 curn
461 3496 591 3582 pertin
608 3496 721 3561 eadem
744 3496 823 3561 uilla
843 3519 922 3583 quas
942 3486 1031 3561 idem
1053 3496 1193 3561 'ihomas
1215 3496 1257 3561 de
1279 3494 1465 3561 Kannnrrilla

371 3599 406 3665 in
421 3600 511 3665 curia
525 3609 585 3664 ete.
597 3621 701 3685 nuper
714 3600 939 3664 warentizauit
954 3598 1059 3664 eidem
1075 3600 1233 3685 Magistro
1248 3600 1379 3676 Thome,
1390 3596 1461 3661 unde

371 3705 459 3769 idem
482 3704 638 3791 Magister
659 3705 808 3790 queritur
829 3704 915 3791 quod
937 3728 1035 3791 super
1055 3704 1115 3769 hoc
1137 3704 1225 3790 qnod
1247 3702 1458 3769 terramillam

371 3832 447 3873 eum
475 3817 556 3894 pert.
582 3808 612 3872 ei
638 3808 718 3873 alies
741 3808 975 3885 warentizauit,
996 3808 1122 3873 leuauit
1150 3808 1238 3873 idern
1268 3808 1401 3872 Thomas
1424 3804 1456 3867 de

372 3912 575 3977 Kanunuilla
596 3934 700 3977 unum
722 3912 879 3977 fossatum
904 3921 982 3977 ante
1007 3920 1134 3998 portam
1158 3911 1305 3977 eiusdem
1328 3906 1454 3995 Magiam

372 4014 504 4090 Thome,
519 4014 567 4079 ita
582 4015 668 4101 quod
682 4036 747 4079 non
762 4022 871 4100 potest
886 4014 981 4080 exire.

435 4120 481 4184 Et
506 4120 646 4184 Thomas
671 4118 765 4184 uenit
787 4126 822 4184 et
841 4118 991 4184 defendit
1012 4118 1082 4183 uim
1104 4127 1139 4183 et
1160 4114 1311 4183 iniuriam
1331 4124 1364 4181 et
1381 4109 1448 4199 quod

468 4294 639 4347 ¹B.m.9d.
1046 4292 1216 4345 ‘nmen

467 4362 478 4394 ¹
496 4362 677 4422 thbenhoure,
689 4360 719 4410 B.
838 4410 842 4416 ,
1046 4362 1057 4393 ⁸
1073 4360 1104 4411 Β,
1115 4376 1151 4409 m.
1163 4362 1185 4410 Β.
1197 4360 1223 4411 d.

467 4426 478 4458 ³
494 4424 594 4475 Amicis
604 4425 627 4475 ia
639 4426 777 4489 Magarsa
788 4426 924 4489 daughter.
