3167 5075
485 448 623 512 nnsnnn,
645 448 710 499 nn.
735 436 829 510 1224,
851 450 914 499 aa
937 438 967 499 8.
1233 433 1274 497 19

165 617 226 683 nisi
239 616 421 683 custodiam
436 640 512 684 oum
526 619 690 707 Margania
704 618 773 685 filia
787 618 918 685 Ricardi
932 618 1041 685 fratris
1052 617 1106 684 'sui
1118 616 1178 703 'qui
1192 615 1274 682 obiit

162 720 294 787 saisitus
309 720 349 787 de
365 730 452 787 terra
465 722 524 787 illa
537 731 572 788 et
586 723 679 788 ouius
694 730 779 788 tene
794 722 942 788 custodia
955 721 1111 787 remansit
1124 720 1160 785 in
1174 742 1273 785 manu

162 826 303 911 predicti
323 826 481 892 Willelmi
503 834 538 892 eh
559 826 633 892 ideo
654 827 740 913 petil
762 826 918 893 iudicium
940 826 969 891 si
990 826 1131 892 debeant
1152 825 1273 891 donum

161 927 245 993 illud
259 928 476 993 wan-antioona.

227 1030 273 1095 ut
287 1030 447 1119 Magister
461 1030 541 1096 dicit
556 1030 644 1117 quod
658 1032 818 1097 Ricardus
836 1056 1005 1119 nunquam
1024 1032 1102 1099 inde
1121 1032 1274 1097 saisinam

159 1134 289 1213 habuit,
304 1144 339 1201 et
353 1136 414 1201 hoo
434 1136 520 1201 bene
539 1144 633 1223 patet
652 1137 732 1224 quia
751 1137 936 1203 Willelmus
954 1137 1019 1203 fuit
1038 1138 1275 1224 primogenitus

158 1239 263 1304 stater
291 1238 422 1304 Rioardi
451 1246 487 1303 et
515 1238 675 1305 Ricnnius
699 1248 873 1327 postnatus
895 1242 1004 1320 frater,
1030 1248 1065 1306 et
1090 1240 1274 1305 Willelmus

158 1350 256 1429 pober
269 1366 382 1409 eorum
396 1343 479 1409 obiit
493 1344 624 1409 saisitus
638 1344 679 1409 de
695 1352 767 1410 loha
780 1353 869 1410 tens
882 1344 1038 1431 predicta,
1053 1352 1089 1410 et
1107 1353 1182 1431 post
1196 1367 1272 1410 eum

158 1447 348 1513 Willelmus
361 1448 448 1513 filius
462 1471 541 1513 suus
555 1448 695 1515 intrauit
710 1448 928 1515 hereditatem
943 1450 1046 1536 patn's
1056 1450 1108 1515 sui
1118 1457 1154 1515 et
1164 1447 1273 1513 tenuit
1345 1484 1349 1488 <

158 1561 199 1617 ut
222 1553 317 1618 henes
337 1553 442 1640 pahis
463 1553 522 1631 sui,
546 1560 581 1618 et
603 1552 761 1619 Ricardus
783 1553 866 1618 obiit
887 1554 982 1619 annis
1003 1562 1038 1619 eh
1059 1553 1174 1618 diebus
1195 1558 1273 1617 ante

160 1657 364 1723 willelmum
378 1658 512 1723 fratrem
526 1678 634 1735 suum,
649 1664 684 1721 et
698 1657 857 1722 Ricardus
872 1679 1040 1743 nunquam
1059 1656 1124 1722 fuit
1143 1656 1273 1722 saisitus

156 1760 201 1826 de
217 1770 305 1825 terna
318 1760 383 1837 illa,
398 1767 433 1825 et
449 1759 509 1825 hoc
524 1758 679 1825 offerunt¹
694 1760 831 1846 probare
846 1760 931 1825 siout
946 1769 1007 1827 eto.

227 1864 272 1929 Et
305 1863 472 1930 lohannes
501 1871 537 1928 eh
564 1864 677 1950 Agnes
706 1864 822 1929 dicunt
851 1863 938 1951 quod
966 1864 1151 1931 willelmus
1178 1871 1274 1950 pater

158 1968 339 2033 eonmdam
362 1967 522 2033 Willelmi
544 1976 579 2032 et
604 1966 736 2033 Rieatdi
757 1967 850 2033 dedit
871 1977 993 2033 henam
1014 1968 1104 2033 illam
1126 1966 1272 2053 pmdioto

157 2072 301 2137 Ricardo
314 2071 383 2137 filio
397 2094 456 2138 suo
475 2080 628 2158 postnato
647 2093 705 2158 pro
724 2071 876 2157 homagio
895 2094 954 2137 suo
974 2080 1009 2137 eh
1028 2071 1099 2158 ipso
1118 2070 1272 2136 defuneto

156 2176 347 2240 Willelmus
372 2175 474 2240 frater
498 2196 577 2240 suus
601 2184 642 2239 ut
663 2174 813 2261 capitalis
834 2174 985 2240 dominus
1006 2174 1129 2260 recepit
1150 2181 1270 2238 terram

154 2278 250 2343 illam
265 2277 301 2342 in
315 2277 495 2343 custodiam
510 2285 546 2343 eh
560 2276 634 2341 ideo
647 2284 768 2363 petunt
783 2276 860 2342 inde
875 2276 1042 2343 iudicium.

225 2381 271 2446 Et
294 2380 453 2467 Magister
472 2379 554 2445 diois
575 2380 662 2466 quod
685 2380 714 2445 si
736 2380 786 2445 ita
809 2388 896 2445 osset
918 2380 1066 2468 predicta
1085 2381 1198 2470 Agnes
1219 2388 1271 2446 est

154 2483 254 2550 heres
274 2482 420 2550 eiusdem
435 2483 593 2550 Willelmi
612 2492 648 2550 el
666 2483 768 2550 habet
788 2483 1007 2552 hereditatem
1027 2507 1120 2551 suam
1140 2492 1175 2552 eh
1194 2484 1270 2551 inde

152 2588 245 2674 petit
260 2587 419 2653 iudicium
434 2587 462 2653 si
476 2588 596 2654 debeat
611 2599 733 2655 henum
747 2589 839 2655 illam
853 2591 1063 2656 warentizare
1077 2590 1133 2656 uel
1146 2613 1221 2669 non,
1236 2599 1271 2656 et

151 2693 177 2758 J
177 2692 327 2758 ohannes
341 2702 376 2758 at
389 2694 502 2779 Agnes
516 2701 637 2779 petunt
655 2695 808 2760 similiter
826 2695 903 2760 inda
922 2695 1088 2760 iudicium.
1133 2695 1271 2762 Concor-

152 2796 227 2862 dnti
242 2805 331 2862 sunt.

95 2971 102 2982 ,
220 2898 445 2965 'Thurstanus
474 2900 504 2965 le
534 2900 719 2988 Despeoser
754 2903 841 2989 petit
877 2925 990 2968 uemus
1026 2902 1192 2969 Abbatem
1228 2901 1269 2967 de

149 3003 374 3072 Abbendonia
393 3004 480 3091 quod
499 3005 609 3092 capiat
628 3006 817 3094 homagium
838 3017 874 3073 et
894 3007 1089 3074 racionabile
1110 3006 1269 3072 releuium

150 3110 261 3197 ipsius
274 3109 453 3174 Tharstnni
473 3109 515 3175 de
535 3109 637 3176 libem
657 3119 847 3177 tenemento
868 3135 927 3177 suo
949 3111 1036 3199 quod
1057 3119 1151 3176 tenet
1171 3119 1207 3176 et
1228 3111 1269 3176 de

148 3214 272 3280 eodem
292 3213 426 3279 Abbnte
448 3221 561 3280 tenere
583 3215 704 3280 elamat
723 3215 759 3280 in
781 3215 979 3281 Garsintona
993 3223 1063 3293 eto,
1078 3214 1166 3280 unde
1180 3213 1269 3279 idem

151 3319 364 3384 Thurstonus
378 3317 460 3383 dicit
474 3318 562 3405 quod
576 3317 743 3384 Walterus
757 3318 799 3384 de
815 3319 1012 3385 Gatsintona
1025 3327 1119 3384 tenet
1139 3317 1269 3383 feodum

150 3423 233 3490 dim
251 3423 367 3488 militis
380 3423 417 3488 in
431 3423 545 3489 eadem
560 3423 642 3488 uilla
660 3422 703 3488 da
717 3423 883 3488 Willelmo
901 3423 944 3488 de
963 3424 997 3488 la
1015 3423 1106 3488 Mare
1127 3430 1162 3487 et
1180 3420 1268 3486 idem

151 3527 345 3594 Willelmus
359 3527 442 3592 illud
461 3527 550 3594 idem
570 3527 701 3594 feodum
721 3536 816 3594 tenet
834 3528 876 3594 de
895 3529 1010 3594 eodem
1030 3528 1214 3594 Thumtano
1233 3534 1269 3592 et

151 3633 233 3699 inde
262 3631 341 3697 feeit
362 3632 551 3719 homagium
573 3655 670 3698 suum
692 3631 799 3698 eidem
822 3632 1007 3698 Thumtano
1029 3638 1064 3696 et
1085 3629 1269 3695 Almaricus

151 3747 253 3824 pater
273 3757 353 3801 suus
374 3735 451 3801 inde
473 3736 538 3802 fuit
559 3735 656 3801 homo
677 3735 820 3802 Abbatis
844 3734 1078 3822 predecessoris
1099 3732 1269 3820 predictis⁸

150 3841 300 3908 Abbatis
322 3847 357 3905 et
378 3847 473 3926 pater
493 3861 572 3904 suus
594 3839 658 3904 fuit
677 3839 754 3904 inde
774 3840 906 3905 saisitus
925 3849 961 3904 et
980 3839 1063 3904 obiit
1081 3838 1212 3904 saisitus
1226 3837 1268 3903 de

150 3945 252 4012 feodo
265 3945 323 4010 illo
338 3951 373 4010 eh
387 3943 449 4009 hoo
463 3943 558 4008 offert
572 3952 634 4008 eho.

224 4049 269 4114 Et
291 4045 405 4114 Abbas
426 4045 521 4112 uenit
540 4053 575 4111 et
594 4045 675 4110 dicit
695 4047 782 4133 quod
796 4069 862 4111 non
876 4046 976 4112 debet
989 4045 1065 4111 inde
1080 4045 1268 4133 homagium

153 4175 256 4220 suum
278 4174 402 4240 capere,
425 4150 502 4237 quia
523 4148 610 4215 idam
633 4150 838 4215 'lhurstanus
859 4147 975 4213 nichil⁴
995 4148 1032 4213 in
1053 4149 1168 4214 eadem
1185 4148 1270 4213 uilla

190 4340 428 4468 :ffliffu‘iion
449 4402 586 4454 chronius
607 4402 690 4468 (nnn
773 4336 1005 4474 :hilm

157 4468 471 4536 summumne„
