3167 5075
296 410 337 475 36
602 420 750 483 rurum,
774 420 837 468 an.
862 404 955 479 1224,
978 417 1041 467 sn.
1064 406 1091 467 8.

295 592 365 657 siue
380 599 465 669 ante,
479 589 695 678 primogenita
709 587 843 653 haberet
857 593 964 651 totum
979 592 1204 651 tenementum
1219 583 1289 649 sine
1308 590 1401 669 parte

297 718 396 783 quam
424 694 487 760 alie
516 693 635 759 habere
664 697 805 779 possent,
825 697 861 755 et
888 689 1040 754 similiter
1067 688 1096 753 si
1121 687 1188 753 filie
1212 687 1268 753 ille
1293 692 1403 751 efflent

298 798 448 863 maritate
462 802 687 883 postmortem
702 791 804 880 patris
823 791 875 858 sui
896 814 970 857 cum
992 790 1117 856 catallis
1138 788 1240 876 patris
1260 787 1314 854 sui
1332 786 1403 853 sins

298 900 552 967 contrediccionc
567 907 601 965 et
612 920 679 964 uua
689 918 800 963 earum
811 902 994 961 remaneret
1004 894 1039 959 in
1050 894 1133 959 atrio
1143 893 1200 959 illa
1210 893 1246 958 in
1255 891 1338 957 atrio
1353 900 1404 956 to·

299 1014 370 1071 tum
385 1012 608 1071 tenementum
617 1002 719 1090 patris
729 1024 841 1067 earum
855 1000 1011 1065 retineret
1022 998 1092 1064 sine
1102 1006 1195 1085 parte
1205 998 1290 1063 sicut
1303 996 1401 1083 prius

363 1110 461 1176 Iusta
486 1130 549 1197 que
576 1108 641 1173 fnit
662 1130 743 1173 uxor
766 1105 897 1172 Ricardi
918 1105 978 1171 filii
998 1104 1156 1171 Willelmi
1181 1104 1266 1191 petit
1289 1124 1403 1168 uersus

239 1248 245 1262 ·
299 1213 473 1301 Hugonem
502 1234 670 1299 personam
699 1211 740 1277 de
766 1210 989 1275 Pilardintona
1013 1209 1146 1275 terciam
1172 1216 1299 1295 partem
1322 1206 1403 1271 dim.

299 1316 376 1382 hide
397 1325 482 1382 terre
503 1338 578 1382 cum
603 1322 683 1403 pert
706 1314 741 1380 in
764 1313 987 1379 Pilardintona
1008 1321 1048 1378 ut
1069 1313 1179 1378 dotem
1200 1334 1292 1377 suam
1315 1310 1403 1376 unde

298 1419 462 1507 predictus
476 1418 634 1485 Ricardus
648 1418 811 1505 quondam
825 1417 878 1483 uir
891 1440 970 1483 suus
984 1438 1057 1482 eam
1070 1416 1199 1482 dotauit
1214 1425 1273 1482 etc

364 1522 408 1587 Et
428 1522 527 1609 Hugo
544 1521 638 1587 uenit
659 1528 694 1586 et
714 1519 794 1586 dicit
815 1518 901 1607 quod
920 1519 992 1605 ipsa
1009 1541 1075 1584 non
1089 1518 1187 1585 debet
1201 1517 1278 1583 inde
1291 1516 1403 1583 dotem

300 1625 426 1704 habere,
440 1624 518 1712 quia
531 1622 688 1691 Ricardus
702 1624 754 1689 uir
768 1646 848 1689 suus
861 1621 1034 1710 aliquando
1049 1622 1158 1688 tenuit
1172 1630 1293 1688 terram
1312 1620 1402 1685 illam

300 1728 340 1794 ds
355 1750 393 1793 eo
407 1727 449 1793 ad
462 1728 588 1792 firmam
603 1725 795 1814 quandoque
809 1725 852 1791 ad
865 1725 940 1812 plus
960 1725 1151 1813 quandoque
1170 1724 1213 1791 ad
1232 1724 1340 1789 minus
1354 1724 1404 1789 ita

300 1826 386 1913 quod
414 1826 587 1914 aliquando
616 1826 679 1892 fuit
707 1825 796 1891 idem
824 1822 997 1891 Ricardus²
1022 1824 1205 1911 prepositus
1233 1824 1326 1889 suus¹
1351 1831 1403 1889 set

299 1938 411 2017 postea
424 1930 459 1997 iu
473 1929 590 1996 ultimo
603 1928 719 1996 itinere
740 1927 991 1994 iusticiariorum
1010 1928 1098 2014 opud
1117 1926 1342 1995 Conuintriam
1360 1949 1403 1993 ne

300 2035 369 2122 ipsc
383 2035 483 2123 Hugo
497 2034 664 2101 uideretur
678 2035 781 2099 succro
796 2032 949 2099 iniuriam
963 2033 1135 2098 aramiauit
1154 2033 1223 2119 ipse
1241 2032 1403 2121 quandam

300 2138 439 2206 iuratam
464 2138 507 2205 ad
529 2137 820 2227 recognoscendum
844 2146 957 2203 utrum
982 2146 1069 2203 terra
1093 2138 1151 2203 illa
1168 2137 1173 2223 Ι
1193 2147 1278 2204 essct
1302 2138 1404 2204 libera

300 2242 475 2308 elemosina
499 2242 665 2330 pertinens
690 2240 732 2307 ad
757 2240 925 2307 ecclesiam
951 2263 1044 2307 suam
1065 2262 1108 2306 an
1130 2241 1250 2307 inicum
1273 2242 1404 2307 feodum

301 2346 432 2413 Ricardi
453 2354 522 2424 etc,
536 2355 571 2412 et
592 2346 726 2411 tandem
748 2345 842 2411 uenit
863 2344 951 2410 idem
976 2344 1134 2411 Ricardus
1155 2353 1190 2410 et
1210 2344 1352 2411 reddidit
1373 2344 1405 2409 ei

301 2450 521 2517 terramillam
535 2458 574 2516 ut
589 2449 796 2515 elemosinam
811 2450 944 2515 ecclesio
958 2472 1016 2515 sue
1030 2458 1101 2529 etc,
1113 2459 1148 2515 et
1162 2451 1245 2516 bene
1259 2449 1406 2517 defendit

301 2555 387 2643 quod
405 2555 562 2622 Ricardus
581 2555 634 2620 uir
652 2577 730 2621 suus
749 2555 803 2621 die
822 2577 887 2643 quo
906 2579 978 2621 eam
995 2556 1203 2644 desponsauit
1217 2580 1282 2623 non
1295 2557 1405 2623 tenuit

301 2668 421 2726 terram
445 2660 535 2726 illam
557 2659 592 2725 in
614 2659 706 2725 feodo
727 2661 776 2726 ita
797 2659 883 2747 quod
905 2681 978 2725 eam
999 2660 1111 2726 dotare
1132 2661 1251 2748 potuit,
1272 2670 1307 2726 et
1328 2660 1404 2726 inde

300 2765 394 2852 ponit
412 2787 447 2830 ss
466 2786 564 2852 super
584 2764 731 2831 iuratam
777 2765 822 2830 Et
841 2765 939 2830 Iueta
956 2764 1113 2843 similiter,
1127 2765 1206 2852 quia
1223 2765 1303 2831 dicit
1319 2764 1406 2852 quod

301 2868 437 2934 candem
452 2876 571 2934 terram
585 2869 789 2955 recuperauit
803 2867 856 2933 uir
866 2891 946 2934 suus
956 2891 1069 2934 uersus
1079 2868 1220 2934 eundem
1230 2870 1405 2957 Hugonem

301 2991 360 3055 per
377 2969 506 3036 assisam
529 2991 612 3035 noue
631 2968 798 3036 disseisine
817 2977 946 3057 captam
968 2992 1075 3036 coram
1088 2970 1275 3036 iusticiariis
1288 2971 1405 3036 ultimo

276 3153 279 3160 Ι
301 3071 529 3140 itinerantibus
546 3075 635 3161 apud
649 3075 882 3141 Loiruestriam.
927 3075 971 3140 Et
991 3074 1064 3140 ideo
1084 3074 1143 3140 fiat
1159 3075 1236 3141 inde
1249 3075 1357 3140 iurata
1370 3085 1407 3141 ct

302 3176 414 3245 ueniat
429 3178 489 3244 tali
502 3177 612 3244 dicad
625 3180 917 3267 recognoscendum
936 3179 965 3244 si
984 3179 1071 3245 idem
1091 3179 1249 3246 Ricardus
1269 3180 1323 3246 die
1344 3188 1406 3246 etc

301 3282 410 3348 tenuit
424 3290 543 3348 terram
557 3283 648 3350 illam
662 3283 697 3349 in
711 3284 804 3351 feodo
818 3284 867 3351 ita
881 3284 967 3371 quod
980 3293 1040 3351 etc

366 3385 516 3452 Dsoanus
530 3386 571 3452 de
586 3386 777 3453 Herefordia
790 3411 849 3475 pro
868 3409 903 3454 se
923 3395 958 3453 et
978 3387 1130 3475 capitulo
1150 3388 1282 3454 ecclesie
1302 3387 1407 3455 Here-

302 3486 402 3553 sordie
430 3487 515 3574 petit
544 3511 657 3554 uersus
686 3489 880 3556 Matiliidem
909 3512 973 3577 que
998 3489 1063 3556 fuit
1089 3513 1172 3556 uxor
1199 3489 1337 3556 Wolteri
1365 3490 1406 3556 de

302 3591 463 3678 Huseleye
477 3591 656 3657 custodiam
670 3593 694 3658 J
695 3593 830 3658 ohannis
844 3593 906 3658 filii
919 3602 955 3660 et
971 3594 1097 3661 heredis
1116 3594 1254 3682 predicti
1268 3593 1408 3660 Walteri

302 3693 394 3760 cuius
407 3694 554 3761 custodia
567 3694 609 3760 ad
624 3719 678 3761 eos
697 3696 841 3784 pertinet
861 3697 989 3763 racione
1010 3699 1190 3764 tenementi
1211 3698 1298 3786 quod
1317 3697 1407 3764 idem

301 3794 465 3862 Walterus
486 3796 527 3862 de
549 3797 596 3864 eis
618 3798 726 3865 tenuit
747 3799 783 3865 in
804 3800 1003 3879 Wiuestona,
1025 3801 1111 3867 unde
1136 3802 1200 3889 ipsi
1226 3810 1408 3890 queruntur

301 3898 388 3986 quod
401 3921 460 3986 per
473 3900 533 3966 hoc
548 3901 633 3988 quod
647 3901 718 3988 ipsa
731 3901 852 3969 iniuste
867 3903 1021 3970 defomiat
1032 3905 1063 3969 ei
1074 3905 1252 3971 custodiam
1266 3905 1356 3970 illum
1370 3913 1407 3970 et

301 4001 439 4088 impedit
454 4002 501 4068 eis
515 4002 663 4069 seisinam
679 4027 772 4072 suam
787 4005 829 4071 de
843 4006 990 4072 custodia
1003 4014 1089 4073 terre
1108 4007 1253 4073 ciusdem
1268 4008 1408 4073 Wolteri

301 4103 488 4172 deteriorati
509 4113 586 4172 suut
607 4114 643 4171 et
664 4108 843 4194 dampnum
863 4109 985 4177 habent
1003 4109 1047 4176 ad
1065 4111 1246 4176 uolenciam
1260 4133 1285 4177 c
1299 4111 1356 4177 sol.
1371 4121 1409 4178 at

301 4208 376 4274 inde
391 4207 573 4294 producunt
587 4219 708 4278 sectam
722 4220 783 4280 etc

332 4373 415 4425 ¹'l'hs
436 4372 536 4438 copyist
558 4389 623 4426 onoc
644 4391 716 4429 more
738 4378 825 4432 writes
908 4378 1327 4442 'Thaumastionsecmstoba
1342 4379 1405 4432 that

299 4439 663 4493 nuarimtucdornuoram.
875 4459 976 4496 urears
986 4445 1072 4497 would
1083 4443 1365 4496 notbectrcsholdcr.
