3167 5075
326 411 647 472 irremunerata
674 398 767 473 1225,
789 411 853 461 nu„
877 397 992 462 9-10.
1147 397 1210 458 535

123 580 246 646 reddidit
273 581 438 646 Willelmo
467 580 608 647 Briwere
637 590 673 645 et
697 580 775 646 inde
798 589 894 646 uocat
919 603 995 645 eum
1021 579 1063 644 ed
1088 601 1211 644 waran-

123 694 185 748 tum
202 695 256 750 ete
299 686 345 751 Et
370 684 445 750 ideo
473 686 593 751 haheat
619 708 695 750 eum
721 684 763 749 ed
786 694 967 749 warantum
990 693 1050 750 etc.
1074 684 1134 750 tali
1156 683 1210 750 die

122 799 172 854 ete.

56 901 92 963 88.
175 893 343 960 ¹Henricne
356 893 398 960 de
414 895 502 981 Oilly
510 894 596 980 petit
611 893 937 958 uereusWillelmum
950 893 1064 957 Baeeet
1079 892 1210 958 feodum
1264 911 1330 954 οιω.

121 997 184 1062 dim
203 982 314 1063 militie
335 1021 410 1064 cum
431 1008 513 1085 pert.
535 998 571 1062 in
593 996 783 1084 Hispedene
804 1005 843 1062 ut
865 997 916 1061 ius
937 1003 972 1061 et
994 997 1210 1062 hereditatem

120 1123 196 1166 ruam
211 1111 278 1177 etc,
292 1103 370 1188 quia
382 1103 524 1188 quedam
539 1102 676 1167 Matillis
690 1101 731 1166 dc
748 1101 836 1187 Oylli
850 1101 933 1166 illud
953 1101 1083 1166 feodum
1100 1103 1209 1167 tenuit

119 1215 245 1292 tempore
260 1207 303 1272 Η
320 1207 420 1294 Regis
434 1207 536 1293 patris
556 1205 786 1292 Imperatricie,
802 1206 958 1291 capiendo
978 1205 1054 1270 inde
1077 1205 1208 1291 expleta

118 1316 177 1385 etc,
186 1319 218 1374 et
226 1310 266 1374 de
277 1310 350 1396 ipsa
363 1310 525 1375 Matillide
540 1309 657 1376 debuit
670 1309 855 1396 predictum
870 1310 1001 1375 feodum
1014 1309 1208 1375 descendere

118 1413 230 1479 cuidem
251 1415 395 1480 Roberto
420 1415 461 1480 de
488 1415 577 1502 Oylli
599 1415 685 1480 sicut
710 1415 932 1501 propinquiori
956 1413 1068 1480 heredi
1090 1438 1148 1480 suo
1170 1437 1209 1480 eo

117 1517 191 1602 quod
212 1520 339 1584 nullum
364 1519 516 1584 heredem
540 1519 658 1585 habuit
686 1519 727 1584 de
757 1541 886 1605 corpore
916 1543 975 1584 suo
1004 1529 1038 1584 et
1067 1521 1108 1585 de
1137 1521 1208 1607 ipso

118 1621 243 1686 Roberto
267 1622 411 1688 Henrieo
434 1622 475 1687 de
499 1623 587 1709 Oylli
610 1622 697 1709 patri
722 1622 818 1687 istius
844 1622 987 1698 Hernici,
1011 1632 1046 1688 et
1072 1623 1113 1688 de
1138 1623 1209 1709 ipeo

116 1723 242 1790 Heurieo
257 1726 316 1791 isti
330 1725 473 1791 Henrioo
489 1733 559 1803 etc,
575 1733 610 1791 et
624 1726 685 1791 hae
699 1725 826 1791 racione
841 1726 928 1812 petit
942 1727 1011 1812 ipse
1026 1725 1208 1811 predictum

115 1826 229 1893 feodum
243 1839 305 1894 etc.
321 1839 356 1894 et
370 1830 430 1894 hoc
444 1831 539 1894 offert
554 1829 640 1914 otu!

169 1933 209 1996 Et
223 1934 407 1998 willelmus
421 1933 537 1998 Baeae't
551 1933 645 1998 uenit
660 1941 694 1997 et
711 1931 858 1998 defendit
880 1932 932 1996 ius
953 1955 1049 1997 suum
1072 1941 1107 1997 et
1127 1932 1209 1998 dicit

115 2036 189 2119 quod
208 2038 381 2102 Briennius
400 2036 488 2102 filius
503 2037 641 2103 Comitis
654 2036 838 2122 predictum
854 2035 984 2100 feodum
998 2035 1078 2102 dim.
1094 2035 1209 2102 militie

113 2139 193 2205 dedit
211 2142 342 2207 cuidam
364 2141 553 2207 Osemundo
574 2142 690 2206 Baecet
711 2163 774 2205 auo
796 2140 891 2205 istius
906 2140 1064 2205 Willelmi
1085 2141 1208 2218 Beseet,

114 2245 163 2330 qui
175 2245 279 2331 ipeum
295 2246 427 2311 feodum
442 2245 562 2322 tenuit,
576 2254 610 2310 et
632 2244 673 2310 de
695 2244 767 2330 ipso
789 2244 977 2309 Osemundo
991 2243 1209 2310 descendebat

113 2348 156 2412 ius
181 2350 267 2415 illius
296 2350 384 2416 feodi
412 2349 489 2415 dim
518 2348 634 2414 militie
662 2348 808 2414 Johanni
840 2349 955 2414 Baeeet
990 2349 1078 2435 patri
1113 2348 1209 2415 istius

114 2448 256 2518 Wiilelmi
281 2454 397 2518 Baeeet
421 2452 479 2539 qui
503 2452 611 2539 ipsum
634 2451 765 2516 feodum
789 2452 898 2516 tenuit
924 2460 994 2530 etc,
1016 2460 1050 2517 et
1072 2451 1112 2517 de
1139 2452 1209 2540 ipso

113 2554 249 2623 Johanne
278 2559 396 2623 Baeeet
425 2557 594 2622 deseendit
622 2556 675 2621 ius
703 2556 806 2643 ipsius
834 2556 922 2621 feodi
958 2556 1014 2621 isti
1043 2556 1209 2622 Willelmo

112 2656 215 2725 Baeet
228 2662 316 2728 siout
330 2661 398 2725 filio
412 2670 447 2725 et
461 2661 574 2726 heredi
589 2684 656 2738 suo,
671 2670 706 2727 et
721 2661 797 2726 inde
818 2662 940 2747 profert
962 2669 1084 2727 cartem
1106 2660 1209 2748 ipeiue

112 2763 234 2832 Brienni
254 2767 316 2832 filii
339 2766 478 2833 Comitis
501 2789 565 2853 que
586 2767 647 2831 hoc
666 2774 816 2832 testatur.
861 2767 988 2831 Profert
1010 2766 1112 2831 eciam
1134 2788 1208 2832 con·

112 2866 319 2935 firmeoionem
340 2869 488 2956 'Regum
517 2870 561 2936 H.
586 2869 643 2935 eui
672 2878 731 2935 etc
756 2878 791 2934 et
821 2869 921 2955 Regis
945 2869 968 2934 J
971 2868 1120 2936 ohannie¹
1146 2892 1209 2956 que

112 2980 241 3039 testatur
260 2985 332 3052 etc,
354 2984 390 3039 et
411 2974 472 3039 hae
493 2974 622 3039 racione
643 2974 778 3039 uidetur
800 2973 832 3037 ei
856 2973 942 3058 quod
965 2996 1031 3039 non
1056 2974 1154 3039 debet
1178 2973 1209 3038 ei

111 3078 300 3161 repondere,
315 3087 350 3142 et
363 3077 392 3142 si
406 3077 468 3142 hoc
482 3099 547 3142 non
561 3077 690 3153 sufficit,
704 3076 792 3141 dicet
807 3076 904 3141 aliud

168 3181 209 3246 Et
244 3182 410 3247 Henrieue
445 3182 540 3246 uenit
568 3190 604 3246 et
632 3181 714 3246 dicit
742 3180 829 3267 quod
859 3189 949 3245 earta
977 3180 1035 3245 illa
1063 3188 1098 3245 et
1135 3202 1209 3246 con-

110 3282 299 3352 firmarionee
327 3287 458 3372 Regum
486 3308 552 3351 nou
581 3285 704 3350 debent
732 3284 764 3349 ei
791 3307 914 3362 nocere,
938 3285 1017 3370 quia
1044 3284 1209 3370 predictus

109 3384 259 3455 Briennue
273 3390 361 3456 filius
376 3390 515 3457 Comitis
534 3391 643 3476 ipsum
663 3389 794 3455 feodum
816 3389 891 3454 dim
908 3389 1023 3454 militis
1044 3390 1121 3454 dare
1143 3412 1208 3454 non

110 3495 215 3575 potuit,
243 3496 324 3583 quia
351 3495 422 3581 ipse
451 3516 619 3581 nunquam
648 3494 779 3559 feodum
809 3494 892 3561 illud
921 3494 1030 3559 tenuit
1058 3493 1122 3559 nisi
1151 3516 1210 3579 per

109 3593 294 3665 Metillidem
318 3599 360 3664 de
387 3599 475 3686 Oyili
501 3621 565 3686 que
592 3599 657 3664 fuit
682 3622 765 3663 uxor
786 3622 847 3664 sua
872 3606 906 3663 et
932 3599 1024 3663 cuius
1046 3597 1209 3665 hereditas

109 3698 205 3785 ipsum
227 3704 360 3770 feodum
386 3712 466 3782 erat,
489 3712 524 3769 et
546 3704 632 3788 petit
657 3701 949 3768 consideracionem
979 3702 1067 3768 curie
1096 3710 1208 3767 utrum

108 3801 204 3888 iprum
218 3807 342 3873 donum
357 3805 476 3873 stabile
490 3806 610 3873 debeet
624 3828 694 3871 esse
708 3828 769 3871 nec
783 3828 832 3871 ne.
879 3806 923 3870 Et
942 3808 1064 3892 profert
1086 3814 1208 3872 eertum

109 3905 146 3970 H.
169 3909 268 3997 Regis
293 3911 397 3997 patrie
421 3909 643 3997 Imperatrieie
665 3910 702 3975 in
725 3932 791 3997 que
816 3910 1003 3975 continetur
1027 3910 1114 3996 quod
1139 3910 1209 3996 ipse

108 4013 245 4079 concedit
274 4014 526 4081 conuencionem
555 4017 676 4083 factam
704 4019 793 4085 inter
823 4020 1019 4085 Metillidem
1048 4020 1088 4087 dc
1121 4021 1209 4109 Oylli

110 4138 232 4184 uxorem
262 4120 399 4186 Brienni
426 4121 487 4186 filii
516 4122 656 4189 Comitio
680 4131 716 4189 et
751 4126 933 4191 Robertum
971 4125 1011 4191 de
1050 4125 1138 4213 Oylli
1168 4124 1209 4191 de

136 4288 293 4344 mereo.
482 4272 485 4275 ’
680 4294 897 4346 renumerat
913 4294 965 4346 anu
985 4294 1057 4347 uem
1074 4296 1210 4348 rouowsa

136 4352 173 4384 Η
185 4356 263 4419 Repie
282 4360 393 4409 Heariei
412 4361 458 4409 aui
477 4362 533 4410 teil.
553 4361 626 4411 Dore.
679 4362 864 4413 confirmation
876 4362 910 4426 by
921 4360 1001 4412 John.
1035 4363 1065 4412 A.

109 4418 177 4480 Recio
196 4424 304 4472 rfenrm
320 4424 378 4486 fitis·
397 4426 475 4487 Repir
494 4426 628 4475 Jofrarrnr'e.
