3167 5075
455 428 595 491 sessus,
615 428 681 481 sn.
706 416 801 491 lusi,
823 429 888 479 sn
909 418 939 479 a
1211 415 1253 484 27

149 610 197 665 eos
221 599 341 665 factam
354 598 515 664 'fecerunt
540 598 628 663 inter
652 620 707 664 eos
729 600 965 687 cyrographum
990 600 1183 686 predictum,
1205 603 1254 668 its

148 702 230 789 quod
251 701 348 769 Assh’
370 702 496 767 nullam
520 700 634 767 hebet¹
656 701 809 767 seisinsm
830 702 872 767 de
894 703 1042 789 predicte.
1061 711 1156 770 terre
1208 706 1255 770 Et

148 806 318 871 Gemusius
349 805 411 871 hoc
440 826 506 869 non
533 803 644 891 potuit
676 804 835 871 dedicere.
895 806 939 871 Et
975 804 1050 871 ideo
1084 819 1255 875 remaneat

146 909 297 975 iudicium
319 909 443 975 fectum
467 930 574 975 corum
598 908 721 974 eisdem
744 908 932 976 iusticisriis
955 918 991 977 et
1015 911 1192 978 (lemasius
1218 912 1254 977 in

147 1012 361 1079 misericordia
375 1020 411 1079 et
425 1011 663 1098 cyrographum
677 1012 904 1080 adnichilatur.

98 1160 104 1173 ·
205 1117 377 1203 Philippus
393 1116 434 1183 de
449 1116 541 1181 Bello
561 1116 674 1181 Monte
695 1117 782 1204 petit
800 1141 914 1184 uersus
935 1119 1076 1185 Aliciem
1098 1119 1140 1185 de
1162 1120 1255 1186 Bello
1348 1135 1383 1165 ⁰²

147 1222 253 1286 Monte
268 1228 421 1307 quartam
435 1228 565 1307 purtem
578 1220 664 1285 feodi
674 1221 699 1306 j.
712 1222 828 1288 militis
842 1245 917 1288 cum
929 1232 1010 1310 pert
1022 1223 1058 1287 in
1073 1224 1255 1311 Iengcume

146 1334 181 1389 ut
208 1325 259 1391 ius
290 1332 327 1390 et
357 1324 574 1390 hereditatem
598 1347 700 1402 suem,
724 1332 759 1391 et
784 1326 821 1391 in
844 1348 944 1412 quam
966 1326 1039 1413 ipsa
1060 1326 1168 1393 Alicis
1189 1350 1255 1393 non

146 1428 257 1493 hebuit
281 1427 465 1515 ingressum
487 1428 551 1493 nisi
575 1451 634 1514 per
656 1429 860 1495 Willelmum
883 1431 999 1496 Busun
1022 1431 1169 1516 quinon
1190 1432 1255 1496 nisi

145 1532 322 1597 custodium
336 1532 413 1597 iude
429 1532 546 1598 hebuit
560 1532 640 1599 dum
655 1533 743 1601 idem
758 1533 931 1620 Philippus
944 1535 1009 1600 fuit
1027 1534 1113 1601 infra
1131 1544 1255 1603 etatem

145 1644 181 1701 ut
194 1636 283 1702 dicit.

206 1741 249 1805 Et
278 1740 387 1805 Aliciu
414 1739 509 1805 uenit
538 1746 573 1805 et
602 1762 667 1805 non
696 1739 845 1805 defendit
873 1740 926 1805 ius
954 1764 1051 1807 suum
1084 1750 1136 1808 set
1171 1742 1255 1809 bene

146 1844 308 1931 cognoscit
333 1844 420 1931 quod
444 1844 610 1909 termille
633 1844 758 1909 estius
783 1866 880 1909 sunm
904 1852 939 1909 et
962 1845 1050 1932 quod
1074 1845 1255 1933 ingressum

93 1964 96 1971 '
147 1948 241 2014 habet
268 1971 331 2035 per
358 1947 542 2034 predictum
571 1947 775 2014 willelmum
805 1947 862 2033 qui
891 1969 1023 2033 presens
1051 1957 1103 2013 est
1131 1958 1167 2015 et
1195 1949 1256 2014 hoo

146 2052 315 2139 cognoscit,
329 2060 380 2117 set
394 2051 476 2117 dicit
490 2051 577 2139 quod
591 2060 712 2117 tenum
726 2051 818 2115 illem
833 2050 940 2117 eidem
954 2050 1061 2117 Alicio
1075 2052 1256 2139 assigneuit

146 2158 179 2222 in
192 2158 303 2223 dotem
318 2158 416 2223 simul
431 2180 506 2223 cnm
520 2157 586 2223 sliu
601 2166 688 2223 terra
702 2179 801 2243 quem
821 2155 893 2243 ipss
911 2156 1014 2221 hsbet
1031 2156 1067 2221 in
1086 2155 1205 2234 dotem,
1220 2166 1257 2223 et

145 2259 212 2345 ipsu
224 2261 287 2327 hoc
302 2260 467 2347 cognoscit
481 2268 516 2326 et
531 2259 611 2325 dicit
632 2259 719 2346 quod
739 2268 827 2325 terre
845 2282 944 2346 quem
966 2259 1067 2325 hebet
1087 2259 1123 2324 in
1144 2259 1256 2326 dotem

146 2386 207 2429 non
226 2364 357 2431 excedit
376 2365 517 2431 terciam
531 2372 659 2451 purtem
679 2363 872 2429 hereditatis
891 2364 1030 2449 predicti
1049 2363 1203 2450 Philippi,
1219 2373 1256 2432 et

145 2468 171 2531 si
198 2467 328 2533 excedit
356 2468 440 2533 bene
469 2468 616 2533 concedit
645 2466 732 2555 quod
757 2466 931 2554 Philippus
955 2466 1075 2533 hebeat
1100 2468 1255 2555 quicquid

145 2573 323 2640 excesserit
1305 2635 1309 2642 .

207 2678 251 2742 Et
265 2677 374 2744 Alicia
387 2677 469 2744 dicit
489 2677 575 2764 quod
595 2677 735 2764 quednm
756 2684 845 2742 terra
863 2676 904 2742 de
927 2676 1118 2763 Shyrewills
1136 2678 1255 2744 eccidit

144 2780 245 2847 cidem
261 2781 416 2868 Philippo
430 2787 505 2868 post
520 2790 658 2848 mortem
673 2781 806 2849 Ricardi
825 2780 928 2866 petris
947 2781 999 2846 sui
1018 2790 1053 2847 et
1071 2781 1205 2848 uidetur
1223 2783 1255 2848 ei

144 2885 226 2970 quod
240 2885 319 2952 inde
335 2885 446 2952 dotem
461 2885 580 2952 hebere
596 2885 695 2952 dehet
708 2886 807 2951 simul
821 2909 897 2952 cum
916 2885 983 2951 eliu
1001 2894 1088 2952 term
1107 2909 1171 2973 que
1190 2887 1255 2953 fuit

145 2988 243 3073 putris
264 2988 319 3056 sui
341 2997 401 3056 etc
424 2997 459 3054 et
480 2989 566 3055 hene
587 2989 751 3078 cognoscit
773 2989 861 3076 quod
881 2989 1042 3056 Riccrdns
1062 2999 1157 3077 puter
1177 3014 1256 3057 suns

144 3113 204 3158 uon
219 3093 284 3160 luit
298 3093 378 3160 inde
392 3093 523 3160 scisitus
537 3093 591 3160 die
606 3116 671 3180 quo
685 3116 757 3160 eam
773 3093 984 3180 desponseuit
997 3117 1060 3160 nec
1072 3103 1195 3180 postes

204 3197 249 3265 Ilt
271 3197 448 3284 Philippus
469 3197 551 3264 dicit
572 3198 659 3284 quod
682 3197 843 3264 Ricsrdus
865 3207 960 3286 peter
983 3221 1063 3264 suus
1087 3221 1254 3286 nunquam

144 3300 293 3367 seisinem
312 3300 431 3366 hebuit
450 3300 492 3366 de
511 3309 600 3366 terra
618 3301 676 3368 ille
697 3309 732 3368 et
753 3302 828 3368 ideo
848 3303 936 3389 petit
956 3302 1113 3369 iudicium
1135 3301 1257 3388 siipse

145 3403 258 3470 debeat
273 3403 353 3469 inde
368 3402 480 3468 dotem
499 3404 627 3470 hebere.
673 3405 717 3470 Et
738 3404 813 3471 ideo
835 3405 1074 3471 consideratum
1096 3404 1255 3489 estquod

145 3505 313 3594 Philippus
329 3506 535 3593 recuperauit
549 3507 701 3574 seisinum
712 3530 806 3574 susm
817 3515 852 3573 et
862 3507 971 3574 Aliciu
980 3507 1016 3572 in
1026 3506 1254 3583 misericordis.

146 3610 226 3677 etsi
247 3611 322 3696 ipsu
342 3609 485 3676 uoluerit
507 3610 593 3696 quod
614 3618 700 3676 terre
723 3633 787 3697 que
810 3611 944 3677 hseumt
964 3609 1096 3676 Ricardi
1116 3609 1181 3678 uiri
1203 3611 1256 3676 sui

146 3713 227 3778 unde
249 3713 340 3779 idem
362 3713 521 3780 Ricardus
543 3713 625 3779 obiit
646 3714 777 3780 seisitus
797 3714 1025 3790 extendentur,
1039 3721 1075 3780 et
1093 3712 1256 3781 sihsbeet

145 3817 183 3882 de
197 3818 292 3886 terris
307 3817 374 3884 illis
388 3818 498 3882 minus
512 3824 598 3884 terre
613 3839 711 3903 quem
727 3818 847 3884 hebere
861 3816 980 3884 debeut
999 3816 1036 3882 in
1050 3816 1162 3885 dotem
1175 3825 1256 3887 tunc

145 3922 174 3988 ei
208 3924 406 4010 perficietur,
435 3923 464 3988 si
500 3923 573 4009 plus
609 3924 789 4011 superplus’
817 3932 1003 3991 reuertatur
1037 3922 1081 3990 sd
1115 3923 1255 3992 eundem

146 4027 342 4117 Philippum,
357 4028 435 4114 quie
448 4028 519 4114 ipsa
538 4051 705 4115 nunquam
725 4028 836 4094 dotem
855 4027 999 4114 aliquam
1017 4027 1137 4096 hahere
1156 4027 1256 4095 debet

147 4131 183 4198 de
197 4141 389 4202 tenemento
404 4133 491 4219 quod
505 4155 674 4219 nunquam
689 4133 809 4200 eccidit
823 4131 894 4199 uiro
908 4155 969 4199 suo
982 4131 1057 4200 etc.¹

48 4233 107 4301 978.
155 4254 157 4258 ’
207 4237 329 4312 tutata
358 4237 451 4304 uenit
484 4237 690 4324 recognitum
725 4258 784 4323 per
819 4258 1009 4304 consensum
1046 4236 1190 4323 parcium
1227 4235 1255 4302 si
1313 4255 1369 4296 nne.

179 4401 274 4452 ¹Corr.
293 4402 436 4464 habetest).
472 4400 528 4452 'Phe
539 4401 675 4464 pmtiesto
758 4401 916 4459 mesos,

149 4463 189 4514 the
200 4467 250 4516 fine
261 4465 318 4518 hed
330 4465 442 4530 nothing
454 4466 482 4516 in
494 4465 538 4517 the
549 4465 620 4517 lund.
835 4475 838 4478 ’
