3167 5075
317 376 435 431 conen
455 378 555 441 enon,
577 376 642 429 ln.
666 360 827 439 1236—7,
846 376 912 428 na
934 364 986 427 21.
1139 360 1204 425 213

172 553 194 629 J
194 560 333 618 oratores
346 552 461 617 dicunt
475 550 562 638 quod
576 549 709 637 quidam
723 548 838 615 boscus
852 547 1027 634 dliqucndo
1040 546 1104 611 fuit
1117 567 1204 611 oom-

118 657 212 721 munis
224 657 271 722 ito
289 656 377 744 quod
396 679 425 722 v.
445 654 619 742 participes
637 654 771 718 fuerunt
791 652 849 739 qui
867 651 1052 717 h'ebuerunt
1070 651 1204 715 boscum

116 760 197 825 illum
216 782 418 827 communem
440 767 475 824 et
495 766 610 844 postea
630 756 671 822 de
693 777 849 821 consensu
869 755 1012 841 ipsorum
1032 755 1120 820 facta
1140 752 1204 818 luit

115 864 236 949 particio
254 864 341 930 inter
355 886 409 929 eos
423 862 510 950 quod
525 862 663 949 quilibet
677 860 814 926 heberet
827 868 955 947 partem
969 882 1062 924 suam
1077 859 1204 945 separer

115 967 218 1044 biliter}
245 976 279 1032 et
309 988 495 1032 concessum
524 965 588 1030 suit
617 964 704 1052 quod
733 964 872 1051 quilibet
903 971 1012 1050 posset
1047 971 1204 1028 assmtarc

114 1078 224 1155 partem
251 1092 346 1136 suam
376 1078 410 1135 et
439 1068 536 1135 blada
572 1068 724 1147 excolere,
754 1068 846 1132 salua
881 1075 993 1133 tamen
1028 1065 1206 1152 unicuique
1284 1098 1288 1105 ·

113 1172 240 1259 ipsorum
265 1196 438 1239 commune
463 1172 610 1259 herbagii
632 1181 706 1259 post
726 1171 826 1237 bledo
846 1180 1019 1257 asportate,
1041 1178 1076 1235 et
1096 1170 1206 1256 plures

113 1284 342 1343 cssmtcuemnt
363 1284 491 1362 purtem
512 1297 614 1352 suam,
629 1283 680 1341 set
701 1275 816 1340 boscus
837 1274 892 1339 ille
914 1274 955 1339 de
975 1295 1039 1360 quo
1059 1272 1207 1359 queritur

112 1400 167 1442 non
187 1388 262 1443 tunc
284 1377 350 1443 fuit
371 1385 557 1455 assartetue
580 1385 615 1442 et
637 1377 715 1463 quia
735 1376 800 1442 iste
821 1376 865 1443 ad
886 1398 984 1463 quem
1005 1376 1069 1441 iste
1091 1376 1207 1441 boscus

111 1484 241 1567 pertinet
269 1504 359 1547 nunc
387 1481 561 1547 amarteuit
591 1482 754 1568 quandum
780 1489 917 1568 partem,
940 1481 1020 1546 tulit
1042 1480 1207 1567 predictus

112 1586 271 1673 Wymarus
297 1588 399 1652 breue
422 1586 462 1652 de
486 1608 573 1652 nouo
595 1585 772 1652 disseisina
817 1586 879 1651 Set
902 1584 980 1671 quic
1004 1584 1207 1670 recognitum

112 1690 256 1777 estquod
275 1691 392 1756 boscus
411 1690 460 1756 ite
478 1690 621 1776 partitus
641 1690 706 1755 fuit
724 1689 812 1755 inter
831 1688 1014 1776 participes,
1027 1686 1208 1754 considera·

113 1802 177 1859 tum
196 1802 246 1860 eet
267 1794 357 1881 quod
378 1794 543 1881 predictus
564 1794 653 1859 Elios
674 1815 741 1859 non
761 1792 940 1859 diescisiuit
964 1815 1049 1869 eum,
1070 1799 1106 1857 et
1134 1791 1208 1856 ideo

112 1898 190 1963 Elias
208 1898 278 1963 sine
299 1898 354 1963 die
374 1906 409 1963 et
423 1898 598 1984 Wymorus
616 1898 652 1962 in
671 1896 896 1963 misericordia
941 1897 986 1961 Et
998 1896 1082 1961 bene
1096 1894 1209 1961 licebit

112 2001 274 2089 unicuique
306 2001 458 2089 participi
486 2009 644 2067 essartare
670 2000 806 2067 boscum
834 2023 939 2078 suum,
961 2000 1053 2065 sclua
1073 1999 1209 2065 cuilibet

111 2104 241 2189 ipsorum
257 2127 433 2171 commune
445 2112 579 2191 pasture
593 2127 651 2170 sue
665 2112 740 2191 post
754 2104 852 2170 bleda
865 2113 901 2170 et
914 2105 990 2170 fena
1003 2112 1176 2190 asportata

48 2202 82 2269 99.
166 2208 276 2275 Assisa
294 2209 391 2274 uenit
409 2209 615 2296 recognitum
633 2208 662 2274 si
681 2209 867 2274 Willelmus
884 2208 926 2273 de
945 2209 1065 2273 Boset
1084 2207 1211 2273 Willel-

111 2330 175 2375 mus
193 2311 233 2377 de
252 2311 442 2378 Bildesdnle
461 2312 583 2377 iniuste
604 2320 665 2379 etc.
686 2311 933 2377 disscisiuerunt
947 2311 1149 2377 Willelmum
1168 2311 1210 2377 de

110 2413 242 2480 Bartone
261 2425 298 2481 et
321 2416 470 2481 Emmem
493 2437 624 2481 uxorem
643 2416 714 2481 eius
728 2414 770 2481 de
784 2415 886 2481 libero
900 2423 1088 2483 tenemento
1102 2439 1161 2482 suo
1174 2416 1211 2483 in

111 2522 367 2611 Oswaldeskyrk¹
382 2532 456 2611 post
471 2532 531 2592 etc
547 2533 582 2590 et
596 2525 683 2591 unde
698 2524 847 2612 queritur
861 2524 948 2613 quod
965 2524 1211 2593 disseisiuerunt

110 2650 177 2694 eum
190 2630 231 2695 de
246 2651 319 2694 una
332 2629 514 2716 acceptati

167 2733 209 2798 Et
217 2733 409 2801 Willelmue
422 2733 651 2800 etWillelmus
665 2734 805 2800 ueniunt
819 2741 854 2799 ct
868 2733 983 2800 dieunt
992 2734 1078 2821 quod
1086 2734 1211 2802 nullam

109 2834 244 2900 lecenmt
273 2834 480 2901 disseisinam
503 2859 563 2901 nec
586 2835 710 2923 cliquid
733 2836 877 2902 clamant
898 2836 935 2902 in
957 2845 1051 2923 prato
1072 2836 1138 2914 illo,
1160 2844 1212 2902 set

110 2960 213 3005 uerum
233 2941 356 3006 uolunt
375 2939 490 3007 dicere.
535 2941 677 3022 Quidam
696 2941 815 3006 Petrus
833 2941 875 3007 de
894 2942 978 3007 Brus
992 2941 1087 3007 uenit
1103 2941 1211 3028 hospi·

110 3051 228 3110 taturus
243 3044 287 3110 ad
305 3044 439 3110 domum
453 3045 569 3126 suam',
585 3045 712 3133 etquis
726 3045 843 3112 habuit
857 3046 1013 3113 defaltum
1031 3047 1100 3113 feni
1118 3046 1212 3112 uenit

110 3147 151 3212 ibi
168 3149 316 3215 eenricus
336 3171 415 3214 suus
435 3157 470 3214 et
489 3149 596 3214 uoluit
615 3172 722 3215 emere
742 3172 847 3215 unum
868 3150 1060 3216 mullonem'
1080 3159 1212 3238 propter

109 3255 332 3321 necessitatem
351 3253 442 3319 illam
463 3262 498 3318 et
517 3276 583 3319 non
601 3253 666 3320 fuit
685 3254 804 3341 aliquis
823 3254 881 3342 qui
898 3254 1007 3321 uoluit
1025 3254 1058 3320 ei
1071 3255 1212 3322 uendere

111 3365 139 3423 ct
169 3359 238 3445 ipse
269 3359 362 3445 cepit
391 3359 504 3424 fenum
532 3359 615 3425 illud
644 3368 776 3445 propter
803 3358 1030 3425 necessitatem
1058 3359 1150 3425 illcm
1178 3369 1214 3426 et

110 3464 230 3546 quando
251 3463 317 3529 hoc
339 3462 439 3528 sciuit
460 3463 582 3550 optulit
602 3464 935 3551 recompensacionem
955 3464 992 3530 in
1012 3465 1087 3530 feno
1115 3471 1151 3531 et
1178 3463 1216 3530 in

110 3565 174 3633 aliis
188 3577 223 3634 et
236 3569 311 3656 ipoc
327 3569 388 3633 hoc
402 3568 573 3634 recusauit.
894 3643 897 3647 ,

168 3671 211 3735 Et
225 3671 417 3736 Willelmus
432 3671 473 3736 de
488 3671 632 3736 Bsrtona
646 3679 681 3736 et
694 3671 813 3737 Emma
831 3693 913 3736 uxor
932 3670 1003 3736 eiue
1021 3670 1160 3736 ueniunt
1179 3679 1217 3737 et

111 3768 216 3837 dicunt
230 3772 323 3859 quod
338 3771 515 3837 disseisiuit
531 3794 585 3837 eos
599 3772 641 3838 de
656 3771 768 3838 eodem
783 3780 877 3860 prato
891 3781 927 3838 et
940 3773 1001 3838 hoc
1019 3772 1103 3838 bene
1121 3781 1216 3859 potet

112 3877 247 3960 quando⁴
268 3877 414 3943 balliuus
433 3875 535 3962 ipsius
550 3876 708 3942 Willelmi
727 3877 768 3942 de
783 3878 850 3942 Ros
864 3877 993 3963 quando
1007 3877 1119 3942 fenum
1133 3876 1217 3944 illud

111 3980 285 4064 asporteuit
306 3979 392 4045 dixit
413 3978 499 4065 quod
519 3986 651 4065 pratum
671 3979 754 4045 illud
771 3988 806 4045 et
825 3979 930 4044 solum
949 3978 1014 4044 fuit
1028 3978 1152 4045 domini
1164 3979 1217 4045 nui

113 4089 143 4144 et
156 4080 230 4146 inde
245 4067 367 4148 habuit
381 4081 483 4148 bonas
497 4089 602 4148 certus
616 4090 655 4148 ut
669 4082 808 4162 dicebat,
819 4090 854 4148 et
864 4082 993 4170 quando
1004 4083 1064 4149 hoc
1074 4083 1217 4174 ostendit

140 4217 149 4250 ¹
165 4218 338 4280 Omldkirk,
349 4218 496 4272 Yorkshiro.
721 4219 732 4253 ¹
750 4222 840 4280 Multo,
851 4223 948 4284 mico,
961 4219 1096 4286 shnyrick
1106 4235 1136 4273 or
1153 4220 1217 4286 hay·

140 4282 326 4336 ''Phissecme
340 4285 386 4336 tbe
401 4285 461 4348 ples
477 4286 506 4337 ol
520 4285 637 4338 William
687 4286 759 4338 cook.

111 4347 139 4398 de
158 4348 220 4410 Ros,
241 4349 332 4402 'vrhosc
359 4355 465 4402 servm
491 4351 536 4402 the
562 4351 639 4402 other
721 4352 896 4415 *Computa
908 4351 951 4417 (t).

112 4413 221 4464 Willimn
233 4415 266 4466 ic.
