3167 5075
317 431 321 439 ·
418 415 486 466 an.
510 399 668 480 1226-7,
690 415 756 467 aa.
783 402 919 466 10-11.
1158 396 1222 468 657

121 587 276 654 Robertsu
287 587 504 676 distringatur
518 588 561 653 ad
574 587 850 654 warentizandum
865 587 919 653 uel
930 587 973 653 ad
984 586 1221 653 ostendendum

120 713 211 778 quare
227 714 292 756 non
307 690 406 756 debet
421 691 453 756 ei
468 691 684 756 warentizare.

179 794 221 858 Et
237 792 434 859 constancia
447 793 540 858 uenit
556 801 590 857 et
605 793 686 858 dicit
704 792 791 879 quod
811 793 912 858 nichil
934 793 1055 859 clamat
1076 794 1112 859 in
1134 801 1221 859 terra

115 895 169 960 illa
181 894 243 960 nisi
258 894 438 974 custodiam
453 917 528 961 cum
544 894 653 981 pueris
667 895 735 960 suis
755 895 814 980 qui
832 903 911 960 sunt
933 895 1019 962 infra
1039 904 1162 962 etatem
1185 905 1221 962 et

115 998 244 1064 heredes
273 998 413 1084 predicti
442 998 609 1064 Willelmi.
665 998 709 1063 Et
739 998 800 1063 hoc
825 998 891 1063 fuit
920 1006 1087 1064 testatum.
1141 1000 1220 1065 Ideo

114 1109 301 1188 expectetur
326 1111 397 1167 etas
426 1124 611 1188 puerorum,
635 1109 670 1166 et
695 1102 878 1188 perqui1at¹
903 1125 938 1168 se
967 1126 1080 1169 uersus
1109 1126 1163 1170 eos
1191 1103 1222 1170 si

114 1206 251 1270 uoluerit
265 1228 340 1271 cum
356 1206 399 1273 ad
414 1214 539 1272 etatem
554 1215 616 1272 etc.

171 1309 342 1374 Juratores
367 1309 482 1374 dicunt
507 1308 595 1396 quod
617 1309 784 1375 Walterus
811 1311 843 1376 le
873 1311 1108 1377 Chamberlane
1137 1311 1220 1376 obiit

111 1411 239 1478 scisitus
262 1413 304 1478 de
326 1413 483 1499 predictis
505 1413 633 1479 duabus
656 1414 803 1479 bouatis'
826 1423 913 1482 terre
939 1424 979 1480 ut
1003 1416 1044 1481 dc
1066 1415 1159 1480 feodo
1184 1423 1220 1482 et

110 1517 194 1603 quod
208 1518 373 1583 Robertus
388 1518 599 1605 propinquior
613 1519 706 1584 heres
721 1519 792 1584 eius
813 1528 872 1598 est,
887 1529 923 1585 et
938 1520 1025 1606 quod
1039 1519 1122 1585 obiit
1135 1520 1220 1586 infra

110 1622 295 1687 terminum.
326 1621 370 1686 Et
385 1621 458 1687 ideo
473 1622 712 1688 consideratum
727 1624 880 1710 estquod
894 1625 1057 1691 Robertus
1070 1644 1220 1710 recuper-

108 1725 177 1790 auit
191 1725 346 1792 saisinam
361 1749 453 1792 suam
469 1735 503 1792 et
518 1727 679 1792 Radulfus
694 1728 730 1792 in
744 1727 971 1796 misericordia

36 1827 75 1896 ll.
171 1829 322 1916 Elewysa
335 1829 376 1894 de
392 1829 592 1895 Fstuteuilla
606 1831 664 1895 dat
678 1853 706 1896 v.
723 1851 849 1896 marcas
863 1854 921 1917 pro
932 1830 1048 1897 diuisis
1063 1830 1218 1898 faciendis
1230 1850 1287 1889 Not·
1294 1848 1352 1900 quor
1380 1844 1384 1850 ’

106 1933 192 1999 inter
206 1935 314 2020 ipsam
329 1942 364 1999 et
378 1934 545 1999 Abbatem
560 1933 600 1999 de
617 1935 760 1999 Eboraco
775 1935 816 2000 de
831 1944 919 2000 terra
932 1935 1035 2021 ipsius
1055 1935 1218 2000 Helewise
1229 1900 1362 1992 iiim

1229 1990 1308 2030 binatio
1316 1992 1372 2030 lutor

105 2037 139 2101 in
154 2039 340 2104 Herletona
354 2047 388 2102 et
408 2038 449 2103 de
469 2045 557 2103 terra
577 2037 680 2124 ipsius
700 2039 842 2104 Abbatis
861 2039 897 2103 in
920 2039 1127 2126 Ootingwico.
1172 2040 1217 2104 Et
1228 2037 1337 2123 ffilffl
1345 2042 1367 2078 ‘³‘

104 2141 276 2207 sciendum
291 2142 378 2228 quod
393 2141 634 2227 perambulacio
646 2142 746 2207 debet
757 2143 830 2208 fieri
840 2143 928 2207 inter
938 2143 1100 2228 predictas
1114 2150 1218 2208 tenus
1228 2130 1380 2218 mla*

1228 2223 1343 2270 muman

103 2267 161 2332 per
175 2269 347 2312 assensum
362 2246 486 2310 Thome
502 2245 563 2312 lilii
582 2245 742 2310 Willelmi
762 2245 900 2312 waranti
918 2245 971 2312 sui
990 2246 1031 2312 de
1051 2245 1128 2312 dote
1148 2269 1215 2314 sua
1227 2272 1334 2360 m

105 2348 147 2414 Et
162 2350 225 2414 liat
239 2348 482 2436 perambulacio
497 2347 572 2413 etc⁸.

35 2455 66 2520 ’2,
167 2452 305 2518 ⁴Simon
334 2451 477 2516 Muhaut
507 2451 594 2538 petit
622 2473 739 2517 uersus
768 2451 910 2518 Aliciam
940 2474 1004 2539 que
1033 2451 1098 2518 fuit
1134 2474 1219 2517 uxor

101 2556 267 2623 Willelmi
295 2557 336 2622 de
365 2557 508 2623 Muhaut
533 2557 714 2622 custodiam
741 2566 827 2623 terre
853 2566 889 2623 et
910 2557 1039 2623 heredis
1068 2557 1215 2623 eiusdem
1227 2582 1373 2677 pompm

100 2660 264 2727 Willelmi
291 2684 331 2726 ea
355 2661 483 2726 racione
508 2660 595 2746 quod
620 2661 730 2727 tenuit
753 2670 876 2727 terram
900 2683 994 2725 suam
1018 2661 1060 2726 dc
1089 2683 1128 2725 eo
1156 2676 1345 2762 perffiopg

98 2767 280 2832 seruicium
296 2766 445 2831 militare.
492 2766 536 2831 Et
550 2765 659 2831 Alicio
673 2766 766 2831 uenit
781 2774 817 2831 et
836 2764 918 2831 dicit
933 2764 1021 2851 quod
1034 2787 1101 2829 non
1114 2765 1214 2831 debet
1226 2768 1363 2863 afflat

96 2870 174 2936 inde
191 2869 379 2937 custodiam
394 2868 522 2948 habere,
543 2868 622 2955 quia
641 2870 788 2935 feoffauit
809 2869 995 2956 predictum
1012 2870 1213 2934 Willelmum
1225 2863 1364 2995 {2⁹33}de

95 2972 136 3039 de
161 2982 360 3041 tenemento
383 2996 442 3038 suo
468 2974 617 3039 faciendo
642 2974 819 3039 seruicium
842 2975 976 3040 Falconi
1000 2975 1040 3039 de
1069 2976 1212 3039 Breaute
1224 3012 1345 3094 ffl⁸⁰¹'

94 3088 176 3143 tunc
191 3078 332 3164 capitali
347 3077 479 3143 domiuo
494 3078 640 3143 eiusdem
656 3079 750 3145 feodi.
796 3080 840 3144 Et
860 3079 937 3144 inde
951 3080 1073 3165 profert
1087 3086 1211 3143 cartam
1224 3094 1346 3181 pamm

94 3181 249 3247 eiusdem
278 3180 428 3255 Simonis,
454 3202 518 3265 que
544 3189 689 3246 testatur
714 3181 803 3268 quod
832 3182 947 3248 Simon
969 3180 1062 3247 dedit
1091 3189 1212 3245 terram
1224 3188 1378 3273 mugga*

92 3285 188 3350 illam
225 3282 375 3372 predicto
404 3283 570 3348 Willelmo
607 3283 708 3348 libere
745 3292 779 3349 et
816 3285 929 3370 quiete
966 3293 1026 3349 etc
1064 3280 1378 3349 faciendo‘⁸‘¹¹“¹⁶“⁰⁴*

92 3389 298 3455 forinsecum
318 3386 494 3452 seruicium
513 3395 673 3472 quantum
694 3386 736 3451 ad
756 3387 894 3451 eandem
916 3394 1037 3451 terram
1059 3385 1212 3471 pertinet.

93 3494 137 3558 Et
177 3514 289 3579 quum
325 3512 391 3555 non
427 3490 616 3556 continetur
645 3490 681 3555 in
710 3499 801 3556 carta
829 3490 916 3576 quod
950 3489 1071 3555 debeat
1107 3489 1212 3555 facere

91 3601 298 3667 forinsecum
319 3597 493 3663 seruitium
517 3597 712 3683 capitalibus
734 3597 881 3674 dominis,
898 3596 1147 3663 Consideratum
1161 3602 1213 3661 est

91 3706 181 3793 quod
199 3705 320 3771 Simon
336 3704 473 3767 donator
488 3702 610 3767 habeat
624 3703 807 3768 custodiam
821 3710 907 3767 terre
923 3710 958 3767 et
973 3700 1110 3767 heredis

35 3822 51 3887 ι,
156 3808 304 3875 Juliana
333 3828 398 3892 que
427 3804 506 3869 fuit⁵
534 3805 672 3871 Robcrti
695 3804 736 3870 do
766 3803 957 3869 Berefordia
985 3802 1072 3889 petit
1096 3825 1210 3868 uersus

90 3913 254 3979 Siredam
269 3934 333 3997 que
348 3910 413 3975 fuit
429 3932 508 3974 uxor
517 3909 666 3975 Ricardi⁶
676 3909 717 3974 dc
730 3906 918 3973 Berefordia
932 3907 1067 3973 terciam
1081 3914 1210 3992 partem

88 4016 195 4082 tercie
212 4012 322 4101 partis
337 4012 439 4078 trium
454 4034 556 4077 oaruc
573 4020 660 4077 terre
675 4033 750 4075 cum
765 4018 848 4097 pert.
863 4009 899 4074 in
913 4009 1108 4077 Berefordia

120 4252 131 4283 1
148 4248 259 4299 Robert
270 4245 315 4296 tho
326 4244 449 4309 plaintiff.
712 4246 724 4279 ⁸
742 4246 841 4309 Supply
851 4262 923 4299 ocor.

119 4315 131 4347 ¹
149 4314 211 4364 The
224 4318 280 4363 two
290 4310 352 4361 held
363 4310 396 4374 by
408 4308 501 4373 Ralph.
712 4311 724 4344 ⁸
739 4310 1206 4377 Roborthadtwosons.(1)1tiohard‚

118 4380 131 4414 ⁸
149 4379 223 4429 'l'his
235 4377 263 4426 is
274 4376 340 4427 Fila
355 4378 447 4441 Droyt
459 4377 499 4426 65.
682 4376 718 4443 (2)
730 4376 816 4429 Elias.

117 4448 130 4481 ⁴
147 4444 220 4495 This
233 4441 261 4491 is
271 4441 339 4495 stu.
355 4443 447 4499 (tarde,
459 4442 517 4491 152.

177 4558 218 4611 n.
246 4556 298 4609 111.
1079 4548 1121 4611 42
