<?xml version="1.0" encoding="UTF-8"?>
<!DOCTYPE html PUBLIC "-//W3C//DTD XHTML 1.0 Transitional//EN"
    "http://www.w3.org/TR/xhtml1/DTD/xhtml1-transitional.dtd">
<html xmlns="http://www.w3.org/1999/xhtml" xml:lang="en" lang="en">
 <head>
  <title>
</title>
<meta http-equiv="Content-Type" content="text/html;charset=utf-8" />
  <meta name='ocr-system' content='tesseract 3.04.00' />
  <meta name='ocr-capabilities' content='ocr_page ocr_carea ocr_par ocr_line ocrx_word'/>
</head>
<body>
  <div class='ocr_page' id='page_1' title='image "bractonsnoteboo03maitgoog_0476.png"; bbox 0 0 3167 5075; ppageno 0'>
   <div class='ocr_carea' id='block_1_1' title="bbox 351 379 1149 456">
    <p class='ocr_par' dir='ltr' id='par_1_1' title="bbox 351 379 1149 456">
     <span class='ocr_line' id='line_1_1' title="bbox 351 379 1149 456; baseline -0.004 -10"><span class='ocrx_word' id='word_1_1' title='bbox 351 385 415 447; x_wconf 76' lang='lat'><strong>462</strong></span> <span class='ocrx_word' id='word_1_2' title='bbox 664 395 806 456; x_wconf 80' lang='lat' dir='ltr'><strong>armar,</strong></span> <span class='ocrx_word' id='word_1_3' title='bbox 827 395 891 444; x_wconf 73' lang='lat' dir='ltr'><strong>an.</strong></span> <span class='ocrx_word' id='word_1_4' title='bbox 918 381 1011 455; x_wconf 76' lang='lat'><strong>1223,</strong></span> <span class='ocrx_word' id='word_1_5' title='bbox 1033 395 1095 446; x_wconf 76' lang='lat' dir='ltr'><strong>aa</strong></span> <span class='ocrx_word' id='word_1_6' title='bbox 1119 379 1149 447; x_wconf 83' lang='lat'><strong>7.</strong></span> 
     </span>
    </p>
   </div>
   <div class='ocr_carea' id='block_1_2' title="bbox 217 567 1547 3879">
    <p class='ocr_par' dir='ltr' id='par_1_2' title="bbox 217 567 1547 3151">
     <span class='ocr_line' id='line_1_2' title="bbox 349 567 1464 656; baseline 0 -21"><span class='ocrx_word' id='word_1_7' title='bbox 349 580 495 656; x_wconf 88' lang='lat' dir='ltr'><strong>tempore</strong></span> <span class='ocrx_word' id='word_1_8' title='bbox 517 591 632 656; x_wconf 79' lang='lat' dir='ltr'>guerre</span> <span class='ocrx_word' id='word_1_9' title='bbox 652 568 899 634; x_wconf 73' lang='lat' dir='ltr'><strong>combusserunt</strong></span> <span class='ocrx_word' id='word_1_10' title='bbox 919 567 1076 654; x_wconf 82' lang='lat' dir='ltr'><strong>capellam</strong></span> <span class='ocrx_word' id='word_1_11' title='bbox 1094 590 1187 633; x_wconf 85' lang='lat' dir='ltr'><strong>suam</strong></span> <span class='ocrx_word' id='word_1_12' title='bbox 1211 577 1246 634; x_wconf 88' lang='lat' dir='ltr'><strong>et</strong></span> <span class='ocrx_word' id='word_1_13' title='bbox 1269 579 1464 636; x_wconf 77' lang='lat' dir='ltr'><strong>ornamenta</strong></span> 
     </span>
     <span class='ocr_line' id='line_1_3' title="bbox 349 671 1463 760; baseline 0 -22"><span class='ocrx_word' id='word_1_14' title='bbox 349 672 471 760; x_wconf 84' lang='lat' dir='ltr'><strong>capelle</strong></span> <span class='ocrx_word' id='word_1_15' title='bbox 500 696 558 738; x_wconf 77' lang='lat' dir='ltr'><strong>rue</strong></span> <span class='ocrx_word' id='word_1_16' title='bbox 588 680 622 738; x_wconf 86' lang='lat' dir='ltr'><strong>et</strong></span> <span class='ocrx_word' id='word_1_17' title='bbox 652 680 824 737; x_wconf 86' lang='lat' dir='ltr'><strong>traxerunt</strong></span> <span class='ocrx_word' id='word_1_18' title='bbox 853 671 1015 758; x_wconf 85' lang='lat' dir='ltr'><strong>quandam</strong></span> <span class='ocrx_word' id='word_1_19' title='bbox 1047 671 1239 758; x_wconf 81' lang='lat' dir='ltr'><strong>imaginem¹</strong></span> <span class='ocrx_word' id='word_1_20' title='bbox 1261 695 1321 759; x_wconf 87' lang='lat' dir='ltr'><strong>per</strong></span> <span class='ocrx_word' id='word_1_21' title='bbox 1341 674 1463 740; x_wconf 83' lang='lat' dir='ltr'><strong>collum</strong></span> 
     </span>
     <span class='ocr_line' id='line_1_4' title="bbox 350 775 1465 861; baseline 0.001 -20"><span class='ocrx_word' id='word_1_22' title='bbox 350 800 454 852; x_wconf 82' lang='lat' dir='ltr'><strong>suum,</strong></span> <span class='ocrx_word' id='word_1_23' title='bbox 480 785 514 842; x_wconf 90' lang='lat' dir='ltr'><strong>et</strong></span> <span class='ocrx_word' id='word_1_24' title='bbox 539 777 581 841; x_wconf 93' lang='lat' dir='ltr'><strong>de</strong></span> <span class='ocrx_word' id='word_1_25' title='bbox 604 777 661 840; x_wconf 89' lang='lat' dir='ltr'><strong>illa</strong></span> <span class='ocrx_word' id='word_1_26' title='bbox 684 776 846 841; x_wconf 87' lang='lat' dir='ltr'><strong>uiolencia</strong></span> <span class='ocrx_word' id='word_1_27' title='bbox 868 776 969 841; x_wconf 86' lang='lat' dir='ltr'><strong>traxit</strong></span> <span class='ocrx_word' id='word_1_28' title='bbox 994 798 1048 840; x_wconf 88' lang='lat' dir='ltr'><strong>eos</strong></span> <span class='ocrx_word' id='word_1_29' title='bbox 1071 776 1106 840; x_wconf 93' lang='lat' dir='ltr'><strong>in</strong></span> <span class='ocrx_word' id='word_1_30' title='bbox 1129 775 1288 861; x_wconf 85' lang='lat' dir='ltr'><strong>placitum</strong></span> <span class='ocrx_word' id='word_1_31' title='bbox 1313 777 1348 841; x_wconf 92' lang='lat' dir='ltr'><strong>in</strong></span> <span class='ocrx_word' id='word_1_32' title='bbox 1374 777 1465 842; x_wconf 84' lang='lat' dir='ltr'><strong>curia</strong></span> 
     </span>
     <span class='ocr_line' id='line_1_5' title="bbox 349 880 1464 967; baseline 0.002 -23"><span class='ocrx_word' id='word_1_33' title='bbox 349 880 580 945; x_wconf 75' lang='lat' dir='ltr'><strong>cristianitatis.</strong></span> <span class='ocrx_word' id='word_1_34' title='bbox 626 881 670 944; x_wconf 88' lang='lat' dir='ltr'><strong>Et</strong></span> <span class='ocrx_word' id='word_1_35' title='bbox 685 880 758 945; x_wconf 90' lang='lat' dir='ltr'><strong>ideo</strong></span> <span class='ocrx_word' id='word_1_36' title='bbox 773 880 1012 944; x_wconf 82' lang='lat' dir='ltr'><strong>consideratum</strong></span> <span class='ocrx_word' id='word_1_37' title='bbox 1028 880 1179 966; x_wconf 84' lang='lat' dir='ltr'><strong>estquod</strong></span> <span class='ocrx_word' id='word_1_38' title='bbox 1195 903 1308 946; x_wconf 82' lang='lat' dir='ltr'><strong>omnes</strong></span> <span class='ocrx_word' id='word_1_39' title='bbox 1322 882 1464 967; x_wconf 78' lang='lat' dir='ltr'><strong>predicti</strong></span> 
     </span>
     <span class='ocr_line' id='line_1_6' title="bbox 348 983 1467 1071; baseline 0.002 -23"><span class='ocrx_word' id='word_1_40' title='bbox 348 984 425 1049; x_wconf 90' lang='lat' dir='ltr'><strong>inde</strong></span> <span class='ocrx_word' id='word_1_41' title='bbox 446 984 559 1070; x_wconf 84' lang='lat' dir='ltr'><strong>quieti,</strong></span> <span class='ocrx_word' id='word_1_42' title='bbox 581 991 615 1048; x_wconf 87' lang='lat' dir='ltr'><strong>et</strong></span> <span class='ocrx_word' id='word_1_43' title='bbox 639 984 841 1069; x_wconf 89' lang='lat' dir='ltr'><strong>prohibitum</strong></span> <span class='ocrx_word' id='word_1_44' title='bbox 865 993 915 1048; x_wconf 86' lang='lat' dir='ltr'><strong>est</strong></span> <span class='ocrx_word' id='word_1_45' title='bbox 938 983 1098 1068; x_wconf 85' lang='lat' dir='ltr'><strong>Margerie</strong></span> <span class='ocrx_word' id='word_1_46' title='bbox 1121 983 1207 1070; x_wconf 93' lang='lat' dir='ltr'><strong>quod</strong></span> <span class='ocrx_word' id='word_1_47' title='bbox 1231 1007 1297 1049; x_wconf 91' lang='lat' dir='ltr'><strong>non</strong></span> <span class='ocrx_word' id='word_1_48' title='bbox 1320 986 1467 1071; x_wconf 80' lang='lat' dir='ltr'><strong>amplius</strong></span> 
     </span>
     <span class='ocr_line' id='line_1_7' title="bbox 349 1085 996 1173; baseline -0.003 -21"><span class='ocrx_word' id='word_1_49' title='bbox 349 1096 505 1173; x_wconf 86' lang='lat' dir='ltr'><strong>sequatur</strong></span> <span class='ocrx_word' id='word_1_50' title='bbox 519 1095 552 1152; x_wconf 91' lang='lat' dir='ltr'><strong>et</strong></span> <span class='ocrx_word' id='word_1_51' title='bbox 568 1087 666 1152; x_wconf 85' lang='lat' dir='ltr'><strong>faciat</strong></span> <span class='ocrx_word' id='word_1_52' title='bbox 680 1087 767 1173; x_wconf 80' lang='lat' dir='ltr'><strong>ipsos</strong></span> <span class='ocrx_word' id='word_1_53' title='bbox 781 1086 908 1151; x_wconf 84' lang='lat' dir='ltr'><strong>absolui</strong></span> <span class='ocrx_word' id='word_1_54' title='bbox 923 1085 996 1151; x_wconf 70' lang='lat' dir='ltr'><strong>etc.²</strong></span> 
     </span>
     <span class='ocr_line' id='line_1_8' title="bbox 414 1189 1468 1276; baseline 0 -20"><span class='ocrx_word' id='word_1_55' title='bbox 414 1191 553 1257; x_wconf 80' lang='lat' dir='ltr'><strong>&#39;Cecilia</strong></span> <span class='ocrx_word' id='word_1_56' title='bbox 574 1213 638 1275; x_wconf 90' lang='lat' dir='ltr'><strong>que</strong></span> <span class='ocrx_word' id='word_1_57' title='bbox 662 1190 726 1254; x_wconf 88' lang='lat' dir='ltr'><strong>fuit</strong></span> <span class='ocrx_word' id='word_1_58' title='bbox 749 1213 831 1254; x_wconf 83' lang='lat' dir='ltr'><strong>uxor</strong></span> <span class='ocrx_word' id='word_1_59' title='bbox 854 1189 1011 1254; x_wconf 88' lang='lat' dir='ltr'><strong>Willelmi</strong></span> <span class='ocrx_word' id='word_1_60' title='bbox 1035 1189 1220 1254; x_wconf 85' lang='lat' dir='ltr'><strong>Shirewode</strong></span> <span class='ocrx_word' id='word_1_61' title='bbox 1243 1191 1332 1276; x_wconf 89' lang='lat' dir='ltr'><strong>petit</strong></span> <span class='ocrx_word' id='word_1_62' title='bbox 1349 1214 1468 1256; x_wconf 71' lang='lat' dir='ltr'><strong>nemus</strong></span> 
     </span>
     <span class='ocr_line' id='line_1_9' title="bbox 252 1293 1467 1393; baseline -0.002 -30"><span class='ocrx_word' id='word_1_63' title='bbox 252 1363 264 1393; x_wconf 68' lang='lat'><strong>0</strong></span> <span class='ocrx_word' id='word_1_64' title='bbox 294 1316 300 1328; x_wconf 88' lang='lat'><strong>·</strong></span> <span class='ocrx_word' id='word_1_65' title='bbox 350 1298 513 1363; x_wconf 87' lang='lat' dir='ltr'><strong>Abbatcm</strong></span> <span class='ocrx_word' id='word_1_66' title='bbox 539 1296 580 1360; x_wconf 89' lang='lat' dir='ltr'><strong>de</strong></span> <span class='ocrx_word' id='word_1_67' title='bbox 611 1295 740 1361; x_wconf 87' lang='lat' dir='ltr'><strong>Oumba</strong></span> <span class='ocrx_word' id='word_1_68' title='bbox 768 1294 903 1359; x_wconf 80' lang='lat' dir='ltr'><strong>terciam</strong></span> <span class='ocrx_word' id='word_1_69' title='bbox 932 1303 1061 1379; x_wconf 85' lang='lat' dir='ltr'><strong>partem</strong></span> <span class='ocrx_word' id='word_1_70' title='bbox 1089 1293 1188 1358; x_wconf 80' lang='lat' dir='ltr'><strong>unius</strong></span> <span class='ocrx_word' id='word_1_71' title='bbox 1216 1295 1403 1360; x_wconf 83' lang='lat' dir='ltr'><strong>molendini</strong></span> <span class='ocrx_word' id='word_1_72' title='bbox 1433 1298 1467 1360; x_wconf 93' lang='lat' dir='ltr'><strong>in</strong></span> 
     </span>
     <span class='ocr_line' id='line_1_10' title="bbox 349 1397 1466 1467; baseline -0.003 0"><span class='ocrx_word' id='word_1_73' title='bbox 349 1402 490 1467; x_wconf 76' lang='lat' dir='ltr'><strong>Cottone</strong></span> <span class='ocrx_word' id='word_1_74' title='bbox 509 1400 544 1465; x_wconf 89' lang='lat' dir='ltr'><strong>in</strong></span> <span class='ocrx_word' id='word_1_75' title='bbox 563 1400 722 1464; x_wconf 87' lang='lat' dir='ltr'><strong>comitatu</strong></span> <span class='ocrx_word' id='word_1_76' title='bbox 743 1397 929 1463; x_wconf 83' lang='lat' dir='ltr'><strong>Warrewici</strong></span> <span class='ocrx_word' id='word_1_77' title='bbox 948 1406 982 1462; x_wconf 90' lang='lat' dir='ltr'><strong>et</strong></span> <span class='ocrx_word' id='word_1_78' title='bbox 1002 1419 1116 1462; x_wconf 70' lang='lat' dir='ltr'><strong>uersus</strong></span> <span class='ocrx_word' id='word_1_79' title='bbox 1131 1399 1289 1464; x_wconf 84' lang='lat' dir='ltr'><strong>Thomam</strong></span> <span class='ocrx_word' id='word_1_80' title='bbox 1306 1399 1466 1464; x_wconf 83' lang='lat' dir='ltr'><strong>clericum</strong></span> 
     </span>
     <span class='ocr_line' id='line_1_11' title="bbox 348 1501 1468 1588; baseline 0 -18"><span class='ocrx_word' id='word_1_81' title='bbox 348 1505 390 1570; x_wconf 91' lang='lat' dir='ltr'><strong>de</strong></span> <span class='ocrx_word' id='word_1_82' title='bbox 405 1505 485 1571; x_wconf 81' lang='lat' dir='ltr'><strong>Grec</strong></span> <span class='ocrx_word' id='word_1_83' title='bbox 499 1503 634 1568; x_wconf 82' lang='lat' dir='ltr'><strong>terciam</strong></span> <span class='ocrx_word' id='word_1_84' title='bbox 648 1511 775 1588; x_wconf 82' lang='lat' dir='ltr'><strong>partem</strong></span> <span class='ocrx_word' id='word_1_85' title='bbox 790 1501 889 1566; x_wconf 87' lang='lat' dir='ltr'><strong>unius</strong></span> <span class='ocrx_word' id='word_1_86' title='bbox 903 1501 983 1588; x_wconf 84' lang='lat' dir='ltr'><strong>uirg.</strong></span> <span class='ocrx_word' id='word_1_87' title='bbox 1000 1510 1086 1566; x_wconf 87' lang='lat' dir='ltr'><strong>terre</strong></span> <span class='ocrx_word' id='word_1_88' title='bbox 1101 1509 1136 1566; x_wconf 92' lang='lat' dir='ltr'><strong>et</strong></span> <span class='ocrx_word' id='word_1_89' title='bbox 1148 1511 1275 1588; x_wconf 85' lang='lat' dir='ltr'><strong>septem</strong></span> <span class='ocrx_word' id='word_1_90' title='bbox 1290 1525 1355 1569; x_wconf 85' lang='lat' dir='ltr'><strong>aer.</strong></span> <span class='ocrx_word' id='word_1_91' title='bbox 1380 1515 1468 1570; x_wconf 83' lang='lat' dir='ltr'><strong>terre</strong></span> 
     </span>
     <span class='ocr_line' id='line_1_12' title="bbox 348 1607 1151 1694; baseline -0.005 -19"><span class='ocrx_word' id='word_1_92' title='bbox 348 1631 423 1675; x_wconf 91' lang='lat' dir='ltr'><strong>cum</strong></span> <span class='ocrx_word' id='word_1_93' title='bbox 437 1615 518 1694; x_wconf 84' lang='lat' dir='ltr'><strong>pert</strong></span> <span class='ocrx_word' id='word_1_94' title='bbox 533 1607 569 1672; x_wconf 92' lang='lat' dir='ltr'><strong>in</strong></span> <span class='ocrx_word' id='word_1_95' title='bbox 585 1607 790 1693; x_wconf 83' lang='lat' dir='ltr'><strong>Gyeluertoft</strong></span> <span class='ocrx_word' id='word_1_96' title='bbox 805 1615 843 1670; x_wconf 91' lang='lat' dir='ltr'><strong>ut</strong></span> <span class='ocrx_word' id='word_1_97' title='bbox 858 1607 969 1670; x_wconf 91' lang='lat' dir='ltr'><strong>dotem</strong></span> <span class='ocrx_word' id='word_1_98' title='bbox 984 1629 1077 1670; x_wconf 86' lang='lat' dir='ltr'><strong>suam</strong></span> <span class='ocrx_word' id='word_1_99' title='bbox 1092 1615 1151 1672; x_wconf 88' lang='lat' dir='ltr'><strong>etc.</strong></span> 
     </span>
     <span class='ocr_line' id='line_1_13' title="bbox 413 1706 1469 1796; baseline 0 -20"><span class='ocrx_word' id='word_1_100' title='bbox 413 1712 458 1776; x_wconf 86' lang='lat' dir='ltr'><strong>Et</strong></span> <span class='ocrx_word' id='word_1_101' title='bbox 472 1710 536 1796; x_wconf 89' lang='lat' dir='ltr'><strong>ipsi</strong></span> <span class='ocrx_word' id='word_1_102' title='bbox 549 1709 689 1774; x_wconf 87' lang='lat' dir='ltr'><strong>ueniunt</strong></span> <span class='ocrx_word' id='word_1_103' title='bbox 703 1715 738 1773; x_wconf 92' lang='lat' dir='ltr'><strong>ct</strong></span> <span class='ocrx_word' id='word_1_104' title='bbox 752 1706 866 1772; x_wconf 91' lang='lat' dir='ltr'><strong>dicunt</strong></span> <span class='ocrx_word' id='word_1_105' title='bbox 882 1708 968 1793; x_wconf 90' lang='lat' dir='ltr'><strong>quod</strong></span> <span class='ocrx_word' id='word_1_106' title='bbox 982 1707 1166 1774; x_wconf 85' lang='lat' dir='ltr'><strong>Willelmus</strong></span> <span class='ocrx_word' id='word_1_107' title='bbox 1182 1709 1235 1774; x_wconf 88' lang='lat' dir='ltr'><strong>uir</strong></span> <span class='ocrx_word' id='word_1_108' title='bbox 1254 1733 1334 1776; x_wconf 78' lang='lat' dir='ltr'><strong>uiua</strong></span> <span class='ocrx_word' id='word_1_109' title='bbox 1356 1711 1469 1776; x_wconf 86' lang='lat' dir='ltr'><strong>adhuc</strong></span> 
     </span>
     <span class='ocr_line' id='line_1_14' title="bbox 349 1810 1221 1897; baseline -0.001 -18"><span class='ocrx_word' id='word_1_110' title='bbox 349 1814 444 1891; x_wconf 92' lang='lat' dir='ltr'><strong>uiuit,</strong></span> <span class='ocrx_word' id='word_1_111' title='bbox 460 1824 494 1879; x_wconf 90' lang='lat' dir='ltr'><strong>et</strong></span> <span class='ocrx_word' id='word_1_112' title='bbox 508 1814 582 1878; x_wconf 91' lang='lat' dir='ltr'><strong>ideo</strong></span> <span class='ocrx_word' id='word_1_113' title='bbox 595 1813 711 1878; x_wconf 90' lang='lat' dir='ltr'><strong>nolunt</strong></span> <span class='ocrx_word' id='word_1_114' title='bbox 726 1812 758 1876; x_wconf 89' lang='lat' dir='ltr'><strong>ei</strong></span> <span class='ocrx_word' id='word_1_115' title='bbox 771 1812 965 1897; x_wconf 87' lang='lat' dir='ltr'><strong>respondere</strong></span> <span class='ocrx_word' id='word_1_116' title='bbox 980 1810 1043 1876; x_wconf 80' lang='lat' dir='ltr'><strong>nisi</strong></span> <span class='ocrx_word' id='word_1_117' title='bbox 1057 1812 1147 1876; x_wconf 86' lang='lat' dir='ltr'><strong>ouria</strong></span> <span class='ocrx_word' id='word_1_118' title='bbox 1161 1821 1221 1878; x_wconf 86' lang='lat' dir='ltr'><strong>etc</strong></span> 
     </span>
     <span class='ocr_line' id='line_1_15' title="bbox 414 1915 1469 2007; baseline 0.001 -24"><span class='ocrx_word' id='word_1_119' title='bbox 414 1919 459 1983; x_wconf 88' lang='lat' dir='ltr'><strong>Et</strong></span> <span class='ocrx_word' id='word_1_120' title='bbox 472 1919 544 2005; x_wconf 81' lang='lat' dir='ltr'><strong>ipae</strong></span> <span class='ocrx_word' id='word_1_121' title='bbox 557 1917 618 1982; x_wconf 91' lang='lat' dir='ltr'><strong>hoc</strong></span> <span class='ocrx_word' id='word_1_122' title='bbox 631 1916 795 2002; x_wconf 75' lang='lat' dir='ltr'><strong>cognoscit</strong></span> <span class='ocrx_word' id='word_1_123' title='bbox 816 1924 866 1980; x_wconf 84' lang='lat' dir='ltr'><strong>sat</strong></span> <span class='ocrx_word' id='word_1_124' title='bbox 887 1915 967 1981; x_wconf 91' lang='lat' dir='ltr'><strong>dicit</strong></span> <span class='ocrx_word' id='word_1_125' title='bbox 986 1915 1073 2002; x_wconf 90' lang='lat' dir='ltr'><strong>quod</strong></span> <span class='ocrx_word' id='word_1_126' title='bbox 1093 1915 1237 1982; x_wconf 86' lang='lat' dir='ltr'><strong>reddidit</strong></span> <span class='ocrx_word' id='word_1_127' title='bbox 1255 1940 1292 1983; x_wconf 82' lang='lat' dir='ltr'><strong>ae</strong></span> <span class='ocrx_word' id='word_1_128' title='bbox 1312 1919 1469 2007; x_wconf 83' lang='lat' dir='ltr'><strong>religioni</strong></span> 
     </span>
     <span class='ocr_line' id='line_1_16' title="bbox 349 2020 1469 2108; baseline 0 -20"><span class='ocrx_word' id='word_1_129' title='bbox 349 2021 384 2088; x_wconf 93' lang='lat' dir='ltr'><strong>in</strong></span> <span class='ocrx_word' id='word_1_130' title='bbox 409 2023 504 2087; x_wconf 91' lang='lat' dir='ltr'><strong>domo</strong></span> <span class='ocrx_word' id='word_1_131' title='bbox 529 2022 570 2087; x_wconf 92' lang='lat' dir='ltr'><strong>de</strong></span> <span class='ocrx_word' id='word_1_132' title='bbox 597 2020 739 2086; x_wconf 84' lang='lat' dir='ltr'><strong>Oumba⁴</strong></span> <span class='ocrx_word' id='word_1_133' title='bbox 765 2029 799 2085; x_wconf 87' lang='lat' dir='ltr'><strong>et</strong></span> <span class='ocrx_word' id='word_1_134' title='bbox 826 2020 925 2085; x_wconf 84' lang='lat' dir='ltr'><strong>habet</strong></span> <span class='ocrx_word' id='word_1_135' title='bbox 952 2020 1000 2085; x_wconf 91' lang='lat' dir='ltr'><strong>ibi</strong></span> <span class='ocrx_word' id='word_1_136' title='bbox 1028 2020 1187 2086; x_wconf 84' lang='lat' dir='ltr'><strong>habitum.</strong></span> <span class='ocrx_word' id='word_1_137' title='bbox 1232 2021 1277 2086; x_wconf 91' lang='lat' dir='ltr'><strong>Et</strong></span> <span class='ocrx_word' id='word_1_138' title='bbox 1306 2022 1376 2108; x_wconf 73' lang='lat' dir='ltr'><strong>ipsi</strong></span> <span class='ocrx_word' id='word_1_139' title='bbox 1408 2023 1469 2088; x_wconf 89' lang='lat' dir='ltr'><strong>hoc</strong></span> 
     </span>
     <span class='ocr_line' id='line_1_17' title="bbox 348 2125 1469 2213; baseline 0.002 -21"><span class='ocrx_word' id='word_1_140' title='bbox 348 2127 536 2193; x_wconf 80' lang='lat' dir='ltr'><strong>defendunt.</strong></span> <span class='ocrx_word' id='word_1_141' title='bbox 580 2126 624 2190; x_wconf 84' lang='lat' dir='ltr'><strong>Et</strong></span> <span class='ocrx_word' id='word_1_142' title='bbox 637 2125 712 2190; x_wconf 89' lang='lat' dir='ltr'><strong>ideo</strong></span> <span class='ocrx_word' id='word_1_143' title='bbox 725 2125 824 2190; x_wconf 79' lang='lat' dir='ltr'><strong>datus</strong></span> <span class='ocrx_word' id='word_1_144' title='bbox 838 2131 887 2190; x_wconf 88' lang='lat' dir='ltr'><strong>est</strong></span> <span class='ocrx_word' id='word_1_145' title='bbox 902 2125 949 2190; x_wconf 82' lang='lat' dir='ltr'><strong>eis</strong></span> <span class='ocrx_word' id='word_1_146' title='bbox 963 2125 1033 2190; x_wconf 85' lang='lat' dir='ltr'><strong>dies</strong></span> <span class='ocrx_word' id='word_1_147' title='bbox 1047 2125 1122 2190; x_wconf 79' lang='lat' dir='ltr'><strong>talia</strong></span> <span class='ocrx_word' id='word_1_148' title='bbox 1136 2133 1196 2190; x_wconf 84' lang='lat' dir='ltr'><strong>etc</strong></span> <span class='ocrx_word' id='word_1_149' title='bbox 1209 2133 1290 2191; x_wconf 89' lang='lat' dir='ltr'><strong>tune</strong></span> <span class='ocrx_word' id='word_1_150' title='bbox 1301 2129 1469 2213; x_wconf 79' lang='lat' dir='ltr'><strong>producet</strong></span> 
     </span>
     <span class='ocr_line' id='line_1_18' title="bbox 348 2228 1368 2319; baseline -0.003 -21"><span class='ocrx_word' id='word_1_151' title='bbox 348 2233 420 2319; x_wconf 79' lang='lat' dir='ltr'><strong>ipsa</strong></span> <span class='ocrx_word' id='word_1_152' title='bbox 433 2239 555 2297; x_wconf 85' lang='lat' dir='ltr'><strong>sectam</strong></span> <span class='ocrx_word' id='word_1_153' title='bbox 570 2251 664 2294; x_wconf 87' lang='lat' dir='ltr'><strong>suam</strong></span> <span class='ocrx_word' id='word_1_154' title='bbox 678 2230 764 2315; x_wconf 94' lang='lat' dir='ltr'><strong>quod</strong></span> <span class='ocrx_word' id='word_1_155' title='bbox 779 2229 833 2293; x_wconf 92' lang='lat' dir='ltr'><strong>uir</strong></span> <span class='ocrx_word' id='word_1_156' title='bbox 845 2251 924 2293; x_wconf 79' lang='lat' dir='ltr'><strong>auus</strong></span> <span class='ocrx_word' id='word_1_157' title='bbox 939 2228 1089 2293; x_wconf 85' lang='lat' dir='ltr'><strong>habitum</strong></span> <span class='ocrx_word' id='word_1_158' title='bbox 1103 2229 1284 2315; x_wconf 78' lang='lat' dir='ltr'><strong>susceperit</strong></span> <span class='ocrx_word' id='word_1_159' title='bbox 1299 2239 1368 2296; x_wconf 86' lang='lat' dir='ltr'><strong>etc.</strong></span> 
     </span>
     <span class='ocr_line' id='line_1_19' title="bbox 217 2329 1547 2418; baseline -0.002 -16"><span class='ocrx_word' id='word_1_160' title='bbox 217 2337 310 2407; x_wconf 77' lang='lat'>1587.</span> <span class='ocrx_word' id='word_1_161' title='bbox 413 2335 591 2400; x_wconf 72' lang='lat' dir='ltr'><strong>‘Henrimra</strong></span> <span class='ocrx_word' id='word_1_162' title='bbox 615 2332 657 2398; x_wconf 89' lang='lat' dir='ltr'><strong>de</strong></span> <span class='ocrx_word' id='word_1_163' title='bbox 683 2334 716 2398; x_wconf 78' lang='lat' dir='ltr'><strong>S.</strong></span> <span class='ocrx_word' id='word_1_164' title='bbox 743 2331 903 2397; x_wconf 86' lang='lat' dir='ltr'><strong>Walerico</strong></span> <span class='ocrx_word' id='word_1_165' title='bbox 927 2331 1013 2418; x_wconf 88' lang='lat' dir='ltr'><strong>petit</strong></span> <span class='ocrx_word' id='word_1_166' title='bbox 1038 2353 1151 2396; x_wconf 76' lang='lat' dir='ltr'><strong>uersus</strong></span> <span class='ocrx_word' id='word_1_167' title='bbox 1181 2331 1398 2417; x_wconf 78' lang='lat' dir='ltr'><strong>Stephanum</strong></span> <span class='ocrx_word' id='word_1_168' title='bbox 1427 2335 1470 2399; x_wconf 86' lang='lat' dir='ltr'><strong>de</strong></span> <span class='ocrx_word' id='word_1_169' title='bbox 1546 2329 1547 2332; x_wconf 44' lang='lat'>&#39;</span> 
     </span>
     <span class='ocr_line' id='line_1_20' title="bbox 227 2435 1471 2522; baseline -0.003 -16"><span class='ocrx_word' id='word_1_170' title='bbox 227 2443 297 2483; x_wconf 57' lang='grc' dir='ltr'><strong>ΒΜ</strong></span> <span class='ocrx_word' id='word_1_171' title='bbox 349 2439 625 2505; x_wconf 81' lang='lat' dir='ltr'><strong>Wlurichestona⁸</strong></span> <span class='ocrx_word' id='word_1_172' title='bbox 644 2438 720 2503; x_wconf 90' lang='lat' dir='ltr'><strong>dim.</strong></span> <span class='ocrx_word' id='word_1_173' title='bbox 741 2435 853 2502; x_wconf 86' lang='lat' dir='ltr'><strong>hidam</strong></span> <span class='ocrx_word' id='word_1_174' title='bbox 877 2445 962 2502; x_wconf 85' lang='lat' dir='ltr'><strong>tene</strong></span> <span class='ocrx_word' id='word_1_175' title='bbox 982 2458 1058 2501; x_wconf 92' lang='lat' dir='ltr'><strong>cum</strong></span> <span class='ocrx_word' id='word_1_176' title='bbox 1079 2435 1217 2522; x_wconf 86' lang='lat' dir='ltr'><strong>pertin</strong></span> <span class='ocrx_word' id='word_1_177' title='bbox 1237 2436 1406 2515; x_wconf 84' lang='lat' dir='ltr'><strong>Hectona,</strong></span> <span class='ocrx_word' id='word_1_178' title='bbox 1421 2439 1471 2502; x_wconf 79' lang='lat' dir='ltr'><strong>ita</strong></span> 
     </span>
     <span class='ocr_line' id='line_1_21' title="bbox 349 2540 1471 2631; baseline -0.003 -21"><span class='ocrx_word' id='word_1_179' title='bbox 349 2544 436 2631; x_wconf 89' lang='lat' dir='ltr'><strong>quod</strong></span> <span class='ocrx_word' id='word_1_180' title='bbox 450 2554 537 2609; x_wconf 89' lang='lat' dir='ltr'><strong>terra</strong></span> <span class='ocrx_word' id='word_1_181' title='bbox 550 2551 647 2629; x_wconf 88' lang='lat' dir='ltr'><strong>capta</strong></span> <span class='ocrx_word' id='word_1_182' title='bbox 661 2541 725 2606; x_wconf 84' lang='lat' dir='ltr'><strong>fuit</strong></span> <span class='ocrx_word' id='word_1_183' title='bbox 740 2540 774 2604; x_wconf 90' lang='lat' dir='ltr'><strong>in</strong></span> <span class='ocrx_word' id='word_1_184' title='bbox 786 2564 920 2605; x_wconf 85' lang='lat' dir='ltr'><strong>manum</strong></span> <span class='ocrx_word' id='word_1_185' title='bbox 931 2540 1025 2605; x_wconf 88' lang='lat' dir='ltr'><strong>Dom.</strong></span> <span class='ocrx_word' id='word_1_186' title='bbox 1038 2540 1138 2628; x_wconf 83' lang='lat' dir='ltr'><strong>Regis</strong></span> <span class='ocrx_word' id='word_1_187' title='bbox 1149 2562 1206 2626; x_wconf 86' lang='lat' dir='ltr'><strong>pro</strong></span> <span class='ocrx_word' id='word_1_188' title='bbox 1217 2540 1354 2606; x_wconf 88' lang='lat' dir='ltr'><strong>defectu</strong></span> <span class='ocrx_word' id='word_1_189' title='bbox 1367 2566 1471 2628; x_wconf 88' lang='lat' dir='ltr'><strong>quern</strong></span> 
     </span>
     <span class='ocr_line' id='line_1_22' title="bbox 349 2644 1471 2731; baseline 0.001 -19"><span class='ocrx_word' id='word_1_190' title='bbox 349 2648 427 2713; x_wconf 82' lang='lat' dir='ltr'><strong>fecit</strong></span> <span class='ocrx_word' id='word_1_191' title='bbox 441 2648 500 2712; x_wconf 86' lang='lat' dir='ltr'><strong>tali</strong></span> <span class='ocrx_word' id='word_1_192' title='bbox 515 2648 568 2712; x_wconf 90' lang='lat' dir='ltr'><strong>die</strong></span> <span class='ocrx_word' id='word_1_193' title='bbox 583 2654 643 2711; x_wconf 91' lang='lat' dir='ltr'><strong>etc.</strong></span> <span class='ocrx_word' id='word_1_194' title='bbox 688 2644 735 2710; x_wconf 86' lang='lat' dir='ltr'><strong>Et</strong></span> <span class='ocrx_word' id='word_1_195' title='bbox 750 2646 939 2731; x_wconf 82' lang='lat' dir='ltr'><strong>Stephanus</strong></span> <span class='ocrx_word' id='word_1_196' title='bbox 954 2645 1048 2710; x_wconf 90' lang='lat' dir='ltr'><strong>uenit</strong></span> <span class='ocrx_word' id='word_1_197' title='bbox 1062 2653 1097 2709; x_wconf 89' lang='lat' dir='ltr'><strong>et</strong></span> <span class='ocrx_word' id='word_1_198' title='bbox 1112 2644 1259 2710; x_wconf 85' lang='lat' dir='ltr'><strong>defendit</strong></span> <span class='ocrx_word' id='word_1_199' title='bbox 1281 2648 1471 2713; x_wconf 79' lang='lat' dir='ltr'><strong>summoni-</strong></span> 
     </span>
     <span class='ocr_line' id='line_1_23' title="bbox 349 2748 1546 2834; baseline 0 -17"><span class='ocrx_word' id='word_1_200' title='bbox 349 2753 474 2817; x_wconf 90' lang='lat' dir='ltr'><strong>cionem</strong></span> <span class='ocrx_word' id='word_1_201' title='bbox 489 2760 523 2817; x_wconf 90' lang='lat' dir='ltr'><strong>et</strong></span> <span class='ocrx_word' id='word_1_202' title='bbox 538 2748 693 2815; x_wconf 86' lang='lat' dir='ltr'><strong>defaltam</strong></span> <span class='ocrx_word' id='word_1_203' title='bbox 708 2758 769 2815; x_wconf 90' lang='lat' dir='ltr'><strong>etc.</strong></span> <span class='ocrx_word' id='word_1_204' title='bbox 814 2750 859 2813; x_wconf 88' lang='lat' dir='ltr'><strong>Et</strong></span> <span class='ocrx_word' id='word_1_205' title='bbox 879 2749 1041 2815; x_wconf 86' lang='lat' dir='ltr'><strong>Henricus</strong></span> <span class='ocrx_word' id='word_1_206' title='bbox 1061 2748 1149 2834; x_wconf 88' lang='lat' dir='ltr'><strong>capit</strong></span> <span class='ocrx_word' id='word_1_207' title='bbox 1169 2770 1203 2813; x_wconf 80' lang='lat' dir='ltr'><strong>ee</strong></span> <span class='ocrx_word' id='word_1_208' title='bbox 1228 2750 1270 2814; x_wconf 86' lang='lat' dir='ltr'><strong>ed</strong></span> <span class='ocrx_word' id='word_1_209' title='bbox 1294 2750 1473 2817; x_wconf 79' lang='lat' dir='ltr'><strong>defaltam.</strong></span> <span class='ocrx_word' id='word_1_210' title='bbox 1545 2750 1546 2765; x_wconf 53' lang='lat'><em>*</em></span> 
     </span>
     <span class='ocr_line' id='line_1_24' title="bbox 350 2850 1474 2937; baseline 0 -16"><span class='ocrx_word' id='word_1_211' title='bbox 350 2856 393 2921; x_wconf 85' lang='lat' dir='ltr'><strong>Et</strong></span> <span class='ocrx_word' id='word_1_212' title='bbox 422 2855 496 2920; x_wconf 91' lang='lat' dir='ltr'><strong>ideo</strong></span> <span class='ocrx_word' id='word_1_213' title='bbox 524 2853 762 2919; x_wconf 82' lang='lat' dir='ltr'><strong>consideratum</strong></span> <span class='ocrx_word' id='word_1_214' title='bbox 791 2860 842 2915; x_wconf 84' lang='lat' dir='ltr'><strong>est</strong></span> <span class='ocrx_word' id='word_1_215' title='bbox 868 2851 954 2936; x_wconf 92' lang='lat' dir='ltr'><strong>quod</strong></span> <span class='ocrx_word' id='word_1_216' title='bbox 979 2850 1133 2915; x_wconf 84' lang='lat' dir='ltr'><strong>defendat</strong></span> <span class='ocrx_word' id='word_1_217' title='bbox 1158 2874 1192 2915; x_wconf 84' lang='lat' dir='ltr'><strong>se</strong></span> <span class='ocrx_word' id='word_1_218' title='bbox 1219 2852 1273 2937; x_wconf 87' lang='lat' dir='ltr'><strong>xij.</strong></span> <span class='ocrx_word' id='word_1_219' title='bbox 1298 2875 1409 2919; x_wconf 85' lang='lat' dir='ltr'><strong>manu</strong></span> <span class='ocrx_word' id='word_1_220' title='bbox 1436 2876 1474 2921; x_wconf 76' lang='lat' dir='ltr'><strong>et</strong></span> 
     </span>
     <span class='ocr_line' id='line_1_25' title="bbox 350 2953 1474 3044; baseline 0 -19"><span class='ocrx_word' id='word_1_221' title='bbox 350 2959 462 3025; x_wconf 85' lang='lat' dir='ltr'><strong>ueniat</strong></span> <span class='ocrx_word' id='word_1_222' title='bbox 476 2981 551 3024; x_wconf 89' lang='lat' dir='ltr'><strong>cum</strong></span> <span class='ocrx_word' id='word_1_223' title='bbox 566 2958 638 3044; x_wconf 87' lang='lat' dir='ltr'><strong>lege</strong></span> <span class='ocrx_word' id='word_1_224' title='bbox 652 2956 713 3021; x_wconf 86' lang='lat' dir='ltr'><strong>tali</strong></span> <span class='ocrx_word' id='word_1_225' title='bbox 726 2956 780 3021; x_wconf 90' lang='lat' dir='ltr'><strong>die</strong></span> <span class='ocrx_word' id='word_1_226' title='bbox 796 2954 867 3021; x_wconf 79' lang='lat' dir='ltr'><strong>etc²</strong></span> <span class='ocrx_word' id='word_1_227' title='bbox 904 2955 958 3019; x_wconf 86' lang='lat' dir='ltr'><strong>Ad</strong></span> <span class='ocrx_word' id='word_1_228' title='bbox 972 2953 1059 3019; x_wconf 90' lang='lat' dir='ltr'><strong>diem</strong></span> <span class='ocrx_word' id='word_1_229' title='bbox 1075 2955 1167 3019; x_wconf 91' lang='lat' dir='ltr'><strong>illum</strong></span> <span class='ocrx_word' id='word_1_230' title='bbox 1179 2956 1258 3020; x_wconf 82' lang='lat' dir='ltr'><strong>feeit</strong></span> <span class='ocrx_word' id='word_1_231' title='bbox 1271 2957 1474 3043; x_wconf 83' lang='lat' dir='ltr'><strong>Stephanus</strong></span> 
     </span>
     <span class='ocr_line' id='line_1_26' title="bbox 350 3057 1381 3151; baseline -0.003 -22"><span class='ocrx_word' id='word_1_232' title='bbox 350 3066 454 3151; x_wconf 86' lang='lat' dir='ltr'><strong>legem</strong></span> <span class='ocrx_word' id='word_1_233' title='bbox 469 3084 561 3128; x_wconf 82' lang='lat' dir='ltr'><strong>auam</strong></span> <span class='ocrx_word' id='word_1_234' title='bbox 576 3069 611 3125; x_wconf 88' lang='lat' dir='ltr'><strong>et</strong></span> <span class='ocrx_word' id='word_1_235' title='bbox 626 3060 699 3123; x_wconf 89' lang='lat' dir='ltr'><strong>ideo</strong></span> <span class='ocrx_word' id='word_1_236' title='bbox 713 3058 845 3143; x_wconf 82' lang='lat' dir='ltr'><strong>quietus</strong></span> <span class='ocrx_word' id='word_1_237' title='bbox 859 3057 900 3122; x_wconf 88' lang='lat' dir='ltr'><strong>de</strong></span> <span class='ocrx_word' id='word_1_238' title='bbox 915 3057 1038 3122; x_wconf 86' lang='lat' dir='ltr'><strong>defalta</strong></span> <span class='ocrx_word' id='word_1_239' title='bbox 1052 3065 1087 3122; x_wconf 87' lang='lat' dir='ltr'><strong>et</strong></span> <span class='ocrx_word' id='word_1_240' title='bbox 1100 3058 1295 3143; x_wconf 85' lang='lat' dir='ltr'><strong>respondeat</strong></span> <span class='ocrx_word' id='word_1_241' title='bbox 1309 3068 1381 3128; x_wconf 87' lang='lat' dir='ltr'><strong>etc.</strong></span> 
     </span>
    </p>

    <p class='ocr_par' dir='ltr' id='par_1_3' title="bbox 348 3160 1545 3879">
     <span class='ocr_line' id='line_1_27' title="bbox 383 3160 1545 3251; baseline -0.001 -19"><span class='ocrx_word' id='word_1_242' title='bbox 383 3218 390 3231; x_wconf 86' lang='lat'><em>.</em></span> <span class='ocrx_word' id='word_1_243' title='bbox 414 3166 586 3232; x_wconf 74' lang='lat' dir='ltr'><strong>‘Boidinus</strong></span> <span class='ocrx_word' id='word_1_244' title='bbox 606 3186 743 3251; x_wconf 84' lang='lat' dir='ltr'><strong>persona</strong></span> <span class='ocrx_word' id='word_1_245' title='bbox 765 3163 806 3227; x_wconf 89' lang='lat' dir='ltr'><strong>de</strong></span> <span class='ocrx_word' id='word_1_246' title='bbox 832 3161 974 3227; x_wconf 81' lang='lat' dir='ltr'><strong>Rames’⁹</strong></span> <span class='ocrx_word' id='word_1_247' title='bbox 997 3173 1032 3225; x_wconf 87' lang='lat' dir='ltr'><strong>et</strong></span> <span class='ocrx_word' id='word_1_248' title='bbox 1054 3160 1164 3247; x_wconf 86' lang='lat' dir='ltr'><strong>plures</strong></span> <span class='ocrx_word' id='word_1_249' title='bbox 1186 3162 1243 3226; x_wconf 90' lang='lat' dir='ltr'><strong>alii</strong></span> <span class='ocrx_word' id='word_1_250' title='bbox 1266 3168 1473 3233; x_wconf 83' lang='lat' dir='ltr'><strong>summoniti</strong></span> <span class='ocrx_word' id='word_1_251' title='bbox 1544 3182 1545 3195; x_wconf 64' lang='lat'>¹</span> 
     </span>
     <span class='ocr_line' id='line_1_28' title="bbox 348 3265 1473 3358; baseline -0.003 -20"><span class='ocrx_word' id='word_1_252' title='bbox 348 3274 481 3338; x_wconf 77' lang='lat' dir='ltr'><strong>filerunt</strong></span> <span class='ocrx_word' id='word_1_253' title='bbox 495 3271 536 3335; x_wconf 85' lang='lat' dir='ltr'><strong>ad</strong></span> <span class='ocrx_word' id='word_1_254' title='bbox 551 3268 811 3356; x_wconf 82' lang='lat' dir='ltr'><strong>respondendum</strong></span> <span class='ocrx_word' id='word_1_255' title='bbox 826 3265 950 3331; x_wconf 85' lang='lat' dir='ltr'><strong>Abbati</strong></span> <span class='ocrx_word' id='word_1_256' title='bbox 965 3267 1007 3331; x_wconf 91' lang='lat' dir='ltr'><strong>de</strong></span> <span class='ocrx_word' id='word_1_257' title='bbox 1021 3266 1154 3331; x_wconf 82' lang='lat' dir='ltr'><strong>Pereora</strong></span> <span class='ocrx_word' id='word_1_258' title='bbox 1164 3290 1230 3352; x_wconf 93' lang='lat' dir='ltr'><strong>quo</strong></span> <span class='ocrx_word' id='word_1_259' title='bbox 1239 3267 1310 3331; x_wconf 89' lang='lat' dir='ltr'><strong>iure</strong></span> <span class='ocrx_word' id='word_1_260' title='bbox 1321 3270 1473 3358; x_wconf 84' lang='lat' dir='ltr'><strong>exigunt</strong></span> 
     </span>
     <span class='ocr_line' id='line_1_29' title="bbox 348 3370 1475 3463; baseline -0.004 -21"><span class='ocrx_word' id='word_1_261' title='bbox 348 3398 553 3442; x_wconf 83' lang='lat' dir='ltr'><strong>communem</strong></span> <span class='ocrx_word' id='word_1_262' title='bbox 574 3374 610 3438; x_wconf 91' lang='lat' dir='ltr'><strong>in</strong></span> <span class='ocrx_word' id='word_1_263' title='bbox 632 3374 727 3437; x_wconf 84' lang='lat' dir='ltr'><strong>bosco</strong></span> <span class='ocrx_word' id='word_1_264' title='bbox 748 3382 783 3437; x_wconf 87' lang='lat' dir='ltr'><strong>et</strong></span> <span class='ocrx_word' id='word_1_265' title='bbox 805 3381 891 3437; x_wconf 85' lang='lat' dir='ltr'><strong>terra</strong></span> <span class='ocrx_word' id='word_1_266' title='bbox 910 3370 1013 3457; x_wconf 79' lang='lat' dir='ltr'><strong>ipsius</strong></span> <span class='ocrx_word' id='word_1_267' title='bbox 1035 3370 1175 3435; x_wconf 81' lang='lat' dir='ltr'><strong>Abbatia</strong></span> <span class='ocrx_word' id='word_1_268' title='bbox 1197 3370 1232 3435; x_wconf 92' lang='lat' dir='ltr'><strong>in</strong></span> <span class='ocrx_word' id='word_1_269' title='bbox 1257 3370 1475 3463; x_wconf 74' lang='lat' dir='ltr'><strong>Wedherg&#39;&#39;&#39;</strong></span> 
     </span>
     <span class='ocr_line' id='line_1_30' title="bbox 348 3474 1474 3563; baseline -0.007 -17"><span class='ocrx_word' id='word_1_270' title='bbox 348 3480 474 3547; x_wconf 84' lang='lat' dir='ltr'><strong>desicut</strong></span> <span class='ocrx_word' id='word_1_271' title='bbox 488 3479 575 3544; x_wconf 91' lang='lat' dir='ltr'><strong>idem</strong></span> <span class='ocrx_word' id='word_1_272' title='bbox 585 3477 698 3542; x_wconf 81' lang='lat' dir='ltr'><strong>Abbaa</strong></span> <span class='ocrx_word' id='word_1_273' title='bbox 708 3477 831 3541; x_wconf 89' lang='lat' dir='ltr'><strong>nullam</strong></span> <span class='ocrx_word' id='word_1_274' title='bbox 843 3498 1048 3541; x_wconf 81' lang='lat' dir='ltr'><strong>communem</strong></span> <span class='ocrx_word' id='word_1_275' title='bbox 1059 3474 1159 3541; x_wconf 82' lang='lat' dir='ltr'><strong>habet</strong></span> <span class='ocrx_word' id='word_1_276' title='bbox 1170 3474 1205 3539; x_wconf 93' lang='lat' dir='ltr'><strong>in</strong></span> <span class='ocrx_word' id='word_1_277' title='bbox 1216 3482 1303 3540; x_wconf 85' lang='lat' dir='ltr'><strong>terra</strong></span> <span class='ocrx_word' id='word_1_278' title='bbox 1313 3474 1474 3563; x_wconf 65' lang='lat' dir='ltr'><strong>ipsorum</strong></span> 
     </span>
     <span class='ocr_line' id='line_1_31' title="bbox 349 3577 1544 3671; baseline -0.001 -20"><span class='ocrx_word' id='word_1_279' title='bbox 349 3583 489 3671; x_wconf 86' lang='lat' dir='ltr'><strong>Boydini</strong></span> <span class='ocrx_word' id='word_1_280' title='bbox 508 3592 543 3648; x_wconf 92' lang='lat' dir='ltr'><strong>et</strong></span> <span class='ocrx_word' id='word_1_281' title='bbox 561 3582 699 3646; x_wconf 88' lang='lat' dir='ltr'><strong>aliorum</strong></span> <span class='ocrx_word' id='word_1_282' title='bbox 719 3604 779 3646; x_wconf 88' lang='lat' dir='ltr'><strong>nec</strong></span> <span class='ocrx_word' id='word_1_283' title='bbox 800 3579 863 3667; x_wconf 82' lang='lat' dir='ltr'><strong>ipsi</strong></span> <span class='ocrx_word' id='word_1_284' title='bbox 882 3579 1057 3645; x_wconf 87' lang='lat' dir='ltr'><strong>seruicium</strong></span> <span class='ocrx_word' id='word_1_285' title='bbox 1072 3577 1178 3644; x_wconf 89' lang='lat' dir='ltr'><strong>eidem</strong></span> <span class='ocrx_word' id='word_1_286' title='bbox 1192 3578 1319 3643; x_wconf 84' lang='lat' dir='ltr'><strong>Abbati</strong></span> <span class='ocrx_word' id='word_1_287' title='bbox 1338 3582 1475 3649; x_wconf 67' lang='lat' dir='ltr'><strong>sariunt</strong></span> <span class='ocrx_word' id='word_1_288' title='bbox 1543 3590 1544 3601; x_wconf 57' lang='lat'>¹</span> 
     </span>
     <span class='ocr_line' id='line_1_32' title="bbox 349 3682 1475 3776; baseline 0 -23"><span class='ocrx_word' id='word_1_289' title='bbox 349 3711 448 3776; x_wconf 89' lang='lat' dir='ltr'><strong>quare</strong></span> <span class='ocrx_word' id='word_1_290' title='bbox 462 3707 666 3751; x_wconf 85' lang='lat' dir='ltr'><strong>communem</strong></span> <span class='ocrx_word' id='word_1_291' title='bbox 682 3694 741 3749; x_wconf 83' lang='lat' dir='ltr'><strong>eto</strong></span> <span class='ocrx_word' id='word_1_292' title='bbox 787 3684 831 3749; x_wconf 88' lang='lat' dir='ltr'><strong>Et</strong></span> <span class='ocrx_word' id='word_1_293' title='bbox 847 3683 992 3751; x_wconf 80' lang='lat' dir='ltr'><strong>Bodinua</strong></span> <span class='ocrx_word' id='word_1_294' title='bbox 1008 3692 1041 3747; x_wconf 90' lang='lat' dir='ltr'><strong>et</strong></span> <span class='ocrx_word' id='word_1_295' title='bbox 1056 3682 1113 3747; x_wconf 80' lang='lat' dir='ltr'><strong>alii</strong></span> <span class='ocrx_word' id='word_1_296' title='bbox 1128 3682 1267 3749; x_wconf 87' lang='lat' dir='ltr'><strong>ueniunt</strong></span> <span class='ocrx_word' id='word_1_297' title='bbox 1285 3691 1323 3747; x_wconf 88' lang='lat' dir='ltr'><strong>et</strong></span> <span class='ocrx_word' id='word_1_298' title='bbox 1350 3686 1475 3753; x_wconf 85' lang='lat' dir='ltr'><strong>dieunt</strong></span> 
     </span>
     <span class='ocr_line' id='line_1_33' title="bbox 349 3787 1477 3879; baseline -0.007 -20"><span class='ocrx_word' id='word_1_299' title='bbox 349 3792 436 3879; x_wconf 89' lang='lat' dir='ltr'><strong>quod</strong></span> <span class='ocrx_word' id='word_1_300' title='bbox 449 3790 514 3877; x_wconf 88' lang='lat' dir='ltr'><strong>ipsi</strong></span> <span class='ocrx_word' id='word_1_301' title='bbox 526 3811 653 3875; x_wconf 81' lang='lat' dir='ltr'><strong>semper</strong></span> <span class='ocrx_word' id='word_1_302' title='bbox 666 3788 990 3853; x_wconf 85' lang='lat' dir='ltr'><strong>communicauerunt</strong></span> <span class='ocrx_word' id='word_1_303' title='bbox 1010 3788 1045 3852; x_wconf 93' lang='lat' dir='ltr'><strong>in</strong></span> <span class='ocrx_word' id='word_1_304' title='bbox 1067 3796 1155 3853; x_wconf 83' lang='lat' dir='ltr'><strong>terra</strong></span> <span class='ocrx_word' id='word_1_305' title='bbox 1173 3787 1229 3852; x_wconf 88' lang='lat' dir='ltr'><strong>illa</strong></span> <span class='ocrx_word' id='word_1_306' title='bbox 1247 3796 1283 3853; x_wconf 90' lang='lat' dir='ltr'><strong>et</strong></span> <span class='ocrx_word' id='word_1_307' title='bbox 1302 3787 1417 3859; x_wconf 76' lang='lat' dir='ltr'><strong>boem</strong></span> <span class='ocrx_word' id='word_1_308' title='bbox 1436 3817 1477 3860; x_wconf 61' lang='lat' dir='ltr'><strong>m</strong></span> 
     </span>
    </p>
   </div>
   <div class='ocr_carea' id='block_1_3' title="bbox 381 3906 1543 4047">
    <p class='ocr_par' dir='ltr' id='par_1_4' title="bbox 381 3906 1543 4047">
     <span class='ocr_line' id='line_1_34' title="bbox 381 3906 1476 3979; baseline -0.003 -19"><span class='ocrx_word' id='word_1_309' title='bbox 381 3911 392 3944; x_wconf 86' lang='lat'><em>¹</em></span> <span class='ocrx_word' id='word_1_310' title='bbox 409 3913 499 3961; x_wconf 80' lang='lat' dir='ltr'><strong>Sancti</strong></span> <span class='ocrx_word' id='word_1_311' title='bbox 509 3911 644 3967; x_wconf 74' lang='lat' dir='ltr'><strong>Jotanno,</strong></span> <span class='ocrx_word' id='word_1_312' title='bbox 655 3908 687 3957; x_wconf 90' lang='lat' dir='ltr'><strong>B.</strong></span> <span class='ocrx_word' id='word_1_313' title='bbox 958 3907 969 3941; x_wconf 84' lang='lat'>⁷</span> <span class='ocrx_word' id='word_1_314' title='bbox 985 3907 1016 3957; x_wconf 92' lang='grc' dir='ltr'><strong>Β.</strong></span> <span class='ocrx_word' id='word_1_315' title='bbox 1038 3906 1099 3957; x_wconf 79' lang='lat' dir='ltr'><strong>doce</strong></span> <span class='ocrx_word' id='word_1_316' title='bbox 1115 3910 1162 3957; x_wconf 86' lang='lat' dir='ltr'><strong>not</strong></span> <span class='ocrx_word' id='word_1_317' title='bbox 1179 3906 1248 3957; x_wconf 77' lang='lat' dir='ltr'><strong>mov</strong></span> <span class='ocrx_word' id='word_1_318' title='bbox 1265 3906 1329 3959; x_wconf 65' lang='lat' dir='ltr'><strong>mat</strong></span> <span class='ocrx_word' id='word_1_319' title='bbox 1350 3912 1476 3979; x_wconf 63' lang='lat' dir='ltr'><strong>Stth</strong></span> 
     </span>
     <span class='ocr_line' id='line_1_35' title="bbox 382 3972 1543 4047; baseline -0.007 -21"><span class='ocrx_word' id='word_1_320' title='bbox 382 3978 433 4027; x_wconf 81' lang='lat' dir='ltr'><strong>²et</strong></span> <span class='ocrx_word' id='word_1_321' title='bbox 449 3979 507 4039; x_wconf 78' lang='lat' dir='ltr'><strong>ipro</strong></span> <span class='ocrx_word' id='word_1_322' title='bbox 522 3978 551 4023; x_wconf 83' lang='lat' dir='ltr'><strong>in</strong></span> <span class='ocrx_word' id='word_1_323' title='bbox 570 3976 742 4023; x_wconf 76' lang='lat' dir='ltr'><strong>mirericordto</strong></span> <span class='ocrx_word' id='word_1_324' title='bbox 763 3981 801 4023; x_wconf 77' lang='lat' dir='ltr'><strong>ret</strong></span> <span class='ocrx_word' id='word_1_325' title='bbox 819 3988 876 4037; x_wconf 79' lang='lat' dir='ltr'><strong>per-</strong></span> <span class='ocrx_word' id='word_1_326' title='bbox 926 3972 1003 4023; x_wconf 84' lang='lat' dir='ltr'><strong>made</strong></span> <span class='ocrx_word' id='word_1_327' title='bbox 1020 3972 1063 4022; x_wconf 78' lang='lat' dir='ltr'><strong>hia</strong></span> <span class='ocrx_word' id='word_1_328' title='bbox 1079 3973 1137 4022; x_wconf 80' lang='lat' dir='ltr'><strong>law.</strong></span> <span class='ocrx_word' id='word_1_329' title='bbox 1171 3974 1217 4022; x_wconf 88' lang='lat' dir='ltr'><strong>See</strong></span> <span class='ocrx_word' id='word_1_330' title='bbox 1233 3972 1278 4021; x_wconf 88' lang='lat' dir='ltr'><strong>Br.</strong></span> <span class='ocrx_word' id='word_1_331' title='bbox 1296 3974 1318 4022; x_wconf 80' lang='lat' dir='ltr'><strong>t.</strong></span> <span class='ocrx_word' id='word_1_332' title='bbox 1333 3978 1393 4028; x_wconf 71' lang='lat'><strong>³65</strong></span> <span class='ocrx_word' id='word_1_333' title='bbox 1405 3986 1476 4030; x_wconf 58' lang='grc' dir='ltr'><strong>,ψ</strong></span> <span class='ocrx_word' id='word_1_334' title='bbox 1542 4012 1543 4047; x_wconf 25' lang='lat' dir='ltr'><strong>p</strong></span> 
     </span>
    </p>
   </div>
   <div class='ocr_carea' id='block_1_4' title="bbox 350 4036 1477 4369">
    <p class='ocr_par' dir='ltr' id='par_1_5' title="bbox 350 4036 1543 4369">
     <span class='ocr_line' id='line_1_36' title="bbox 350 4036 1414 4103; baseline -0.006 -12"><span class='ocrx_word' id='word_1_335' title='bbox 350 4044 459 4093; x_wconf 66' lang='lat' dir='ltr'><strong>donam</strong></span> <span class='ocrx_word' id='word_1_336' title='bbox 466 4056 512 4103; x_wconf 79' lang='lat' dir='ltr'><strong>per</strong></span> <span class='ocrx_word' id='word_1_337' title='bbox 523 4041 654 4089; x_wconf 70' lang='lat' dir='ltr'><strong>consitium</strong></span> <span class='ocrx_word' id='word_1_338' title='bbox 665 4042 736 4088; x_wconf 85' lang='lat' dir='ltr'><strong>Dom.</strong></span> <span class='ocrx_word' id='word_1_339' title='bbox 748 4040 834 4100; x_wconf 65' lang='lat' dir='ltr'><strong>Reae,</strong></span> <span class='ocrx_word' id='word_1_340' title='bbox 844 4038 875 4088; x_wconf 91' lang='lat' dir='ltr'><strong>B.</strong></span> <span class='ocrx_word' id='word_1_341' title='bbox 927 4037 1051 4100; x_wconf 62' lang='grc' dir='ltr'><strong>παρειαί</strong></span> <span class='ocrx_word' id='word_1_342' title='bbox 1061 4036 1276 4099; x_wconf 79' lang='lat' dir='ltr'><strong>hwtodirprore</strong></span> <span class='ocrx_word' id='word_1_343' title='bbox 1287 4036 1414 4095; x_wconf 67' lang='lat' dir='ltr'><strong>dehult,</strong></span> 
     </span>
     <span class='ocr_line' id='line_1_37' title="bbox 351 4102 1370 4163; baseline -0.007 -6"><span class='ocrx_word' id='word_1_344' title='bbox 351 4106 764 4163; x_wconf 80' lang='lat' dir='ltr'><strong>ThirirFitz.Protibicion,29.</strong></span> <span class='ocrx_word' id='word_1_345' title='bbox 960 4104 1067 4152; x_wconf 79' lang='lat' dir='ltr'><strong>⁸B.m.</strong></span> <span class='ocrx_word' id='word_1_346' title='bbox 1080 4105 1119 4152; x_wconf 91' lang='lat'><strong>10.</strong></span> <span class='ocrx_word' id='word_1_347' title='bbox 1153 4102 1370 4157; x_wconf 72' lang='lat' dir='ltr'><strong>SeeBr.t.230.</strong></span> 
     </span>
     <span class='ocr_line' id='line_1_38' title="bbox 382 4166 1476 4234; baseline -0.001 -14"><span class='ocrx_word' id='word_1_348' title='bbox 382 4172 440 4220; x_wconf 79' lang='lat'>³13.</span> <span class='ocrx_word' id='word_1_349' title='bbox 453 4168 552 4222; x_wconf 76' lang='lat' dir='ltr'><strong>mod.</strong></span> <span class='ocrx_word' id='word_1_350' title='bbox 959 4168 1116 4234; x_wconf 68' lang='lat' dir='ltr'><strong>⁹Kemeapa</strong></span> <span class='ocrx_word' id='word_1_351' title='bbox 1137 4166 1169 4217; x_wconf 89' lang='grc' dir='ltr'><strong>Β.</strong></span> <span class='ocrx_word' id='word_1_352' title='bbox 1202 4166 1285 4219; x_wconf 73' lang='lat' dir='ltr'><strong>Three</strong></span> <span class='ocrx_word' id='word_1_353' title='bbox 1313 4171 1405 4225; x_wconf 68' lang='lat' dir='ltr'><strong>efflet</strong></span> <span class='ocrx_word' id='word_1_354' title='bbox 1431 4176 1476 4227; x_wconf 65' lang='grc' dir='ltr'><strong>ὼ.</strong></span> 
     </span>
     <span class='ocr_line' id='line_1_39' title="bbox 382 4232 1057 4298; baseline -0.004 -12"><span class='ocrx_word' id='word_1_355' title='bbox 382 4235 553 4286; x_wconf 70' lang='lat' dir='ltr'><strong>‘Cirtercian</strong></span> <span class='ocrx_word' id='word_1_356' title='bbox 580 4233 668 4298; x_wconf 77' lang='lat' dir='ltr'><strong>Abbey</strong></span> <span class='ocrx_word' id='word_1_357' title='bbox 689 4232 718 4283; x_wconf 92' lang='lat' dir='ltr'><strong>in</strong></span> <span class='ocrx_word' id='word_1_358' title='bbox 740 4232 875 4285; x_wconf 84' lang='lat' dir='ltr'><strong>Warwiek·</strong></span> <span class='ocrx_word' id='word_1_359' title='bbox 926 4233 1057 4284; x_wconf 77' lang='lat' dir='ltr'><strong>tendente.</strong></span> 
     </span>
     <span class='ocr_line' id='line_1_40' title="bbox 350 4296 1477 4369; baseline -0.004 -15"><span class='ocrx_word' id='word_1_360' title='bbox 350 4304 427 4354; x_wconf 73' lang='lat' dir='ltr'><strong>shira</strong></span> <span class='ocrx_word' id='word_1_361' title='bbox 959 4298 981 4330; x_wconf 88' lang='lat'><strong>¹⁰</strong></span> <span class='ocrx_word' id='word_1_362' title='bbox 1000 4298 1157 4361; x_wconf 73' lang='lat' dir='ltr'><strong>Wurreleat’,</strong></span> <span class='ocrx_word' id='word_1_363' title='bbox 1184 4298 1216 4347; x_wconf 89' lang='grc' dir='ltr'><strong>Β.</strong></span> <span class='ocrx_word' id='word_1_364' title='bbox 1249 4296 1396 4369; x_wconf 60' lang='lat' dir='ltr'><strong>tempu,</strong></span> <span class='ocrx_word' id='word_1_365' title='bbox 1419 4306 1477 4360; x_wconf 65' lang='lat' dir='ltr'><strong>„a</strong></span> 
     </span>
    </p>
   </div>
   <div class='ocr_carea' id='block_1_5' title="bbox 382 4362 1339 4499">
    <p class='ocr_par' dir='ltr' id='par_1_6' title="bbox 382 4362 1339 4499">
     <span class='ocr_line' id='line_1_41' title="bbox 382 4362 1339 4427; baseline 0.006 -12"><span class='ocrx_word' id='word_1_366' title='bbox 382 4368 441 4415; x_wconf 77' lang='lat'><strong>⁸13.</strong></span> <span class='ocrx_word' id='word_1_367' title='bbox 452 4381 488 4416; x_wconf 90' lang='lat' dir='ltr'><strong>m.</strong></span> <span class='ocrx_word' id='word_1_368' title='bbox 501 4364 551 4417; x_wconf 71' lang='lat' dir='ltr'><strong>td.</strong></span> <span class='ocrx_word' id='word_1_369' title='bbox 927 4362 1184 4427; x_wconf 74' lang='lat' dir='ltr'><strong>Wadboroughnear</strong></span> <span class='ocrx_word' id='word_1_370' title='bbox 1195 4362 1339 4421; x_wconf 71' lang='lat' dir='ltr'><strong>rasuera.</strong></span> 
     </span>
     <span class='ocr_line' id='line_1_42' title="bbox 383 4430 859 4499; baseline -0.011 -16"><span class='ocrx_word' id='word_1_371' title='bbox 383 4434 394 4468; x_wconf 82' lang='lat'>⁸</span> <span class='ocrx_word' id='word_1_372' title='bbox 410 4433 566 4499; x_wconf 72' lang='lat' dir='ltr'><strong>Stephanum</strong></span> <span class='ocrx_word' id='word_1_373' title='bbox 576 4434 606 4481; x_wconf 85' lang='lat' dir='ltr'><strong>de</strong></span> <span class='ocrx_word' id='word_1_374' title='bbox 617 4432 698 4481; x_wconf 74' lang='lat' dir='ltr'><strong>Bure</strong></span> <span class='ocrx_word' id='word_1_375' title='bbox 712 4432 818 4489; x_wconf 73' lang='lat' dir='ltr'><strong>coenat.</strong></span> <span class='ocrx_word' id='word_1_376' title='bbox 828 4430 859 4479; x_wconf 92' lang='lat' dir='ltr'><strong>B.</strong></span> 
     </span>
    </p>
   </div>
   <div class='ocr_carea' id='block_1_6' title="bbox 0 0 1597 5075">
    <p class='ocr_par' dir='ltr' id='par_1_7' title="bbox 0 0 1597 5075">
     <span class='ocr_line' id='line_1_43' title="bbox 0 0 1597 5075; baseline 0 0"><span class='ocrx_word' id='word_1_377' title='bbox 0 0 1597 5075; x_wconf 95' lang='lat' dir='ltr'><strong> </strong></span> 
     </span>
    </p>
   </div>
  </div>
 </body>
</html>
