3167 5075
379 374 444 441 306
609 382 929 450 mensunusum.
953 370 1047 450 1217,
1068 386 1133 439 aa
1155 374 1250 439 1-9„

378 568 500 627 cartam
530 582 621 627 suam
655 584 719 647 que
755 560 817 625 hoc
853 566 1001 627 testatur.
1046 559 1172 627 Profert
1207 560 1310 625 eciam
1346 560 1464 627 mrtem*

378 665 485 731 Isolde
508 666 669 730 Pauntulf
686 664 752 729 filie
774 672 810 728 et
831 664 960 729 heredis
981 663 1138 730 Willelmi
1168 665 1329 731 Pauntulf
1349 664 1466 730 iunioris

379 792 442 857 que
465 770 586 836 donum
613 768 768 835 Willelmi
790 769 846 834 aui
869 770 921 835 sui
944 768 991 834 eis
1017 769 1194 835 confirmet.
1237 770 1283 834 Et
1308 769 1381 835 ideo
1405 794 1465 835 con·

378 872 556 939 sideratum
582 882 632 939 est
658 873 745 958 quod
770 872 871 937 assisa
898 880 1075 939 remaneat.
1118 873 1162 937 Et
1192 871 1376 936 Willelmus
1400 872 1465 938 dicit
1526 937 1527 944 ι

378 978 465 1064 quod
491 976 637 1065 predicta
662 977 771 1043 Isolda
793 976 892 1042 debet
915 978 947 1042 ei
969 978 1176 1045 warentizare
1200 978 1322 1045 donum
1347 979 1465 1066 predicti

379 1081 536 1147 Willelmi
549 1080 652 1167 patris
666 1080 717 1145 sui
732 1087 766 1147 et
781 1089 878 1146 uocet
891 1080 968 1147 inde
983 1104 1056 1147 eam
1070 1082 1113 1148 ed
1126 1092 1318 1151 warantum.
1354 1085 1465 1149 Habeet

379 1207 451 1250 eam
467 1185 525 1250 tali
540 1185 592 1250 die
607 1194 667 1251 etc.
1526 1167 1527 1258 i

383 1342 385 1346 ,
443 1288 497 1354 Ad
525 1288 612 1353 diem
642 1288 734 1354 illum
763 1289 858 1356 uenit
886 1288 996 1355 Isolda
1024 1298 1059 1355 et
1086 1290 1312 1357 warentizsuit
1342 1291 1465 1378 predicte

378 1392 530 1458 Priorisse
553 1402 675 1459 cartem
696 1393 836 1479 predicti
858 1393 1015 1459 Willelmi
1039 1396 1096 1461 aui
1123 1396 1183 1461 sui
1225 1396 1272 1463 Et
1301 1397 1465 1464 Willelmus

379 1495 539 1563 Pauntulf
564 1497 657 1562 uenit
687 1506 721 1562 et
749 1497 888 1562 retraxit
916 1520 951 1563 se
980 1520 1093 1565 uersus
1121 1499 1264 1565 Iaoldam
1293 1509 1329 1564 et
1360 1499 1466 1565 remisit
1526 1487 1527 1578 J

379 1598 531 1663 olamium
561 1621 666 1665 suum.
708 1600 753 1663 Et
782 1598 856 1664 ideo
881 1598 1118 1666 consideratum
1144 1600 1308 1688 estquod
1333 1601 1466 1665 Priorissa

378 1702 583 1789 recuperauit
598 1704 874 1789 presentacionem
888 1726 981 1769 suam
997 1713 1032 1769 et
1045 1704 1166 1771 habeat
1180 1706 1279 1771 breue
1301 1706 1345 1771 ad
1364 1706 1466 1792 episco
1526 1713 1527 1792 ξ

378 1828 458 1892 pum
469 1806 556 1892 quod
567 1828 631 1871 non
642 1807 792 1873 obstante
802 1808 1031 1873 reclamacione
1040 1816 1100 1873 eto
1111 1809 1249 1895 predicti
1257 1810 1464 1875 Willelmietc

246 1924 340 1989 1296,
443 1910 590 1997 Rogems
604 1910 645 1976 de
660 1912 770 1997 Burgo
784 1933 844 1997 per
856 1920 1059 1978 attornatum
1072 1935 1169 1978 suum
1183 1914 1308 1999 optulit
1321 1938 1356 1980 se
1369 1923 1465 2001 quarto
1524 1927 1527 2003 1

266 2022 321 2065 ⁸¹²³·
378 2011 431 2078 die
447 2035 560 2078 uersus
574 2013 839 2077 Bartholomeum
853 2012 893 2078 de
910 2014 1061 2078 Hoctona
1073 2013 1115 2079 de
1130 2014 1250 2100 placito
1264 2038 1330 2102 quo
1344 2024 1466 2081 waranto

378 2118 478 2185 habet
501 2119 681 2206 ingressum
705 2119 740 2183 in
768 2127 888 2184 terram
914 2118 1053 2205 predicti
1077 2120 1198 2207 Rogeri
1222 2120 1259 2185 in
1285 2121 1394 2208 Burgo
1415 2142 1466 2205 que
1526 2149 1527 2190 ι

377 2232 428 2289 est
451 2223 492 2289 de
515 2224 704 2289 serianteria
726 2224 821 2289 Dom.
844 2224 945 2311 Regis
970 2234 1031 2290 etc.
1076 2225 1121 2289 Et
1146 2224 1393 2291 Bartholomeus
1414 2245 1466 2288 non

376 2327 470 2392 uenit
492 2336 552 2395 etc.
575 2338 610 2394 et
631 2328 850 2393 summonitus
874 2337 936 2395 eta
977 2328 1157 2407 «Iudicium,
1185 2328 1257 2415 ipse
1285 2328 1467 2395 attechietur

377 2431 464 2519 quod
478 2431 571 2497 sitin
587 2432 658 2499 Oct.
675 2431 747 2499 etc.¹

245 2555 339 2620 1297,
441 2537 554 2602 Assisa
574 2537 667 2602 uenit
689 2537 895 2625 recognitum
915 2537 944 2603 si
964 2537 1118 2625 Nigellus
1145 2537 1186 2602 de
1215 2537 1418 2603 Mundeuills
1440 2543 1468 2598 et
1525 2592 1526 2647 p

256 2653 325 2695 nom
377 2640 434 2705 alii
463 2648 522 2706 etc.
550 2640 671 2706 iniuste
697 2651 757 2707 eto
783 2641 1031 2706 disseisiuerunt
1056 2641 1259 2707 Willelmum
1286 2642 1414 2709 Curdun
1434 2637 1468 2702 de

377 2745 478 2810 libero
500 2752 688 2810 tenemento
709 2768 767 2810 suo
789 2745 826 2809 in
847 2744 1004 2810 Winewic
1024 2753 1100 2830 post
1125 2745 1305 2811 terminum
1333 2755 1390 2810 etc
1430 2741 1468 2805 Et

377 2848 516 2936 predicti
538 2848 690 2935 Nigellus
712 2849 826 2914 etalii
848 2856 1019 2927 uenerunt,
1042 2857 1077 2914 et
1099 2849 1220 2935 quesiti
1240 2849 1270 2914 si
1284 2849 1365 2935 quid
1377 2848 1468 2912 dicere

378 2953 503 3018 uellent
528 2975 627 3039 quare
652 2951 752 3018 assisa
777 2961 968 3030 remaneret,
997 2952 1113 3017 dicunt
1141 2951 1228 3038 quod
1257 2959 1468 3017 tenementum

377 3055 460 3122 illud
480 3077 648 3143 nunquam
670 3056 734 3121 fuit
756 3056 896 3121 liberum
918 3064 1145 3121 tenementum
1164 3055 1305 3142 predicti
1323 3050 1470 3127 Willelmi,
1524 3068 1525 3097 ³

280 3229 294 3252 „
378 3159 457 3246 quia
469 3159 629 3226 Radulfus
644 3159 776 3227 Cardun
790 3160 872 3225 obiit
887 3160 1028 3226 uestitus
1042 3160 1083 3225 de
1099 3167 1289 3224 tenemento
1309 3159 1366 3225 illo
1384 3166 1420 3222 ut
1436 3155 1469 3220 de

128 3294 130 3303 ,
253 3288 262 3347 J
378 3264 448 3329 iure
456 3285 523 3342 suo,
532 3271 741 3350 quomortuo,
749 3263 969 3330 uenitPetrus
982 3262 1114 3330 Oardun
1124 3263 1211 3328 filius
1220 3263 1339 3329 sororis
1348 3259 1470 3350 predicti

379 3366 510 3432 Radulfi
531 3367 574 3432 ad
595 3367 628 3432 N
631 3367 765 3454 igellum
787 3367 829 3434 de
844 3367 1012 3432 Luuethot
1026 3366 1201 3455 capitalem
1215 3367 1384 3432 dominum
1397 3362 1471 3431 leodi

378 3471 475 3548 illius,
490 3479 524 3535 et
538 3479 577 3535 ut
590 3471 756 3556 proximus
775 3471 869 3537 heres
891 3469 1037 3537 eiusdem
1057 3469 1189 3536 Radulfi
1210 3471 1335 3556 optulit
1354 3469 1471 3536 domino

379 3595 437 3638 suo
451 3573 527 3638 inde
542 3573 729 3662 homagium
743 3597 850 3651 suum,
864 3581 899 3639 et
913 3573 1063 3638 dominus
1083 3595 1163 3638 suus
1183 3573 1262 3639 fecit
1279 3593 1470 3640 summouere
1523 3606 1524 3619 ι

380 3677 561 3764 predictum
576 3677 778 3743 Willelmum
793 3687 828 3743 et
842 3677 977 3744 Petrum
992 3686 1031 3744 ut
1045 3679 1197 3744 uenirent
1206 3677 1243 3743 in
1256 3678 1382 3744 curiam
1391 3699 1471 3742 suam

380 3779 423 3845 ad
445 3778 680 3844 ostendendum
702 3779 754 3845 ius
775 3802 873 3846 suum
894 3788 930 3846 et
950 3779 1071 3846 assedit
1093 3780 1141 3846 eis
1161 3780 1249 3846 diem
1263 3779 1300 3845 in
1314 3781 1473 3852 curiasua,

380 3891 416 3948 et
437 3890 476 3948 ut
497 3883 581 3949 bene
602 3883 787 3970 prouideret
809 3883 872 3950 sibi
894 3882 1088 3950 effomiauit'
1108 3884 1232 3950 curiam
1255 3907 1351 3950 suam
1375 3883 1474 3957 semel,

380 3986 500 4052 iterum
516 3994 550 4052 et
564 3986 674 4064 tercio,
687 3986 735 4052 ita
749 3986 837 4073 quod
850 3986 891 4053 ad
906 3987 1041 4053 terciam
1054 3986 1178 4052 curiam
1192 4008 1286 4052 suam
1305 3985 1475 4052 considera·

413 4218 423 4250 ²
440 4217 541 4280 Among
551 4217 597 4268 the
607 4215 722 4268 martas
736 4217 766 4266 of
779 4215 835 4268 this
850 4215 908 4268 Loi-
957 4217 1003 4270 Br.
1016 4215 1036 4266 t.
1047 4215 1095 4268 869
1106 4215 1132 4278 b,
1144 4216 1204 4268 stt.

380 4282 531 4336 oestershire
546 4297 667 4346 nnnnery
681 4281 711 4340 in
726 4281 840 4333 Monsst.
851 4281 907 4336 vol.
988 4276 1475 4358 'fiefflomedjneressedthestreneth

381 4350 530 4466 ⁴’piligrim
545 4427 647 4477 process
661 4413 689 4464 in
704 4411 761 4476 Quo
771 4411 906 4470 umato.
955 4347 1038 4398 οἴω
1047 4351 1130 4400 mm
