3167 5075
361 391 425 452 '558
659 401 801 465 erenei,
824 403 886 454 en.
911 390 1006 467 1226,
1027 403 1101 454 ss·
1117 392 1170 455 10.·

357 576 451 644 dedit
478 577 520 643 de
550 575 665 643 eodem
695 585 885 643 tenemento
912 573 1059 664 predicto
1084 573 1249 643 Willelmo
1278 573 1450 666 Pereelisye.

356 679 403 745 Et
429 680 515 767 quod
540 679 628 746 Elios
649 679 699 745 ite
720 679 784 744 fuit
806 679 938 745 seisitus
958 679 995 744 in
1015 678 1177 745 dominico
1198 681 1327 767 quondo
1347 690 1451 747 terrem

357 784 450 850 dedit
476 792 510 850 et
540 784 627 871 quod
656 785 745 850 idem
775 785 864 850 Elios
892 805 976 850 suus
1005 784 1093 870 oepit
1121 785 1310 873 homagium
1336 785 1453 851 Riesrdi
1540 806 1541 809 ’

357 887 485 975 nepotis
504 888 556 953 sui
575 888 660 953 sieut
680 887 722 953 de
741 887 904 953 dominico
924 907 992 964 suo,
1006 888 1102 953 offert
1121 889 1257 974 prebere
1276 911 1453 976 percorpus
1540 944 1541 947 ,

356 993 524 1059 cuiusdam
540 993 633 1059 liberi
647 992 788 1059 hominis
802 992 855 1057 sui
868 991 945 1057 telis
959 999 1019 1056 ete
1035 991 1093 1077 qui
1107 992 1171 1056 hoe
1182 993 1278 1058 offert
1292 1001 1351 1060 ete

421 1099 466 1164 Et
489 1098 577 1164 Elias
595 1098 677 1164 dicit
698 1096 784 1184 quod
805 1096 893 1161 Elios
912 1117 995 1161 suus
1014 1118 1093 1162 suns
1112 1119 1178 1161 nou
1197 1097 1263 1162 fuit
1281 1097 1407 1163 eelsitus
1420 1097 1454 1161 de

356 1208 444 1266 terre
456 1201 515 1266 ille
528 1201 564 1266 in
577 1199 738 1266 dominico
758 1199 813 1265 die
833 1221 897 1285 quo
918 1208 1041 1264 cartem
1060 1199 1150 1264 illem
1171 1199 1259 1277 fecit,
1272 1209 1324 1265 set
1343 1199 1455 1265 Willel·

356 1307 430 1369 mus
453 1311 533 1368 tune
552 1304 661 1369 tenuit
681 1311 801 1368 terram
821 1303 921 1380 illam,
942 1310 977 1367 et
997 1301 1074 1367 inde
1093 1303 1187 1389 pouit
1206 1325 1242 1368 se
1261 1303 1298 1368 iu
1315 1325 1455 1392 msgmm
1541 1378 1542 1395 χ

356 1407 489 1472 assisam
511 1407 604 1473 Dom
626 1406 726 1494 Regis
748 1414 809 1471 etc
831 1406 886 1471 uel
908 1428 1007 1492 super
1026 1407 1168 1493 petriam
1189 1407 1275 1472 sieut
1297 1409 1387 1473 euris
1404 1418 1454 1473 etc.

356 1511 408 1576 De
423 1519 588 1597 terreque
602 1510 718 1576 debuit
732 1509 804 1575 deri
818 1509 985 1575 Willelmo
998 1509 1190 1597 Peroehsye,
1204 1510 1287 1576 dicit
1307 1511 1394 1598 quod
1404 1512 1456 1577 hoe

356 1613 478 1681 iniuste
501 1614 589 1693 dicit,
615 1614 692 1701 quie
717 1635 834 1678 renem
860 1612 1026 1698 predictus
1055 1612 1215 1678 Rieerdus
1243 1623 1324 1681 tune
1353 1623 1456 1702 potem

356 1719 422 1784 luit
445 1727 479 1784 et
502 1742 578 1784 eum
603 1719 699 1784 Dom.
723 1719 814 1804 Rege
841 1717 985 1782 Henrieo
1006 1725 1042 1782 et
1062 1739 1121 1804 per
1141 1718 1325 1804 predictum
1348 1721 1457 1785 donum

356 1821 388 1886 ei
403 1822 525 1887 fectum
540 1821 581 1886 de
597 1821 690 1888 feodo
705 1829 740 1886 et
753 1820 891 1886 seruicio
910 1819 1069 1886 Willelmi
1089 1821 1273 1908 Pereeheye
1292 1821 1459 1888 disseisiuit
1542 1822 1543 1881 l

356 1923 496 1988 eundem
523 1923 726 1989 Willelmum
751 1921 793 1987 de
820 1928 892 1987 tots
914 1929 1002 1986 terre
1024 1921 1090 2000 ille,
1113 1930 1149 1987 et
1171 1922 1261 1988 idem
1283 1923 1459 1989 willelmus

355 2028 490 2094 secessit
504 2027 547 2093 ed
561 2027 684 2093 curiam
699 2036 735 2092 et
749 2027 826 2094 inde
844 2035 980 2113 questus
998 2027 1063 2092 fuit
1082 2036 1118 2092 et
1137 2036 1270 2093 secutus
1289 2029 1357 2094 fuit
1373 2029 1458 2095 Dom
1543 2104 1544 2125 χ

357 2132 483 2220 Regem
512 2153 615 2218 usque
643 2131 679 2196 in
708 2139 818 2218 pertes
843 2130 1082 2209 transmarinus,
1105 2140 1141 2197 et
1168 2133 1205 2197 in
1230 2141 1365 2198 tentum
1391 2134 1461 2219 quis

358 2236 499 2301 timebet
514 2243 621 2300 totum
636 2235 770 2323 perdere
785 2233 909 2322 recepit
922 2235 993 2322 ipse
1006 2235 1049 2300 eb
1064 2235 1180 2301 eodem
1193 2235 1333 2301 Rieurdo
1348 2237 1459 2301 medie
1543 2266 1544 2275 ¹

359 2348 463 2404 tatem
479 2339 624 2404 eiusdem
639 2348 723 2404 tene
738 2338 780 2403 de
794 2337 894 2403 bellis
908 2359 977 2418 sus,
987 2347 1023 2404 et
1036 2339 1083 2404 sie
1096 2338 1285 2425 expectauit
1298 2360 1460 2426 quousque

356 2444 473 2509 melius
497 2445 601 2510 fecere
624 2451 741 2531 posset,
761 2441 832 2508 sine
851 2441 965 2528 quiete
984 2442 1163 2508 clemencie
1180 2463 1280 2528 quem
1298 2463 1460 2529 nunqnam
1544 2530 1545 2544 χ

357 2550 478 2613 feceret
492 2548 534 2614 de
548 2549 680 2615 residuo
694 2546 767 2613 etc.¹

422 2654 467 2718 Et
503 2653 581 2739 quis
614 2675 675 2719 nec
713 2651 871 2718 Osbertus
909 2674 970 2716 nee
1006 2652 1096 2716 Elios
1130 2650 1288 2718 dedicunt
1314 2652 1460 2719 seisinsru

358 2756 516 2821 Willelmi
552 2755 736 2842 Perceheye
771 2755 828 2821 sui
863 2755 1002 2842 predicti
1037 2756 1203 2835 Willelmi,
1242 2757 1345 2822 immo
1381 2754 1461 2821 Elim

357 2860 521 2947 cognoscit
549 2859 700 2925 seisinem
729 2858 896 2938 Willolmi,
926 2882 987 2924 nee
1021 2858 1139 2946 aliquis
1173 2882 1286 2926 eorum
1319 2858 1461 2927 defendit

357 2965 409 3031 ius
436 2964 595 3031 Willelmi
630 2962 777 3050 predicti,
807 2964 1046 3030 consideratum
1082 2972 1133 3030 est
1166 2964 1255 3052 quod
1283 2966 1462 3030 Willclmus

355 3070 562 3156 recuperauit
583 3068 734 3133 seisiuem
756 3089 858 3144 susm,
879 3076 915 3133 et
937 3068 1024 3155 quod
1047 3067 1204 3134 Osberbrs
1226 3069 1325 3135 facist
1347 3090 1461 3135 eseam

356 3172 449 3239 bium
471 3172 543 3238 Ade
565 3172 606 3237 de
629 3170 742 3257 Knylli
764 3179 801 3236 et
823 3170 958 3237 Msbilie
979 3172 1074 3237 uxori
1095 3172 1167 3237 eius
1188 3170 1306 3258 quibus
1328 3172 1460 3238 eandem

355 3283 476 3341 terrem
490 3275 712 3341 warentizauit
727 3283 762 3340 et
777 3296 891 3340 uersus
910 3297 991 3361 quos
1007 3274 1188 3340 Willelmus
1208 3275 1312 3362 primo
1333 3276 1463 3363 plucits·

355 3378 415 3459 uit,
430 3388 466 3445 et
487 3378 572 3467 quod
593 3380 702 3444 iursts
722 3378 782 3444 fist
805 3380 892 3445 inter
913 3380 1089 3446 Osbertum
1111 3388 1147 3444 et
1169 3378 1283 3456 Elism,
1297 3388 1335 3445 et
1355 3378 1463 3444 ueniet

356 3484 420 3548 teli
445 3482 497 3549 die
527 3490 588 3548 ete
616 3482 660 3548 ed
687 3482 981 3569 recognoscendum
1009 3484 1039 3549 ei
1071 3482 1240 3570 predictus
1268 3483 1360 3549 Elios
1387 3504 1464 3547 suus

356 3588 459 3673 ipsius
482 3587 580 3651 Helie
605 3608 691 3651 enno
717 3594 753 3651 et
777 3586 832 3651 die
858 3608 923 3673 quo
951 3595 1076 3653 curtem
1104 3587 1195 3652 illem
1221 3587 1299 3652 fecit
1328 3585 1464 3652 Riesrdo

358 3689 485 3756 Giffsrd
507 3691 572 3756 luit
595 3688 630 3755 in
652 3690 773 3755 seisine
797 3691 839 3756 de
867 3688 1016 3777 predicte
1043 3698 1131 3756 terre
1159 3691 1194 3755 in
1219 3690 1383 3756 dominico
1410 3710 1464 3754 suo

357 3795 412 3860 uel
447 3816 523 3859 non.
580 3794 626 3860 Et
662 3794 860 3861 sustinetur¹
895 3797 937 3861 de
966 3795 1103 3862 seruieio
1132 3796 1291 3862 Willelmi
1318 3794 1464 3862 sedendo

355 3898 525 3985 quousque
539 3898 661 3963 scietur
674 3898 754 3986 quid
768 3899 897 3965 dicutur
910 3900 952 3965 de
966 3900 1045 3967 iure.
1090 3900 1135 3966 Et
1147 3901 1257 3965 Adsm
1275 3907 1311 3965 et
1330 3898 1463 3965 Mobilis

356 4012 484 4090 ponunt
504 4002 540 4069 in
559 4011 743 4090 respectum
759 4004 958 4069 escambium
972 4026 1070 4069 suum
1085 4026 1189 4091 usque
1203 4004 1247 4069 sd
1261 4002 1362 4069 telem
1376 4002 1461 4067 diem

356 4106 417 4173 etc.
461 4104 515 4173 Ad
530 4130 626 4193 quem
646 4106 734 4173 diem
754 4109 843 4173 fecte
860 4116 912 4174 est
931 4108 1077 4174 extensio
1095 4106 1140 4173 de
1159 4107 1273 4173 eedem
1293 4116 1383 4172 tenu
1401 4128 1461 4192 que

388 4233 398 4267 ²
414 4232 531 4285 william
542 4234 655 4285 Percehs
672 4234 758 4286 etoclr
769 4234 840 4286 what
850 4234 884 4287 he
933 4234 1055 4298 question
1065 4232 1124 4286 who
1135 4233 1159 4285 is
1169 4232 1278 4285 sntitled
1288 4238 1316 4284 to
1324 4230 1461 4283 wfflin‘s

356 4298 556 4362 coalesceret
568 4300 627 4351 hell
672 4300 768 4360 elend,
779 4300 885 4353 butdid
933 4299 1199 4359 serrleeisdelerred,
1216 4298 1313 4363 stsyed.
1331 4297 1404 4349 until
1418 4296 1461 4347 ebs

357 4368 405 4415 not
416 4364 561 4427 quit-elsim
571 4365 613 4416 his
624 4365 693 4429 right
702 4369 730 4416 to
738 4366 783 4416 the
790 4366 882 4417 whole.
933 4366 943 4430 i
1004 4364 1054 4416 hss
1065 4365 1159 4416 settled
1169 4364 1215 4415 the
1225 4361 1342 4427 question
1359 4362 1392 4413 ol
1406 4362 1459 4412 bet

389 4430 455 4489 ²13.
488 4430 606 4492 illegible
660 4430 806 4494 emmingo
838 4432 884 4483 the
934 4381 1390 4494 dilemma&
