3167 5075
321 431 363 501 72
633 440 775 506 nuum,
796 440 861 491 nn.
885 426 979 504 1225,
1001 441 1064 491 nn
1088 429 1117 492 9.

387 614 481 681 Eudo
502 614 595 681 uenit
617 621 652 679 et
673 612 819 680 defendit
840 612 893 679 ius
914 635 1010 678 suum
1031 634 1119 679 nunc
1140 620 1176 678 et
1196 612 1277 679 alins
1297 610 1427 699 quando

323 720 495 786 defendere
520 718 655 785 debebit
680 727 731 784 set
755 740 821 783 non
846 717 980 783 uidetur
1000 717 1031 783 ei
1054 716 1141 804 quod
1162 717 1281 783 debeat
1302 717 1345 782 nd
1366 717 1426 781 hoc

323 825 423 890 breue
437 823 629 911 respondere
650 822 728 909 quis
746 821 933 887 continetur
951 822 987 888 in
1007 822 1101 887 breui
1120 820 1207 908 quod
1226 820 1342 886 reddat
1364 820 1427 906 ipsi

322 926 467 995 Woltero
489 934 524 992 et
543 925 653 991 Dauid
673 934 708 990 et
727 924 887 1011 Mergerie
901 924 1063 1011 predictus
1077 924 1157 990 duas
1172 948 1273 990 cerne
1288 932 1374 989 terre
1392 922 1427 987 in

323 1028 487 1095 communi
509 1036 543 1093 et
565 1026 704 1115 predicti
725 1026 837 1092 Dauid
858 1035 894 1091 et
916 1026 1080 1115 Mergens
1099 1028 1259 1093 nominati
1280 1026 1316 1091 in
1335 1025 1428 1092 breui

323 1153 388 1196 non
409 1130 549 1196 ueniunt
571 1136 606 1195 et
627 1128 754 1194 desicut
775 1128 864 1193 idem
886 1127 1052 1194 Walterus
1072 1128 1160 1215 petit
1181 1136 1286 1194 totum
1307 1137 1428 1193 terram
1464 1172 1468 1178 -

322 1233 413 1300 illam
427 1257 486 1322 per
499 1257 533 1301 se
548 1256 622 1300 oum
636 1255 702 1299 non
716 1241 825 1319 potest
840 1232 882 1298 de
896 1232 966 1298 iure
980 1240 1092 1319 petere
1106 1232 1170 1297 nisi
1188 1241 1316 1319 partem
1335 1254 1428 1297 susm

324 1340 446 1427 siquid
459 1339 539 1405 iuris
558 1338 693 1405 haberet
714 1361 779 1403 non
802 1338 876 1403 uult
897 1338 940 1403 sd
960 1338 1021 1404 hoc
1034 1338 1134 1403 breue
1153 1336 1345 1425 respondere
1366 1336 1430 1401 nisi

325 1444 415 1509 curin
434 1443 693 1520 considerauerit‚
713 1442 796 1507 etsi
817 1442 908 1507 curin
927 1442 1181 1508 considerauerit
1202 1440 1289 1528 quod
1310 1440 1431 1506 debent

326 1547 368 1612 sd
383 1546 443 1611 hoc
456 1546 556 1611 breue
571 1545 772 1631 respondere,
787 1546 875 1611 dicet
889 1545 988 1611 aliud.

393 1650 437 1716 Et
459 1650 625 1715 Wolterus
650 1648 731 1715 dicit
757 1648 844 1736 quod
869 1649 979 1715 Dauid
1004 1656 1040 1714 et
1068 1649 1231 1736 Morgerin
1258 1654 1375 1713 tenent
1396 1668 1431 1713 se
1561 1703 1566 1728 ,

328 1760 497 1817 contentos
511 1750 552 1816 de
572 1750 720 1838 partibus
742 1750 811 1816 suis
832 1773 913 1837 quas
932 1749 1056 1816 habent
1076 1760 1112 1815 et
1130 1750 1204 1816 ideo
1217 1748 1306 1836 pon'¹
1327 1756 1431 1814 toturn
1562 1779 1566 1790 ·

329 1854 557 1920 terramillam
579 1853 658 1941 quis
679 1852 766 1919 idem
789 1853 885 1918 Eudo
905 1854 1029 1921 nullom
1049 1862 1179 1939 partem
1198 1852 1317 1918 habere
1332 1852 1432 1917 debet

328 1959 369 2025 de
385 1968 471 2024 terra
484 1958 549 2024 illu

393 2064 486 2130 Eudo
509 2072 689 2129 conuentus
709 2072 821 2129 utrum
840 2063 943 2127 uellet
957 2062 1149 2149 respondere
1165 2060 1271 2127 eidem
1286 2060 1432 2126 Woltero
1565 2023 1569 2092 i

328 2171 369 2237 de
389 2170 490 2237 tercia
512 2178 604 2257 perte
628 2169 773 2235 eiusdem
795 2177 879 2233 terre
899 2191 943 2233 sn
956 2167 1102 2255 predicto
1117 2167 1262 2231 Waltero
1277 2175 1311 2231 et
1330 2165 1432 2252 purti-
1565 2165 1569 2174 '

328 2272 454 2359 cipibus
468 2272 535 2337 suis
550 2273 590 2337 de
605 2280 684 2350 toto,
698 2270 865 2358 respondit
879 2272 966 2358 quod
980 2270 1086 2337 uoluit
1100 2270 1141 2335 de
1156 2278 1226 2335 toto
1240 2270 1433 2356 respondere

330 2398 405 2441 curn
419 2376 632 2463 perticipibus
646 2384 681 2440 et
695 2375 768 2442 ideo
783 2384 844 2441 etc.

397 2479 476 2546 Dies
491 2478 587 2545 dutus
606 2486 657 2545 est
677 2486 737 2546 etc.
759 2486 795 2545 et
813 2477 908 2544 ’tunc
926 2478 1038 2544 uenire
1053 2478 1151 2544 faciut
1165 2476 1253 2544 idem
1267 2476 1434 2544 Wulterus

333 2603 388 2647 eos
402 2581 530 2647 uenire'
544 2583 572 2647 si
586 2583 736 2650 uoluerit.

397 2685 529 2751 ’Petrus
549 2687 589 2752 de
610 2686 803 2753 Hereiordia
822 2688 1022 2754 attechiatus
1041 2688 1105 2753 fuit
1119 2687 1161 2753 ad
1175 2686 1434 2774 respondendum

333 2788 470 2854 Ricardo
491 2788 558 2855 filio
580 2790 719 2856 Thurilli
741 2813 840 2878 quare
860 2793 930 2878 ipse
951 2793 1039 2879 cepit
1053 2793 1229 2859 Ricardum
1244 2802 1279 2858 et
1293 2814 1369 2858 eum
1383 2791 1434 2857 in·

332 2894 527 2982 prisonauit⁴
552 2903 586 2961 et
612 2897 719 2984 coegit
744 2896 787 2962 od
816 2898 1075 2985 redempcionem
1096 2897 1122 2984 j
1146 2920 1252 2962 meme
1283 2905 1343 2962 eto.
1389 2897 1435 2961 Et

333 2998 449 3063 Petrus
463 2999 557 3064 uenit
571 2999 651 3064 alias
665 3007 700 3065 et
714 2999 861 3066 defendit
875 3001 1061 3088 capcionem
1082 3009 1117 3066 et
1136 2999 1435 3087 inprisonacionem‚

331 3111 383 3168 set
407 3102 492 3168 dixit
513 3103 599 3190 quod
620 3104 762 3172 nillanus
784 3104 848 3169 fuit
870 3114 905 3170 et
927 3104 1013 3192 quod
1035 3105 1198 3169 subtraxit
1219 3104 1251 3170 ei
1275 3103 1437 3168 uilissias‘

332 3208 581 3274 consuetudines
604 3231 679 3275 suas
698 3232 757 3296 per
779 3209 866 3295 quod
884 3209 1053 3275 distrinxit
1073 3231 1149 3275 eum
1164 3209 1250 3297 quod
1264 3210 1386 3274 faceret
1404 3207 1436 3273 ei

331 3311 581 3379 consuetudines
595 3336 669 3379 suas
683 3337 742 3401 per
755 3315 867 3382 suerin
880 3337 940 3380 sus
953 3314 1111 3400 capienda
1124 3322 1184 3380 etc.
1219 3313 1263 3379 Et
1277 3312 1436 3379 Ricardus

332 3415 417 3480 dixit
445 3415 532 3502 quod
560 3417 644 3482 liber
671 3418 768 3483 homo
798 3418 862 3484 fuit
887 3426 922 3484 et
944 3417 1045 3483 libere
1067 3417 1184 3497 tenuit,
1207 3425 1242 3482 et
1263 3415 1437 3504 probatus⁸

332 3519 517 3585 libertatem
531 3543 623 3586 suam
638 3522 781 3607 probare,
796 3523 845 3588 itu
859 3522 945 3609 quod
960 3521 1084 3588 dictum
1100 3522 1164 3588 fuit
1177 3521 1308 3608 utrique
1323 3543 1437 3586 eorum

333 3623 398 3689 scil.
420 3623 517 3689 Petro
539 3625 626 3711 quod
647 3625 798 3712 probaret
820 3626 928 3713 ipsum
950 3649 1019 3693 esse
1045 3627 1207 3692 uillsnum
1231 3635 1266 3692 et
1297 3625 1438 3691 Ricmdo

333 3723 419 3810 quod
433 3725 584 3811 probaret
598 3749 632 3791 se
647 3749 716 3792 esse
736 3727 884 3806 liberum,
899 3736 934 3794 et
952 3728 1030 3794 inde
1049 3729 1145 3794 dutus
1168 3737 1219 3793 est
1238 3727 1286 3793 eis
1305 3726 1375 3792 diss
1394 3726 1440 3793 nd

334 3828 421 3894 huno
444 3829 627 3895 terminum.
672 3831 716 3896 Et
735 3840 927 3920 preceptum
946 3833 1010 3898 fuit
1025 3833 1208 3898 uicecomiti
1223 3832 1309 3919 quod
1324 3831 1440 3898 uenire
1573 3888 1574 3893 ,

335 3931 455 3995 fuceret
480 3951 535 3996 sex
565 3931 682 3998 liberos
711 3942 747 3998 et
772 3933 893 4020 legales
918 3943 978 4000 etc
1005 3935 1046 4000 de
1070 3935 1216 4023 proximo
1241 3935 1370 4000 uisneto
1395 3935 1442 4001 ad

334 4033 625 4120 recognoscendum
648 4037 745 4103 simul
769 4061 843 4104 oum
867 4039 1058 4126 parentibus
1080 4041 1183 4127 ipsius
1206 4038 1338 4105 Ricordi
1356 4061 1442 4126 quos

335 4136 584 4203 consuetudines
604 4145 639 4203 et
662 4161 725 4226 que
745 4141 883 4207 seruicia
896 4142 985 4208 idem
1000 4143 1157 4210 Ricardus
1171 4151 1206 4208 et
1220 4151 1443 4209 antecessores

368 4273 465 4325 1θοι-ι’.
476 4276 551 4338 petit,
561 4274 593 4326 B.
944 4280 1314 4346 ⁴etinprocnouitrepostod

369 4337 408 4372 Η
422 4339 544 4390 Waltcnu
554 4342 704 4404 tumsociot
716 4347 861 4404 cesserim,
943 4346 955 4378 ⁵
972 4346 1023 4407 Sic,
1034 4347 1065 4397 Β.

336 4405 368 4454 Β.
944 4410 956 4445 ⁶
972 4413 1044 4463 corr.
1052 4420 1160 4476 paratus
1166 4414 1231 4477 fuit,
1243 4412 1275 4465 B.

369 4469 381 4502 ¹
396 4469 427 4519 Β.
439 4484 473 4522 m.
486 4469 534 4523 sd.
