3167 5075
315 406 379 469 190
532 414 650 468 cosm
672 417 771 478 snos,
793 414 859 467 sn.
884 399 1043 477 1236-7,
1066 414 1129 467 sn
1152 402 1202 465 21.

313 590 374 657 hoc
388 592 497 671 breue,
511 597 546 655 et
560 590 648 677 quod
661 590 749 655 fecte
762 590 828 655 fuit
840 610 900 676 per
913 588 1101 655 Metheum²
1115 597 1153 653 et
1171 608 1231 675 per
1243 586 1368 653 rotulos
1381 584 1423 650 de

313 694 511 762 cancellariis
555 695 600 759 Et
614 693 735 782 quesiti
754 701 832 760 sunt
851 690 951 759 rotuli
970 693 1028 779 qui
1047 699 1212 759 testentur
1230 690 1318 779 quod
1337 690 1425 755 fecte

313 800 378 865 fuit
402 820 462 887 per
486 798 657 864 Metheum
679 806 806 885 petrem
829 818 926 863 suum
950 806 987 863 et
1008 818 1075 863 non
1097 818 1157 884 per
1180 796 1334 861 Alanum.
1379 792 1425 857 Et

312 903 387 971 ideo
406 902 644 969 consideratum
667 910 717 967 est
738 900 826 989 quod
846 901 974 967 Alanus
993 901 1125 967 recedet
1145 900 1277 987 quietus
1296 898 1341 965 de
1362 898 1424 963 hoc

313 1008 415 1086 breui,
429 1014 480 1073 set
495 1006 652 1093 Episcopo
671 1006 889 1071 restituantur
909 1004 1029 1071 catella
1047 1028 1111 1091 que
1131 1006 1266 1071 fuerunt
1285 1004 1426 1069 inuento

189 1144 191 1151 ·
314 1113 350 1179 in
372 1120 460 1179 tens
480 1110 545 1177 ihs
590 1110 635 1177 Et
649 1118 762 1197 postca
775 1110 855 1197 qnia
869 1109 1029 1175 terminus
1042 1109 1098 1174 ille
1112 1109 1257 1196 pertinet
1270 1107 1313 1172 sd
1328 1106 1424 1173 Dom.

314 1216 439 1304 Regem
461 1222 496 1280 et
518 1214 696 1299 Episcopus
721 1236 787 1278 non
809 1213 927 1279 hebuit
948 1213 1043 1278 illum
1064 1213 1129 1278 nisi
1150 1212 1193 1279 sd
1214 1212 1423 1278 uoluntatem

315 1318 410 1387 Dom.
425 1318 524 1406 Regis
537 1318 664 1383 Alenus
679 1316 776 1381 finem
792 1316 871 1382 fecit
884 1338 961 1381 cum
974 1317 1068 1381 Dom.
1084 1316 1176 1405 Rege
1190 1338 1249 1403 pro
1268 1313 1423 1382 habendo

314 1422 454 1491 termino
467 1423 560 1488 Dom.
577 1418 678 1509 Regis
692 1442 752 1507 per
766 1418 922 1505 tentum¹.

183 1539 276 1609 1174,
380 1528 545 1594 Walterus
573 1525 614 1591 de
642 1524 932 1611 Kyluiugeholmis
959 1532 1095 1610 questus
1123 1524 1189 1590 fuit
1216 1525 1311 1589 Dom.
1339 1521 1425 1612 Regi

193 1642 263 1683 Ἧι*
315 1631 490 1719 quodcum
505 1631 604 1717 Hugo
619 1630 659 1696 de
680 1629 815 1694 Neuillc
833 1628 920 1695 filius
939 1628 1059 1694 Emisii
1076 1628 1118 1694 de
1140 1628 1274 1695 Neuills
1294 1627 1327 1694 ei
1348 1649 1425 1693 con·

201 1958 258 2010 [m]

315 1736 462 1803 cessisset
476 1742 581 1800 totam
596 1742 716 1799 terram
734 1754 827 1798 susm
848 1732 889 1798 de
905 1732 1160 1821 Wynterburnis
1178 1755 1253 1798 cum
1272 1731 1426 1797 omnibus

316 1845 396 1926 pert
419 1836 486 1902 suis
506 1835 577 1901 sine
599 1834 708 1921 aliquo
733 1841 958 1901 retenemento
979 1856 1037 1921 pro
1059 1834 1211 1922 homagio
1231 1842 1268 1900 et
1288 1834 1426 1900 seruicio

315 1961 374 2007 suo
391 1938 397 2025 Ι
416 1947 452 2004 et
466 1958 525 2025 per
538 1947 660 2004 certem
675 1958 768 2003 suem
782 1944 819 2003 et
832 1936 1006 2001 seruicium
1018 1936 1180 2002 Beetricie
1193 1958 1256 2023 que
1266 1936 1334 2002 fuit
1345 1956 1427 2001 uxor

317 2041 453 2109 Roberti
481 2040 542 2105 filii
570 2039 702 2104 Rcdulfi
732 2060 796 2125 que
822 2037 956 2104 terciam
981 2046 1109 2125 portem
1135 2037 1253 2103 habuit
1277 2036 1426 2103 eiusdem

317 2144 396 2210 uille
424 2142 554 2208 nomine
583 2141 669 2207 dotis
698 2148 901 2206 sttomctum
926 2149 1012 2206 esset
1037 2138 1184 2227 predicto
1208 2138 1366 2218 Weltero,
1390 2148 1427 2206 et

318 2249 465 2337 predicte
486 2246 649 2313 Bestricis
669 2254 837 2312 ettornete
855 2254 941 2311 esset
961 2246 994 2312 ei
1013 2254 1048 2311 et
1067 2244 1099 2311 ei
1113 2246 1234 2312 feceret
1247 2247 1425 2313 seruicium

317 2352 400 2418 illud
426 2352 511 2417 sicut
539 2358 682 2417 werento
711 2350 752 2415 de
781 2350 858 2417 dote
886 2371 947 2416 sus
974 2372 1034 2437 per
1060 2349 1296 2416 concessionem
1325 2350 1427 2428 illum,

319 2458 465 2523 Emisius
479 2456 566 2522 filius
581 2455 727 2521 eiusdem
741 2455 893 2544 Hugcnis
907 2463 943 2521 et
957 2455 1050 2521 heres
1070 2463 1144 2542 post
1163 2462 1302 2520 mortem
1323 2453 1427 2541 ipsius

319 2561 480 2629 Beetricie
505 2585 539 2629 se
564 2562 700 2627 intrusit
722 2561 758 2627 in
783 2569 905 2627 terrum
929 2560 1021 2626 illem
1045 2583 1143 2648 quam
1169 2559 1242 2648 ipss
1263 2559 1429 2626 Bestricia

319 2676 471 2734 tenuerat
484 2668 615 2734 nomine
632 2667 727 2747 dotis,
744 2674 778 2732 et
798 2689 862 2755 que
882 2667 925 2733 ed
945 2668 1055 2754 ipsum
1075 2665 1260 2732 Walterum
1280 2663 1428 2730 cecidere

319 2769 419 2838 debet
440 2773 567 2838 racione
589 2771 733 2858 predicte
755 2770 975 2850 concessionis,
990 2778 1025 2836 et
1046 2777 1159 2835 contre
1179 2777 1301 2834 mrtem
1323 2768 1428 2856 petris

320 2877 372 2942 sui
393 2875 486 2942 cuius
507 2877 600 2942 heres
621 2875 691 2961 ipse
710 2881 761 2940 est
780 2874 871 2940 illem
890 2873 1012 2939 iniuste
1030 2872 1175 2939 detinuit
1193 2872 1257 2959 ipsi
1270 2872 1427 2938 Walters.

321 2979 366 3045 Et
387 2987 500 3064 postes
520 2976 703 3044 concordati
723 2985 803 3043 sunt
822 2976 872 3042 ite
892 2975 980 3062 quod
998 2975 1163 3062 predictus
1183 2975 1332 3041 Emisius
1350 2997 1426 3041 con·

320 3083 418 3148 cessit
439 3082 584 3168 predicto
605 3079 750 3145 Waltero
772 3079 1004 3145 terramillam
1028 3078 1203 3146 tenendam
1226 3080 1326 3145 simul
1349 3101 1427 3146 cum

321 3192 408 3251 tenu
427 3205 524 3270 quem
543 3183 634 3270 prius
654 3182 763 3247 tenuit
782 3182 818 3247 in
837 3183 951 3248 ecdem
971 3182 1052 3249 uilla
1072 3205 1112 3248 ex
1131 3182 1335 3249 concessione
1353 3204 1427 3270 pre·

322 3287 403 3354 dicti
425 3285 576 3375 Hugcnis
596 3285 661 3351 sibi
682 3293 717 3350 et
739 3285 912 3352 heredibus
932 3285 1001 3352 suis
1020 3285 1062 3352 de
1081 3285 1227 3373 predicto
1246 3287 1375 3354 Emisio
1391 3294 1430 3353 et

323 3389 496 3456 heredibus
510 3390 577 3456 suis
591 3413 650 3477 pro
664 3391 724 3456 tali
738 3389 882 3455 seruicio.

388 3492 495 3558 Adem
509 3492 551 3558 de
565 3491 769 3580 Wyhenhcle
790 3491 1008 3558 summonitus
1025 3491 1090 3558 fuit
1106 3493 1147 3558 ed
1167 3489 1431 3579 respondendum

323 3597 416 3666 Dom.
439 3598 525 3685 Regi
545 3619 609 3684 quo
631 3604 774 3662 scranto
795 3617 831 3662 se
852 3603 946 3662 tenet
966 3597 1002 3662 in
1022 3595 1048 3682 j.
1070 3603 1222 3663 csrucsts
1242 3605 1331 3663 terre
1350 3619 1431 3664 curn

324 3711 406 3791 pert.
420 3702 455 3767 in
476 3701 717 3768 Gerbodeshem
736 3722 837 3788 quem
851 3700 1035 3767 Willelmus
1053 3701 1096 3768 de
1110 3702 1305 3790 Wigenhsle
1318 3703 1433 3769 tenuit

322 3804 364 3870 de
390 3803 540 3870 Johenns
562 3803 604 3869 de
626 3804 832 3890 Jcrpenuille
856 3813 949 3890 petre
973 3803 1135 3871 Johsnnis
1157 3805 1199 3872 de
1224 3805 1434 3893 Jcrpenuilhs

323 3905 416 3972 cuius
430 3907 524 4010 heres
537 3905 607 3993 ipse
622 3905 687 3972 est⁸
702 3907 759 3995 qui
774 3915 826 3973 est
839 3907 924 3974 inhu
938 3916 1061 3974 etatem
1076 3917 1112 3975 et
1125 3910 1161 3974 in
1175 3909 1324 3976 custodie
1333 3911 1432 3977 Dorn
1558 3909 1559 3932 ³

357 4051 366 4084 ¹
383 4052 424 4101 An
435 4050 569 4102 omission.
599 4052 666 4102 Alsn
684 4051 852 4104 rouchesthe
900 4051 933 4104 be
954 4051 1073 4104 forteited
1094 4055 1124 4104 to
1143 4053 1189 4105 ffle
1210 4053 1280 4117 king
1302 4065 1336 4105 u
1356 4053 1433 4118 king.

323 4117 388 4167 rolls
403 4117 432 4167 ct
449 4115 494 4166 the
510 4117 638 4180 chsnoery
656 4121 685 4167 tc
704 4117 774 4168 eheu
793 4117 852 4168 thet
901 4118 955 4168 But
975 4117 1029 4168 this
1050 4118 1126 4183 point
1147 4119 1171 4170 is
1189 4123 1237 4170 not
1255 4117 1357 4178 raised:
1385 4119 1435 4170 the

325 4183 371 4257 the
387 4181 490 4244 inquest
501 4195 554 4232 uss
568 4183 647 4233 taken
661 4186 690 4234 st
706 4182 852 4234 Metther’r
901 4183 995 4248 bishop
1012 4183 1036 4233 is
1054 4185 1152 4248 merely
1169 4188 1263 4235 tenent
1283 4187 1314 4234 st
1331 4183 1386 4235 vill
1403 4185 1438 4236 or

324 4250 387 4300 surt-
901 4249 948 4298 the
967 4249 1045 4312 King,
1064 4249 1119 4300 end
1138 4250 1163 4300 is
1178 4249 1306 4314 certainly
1321 4253 1371 4301 not
1385 4263 1436 4301 en-

357 4311 369 4344 ²
383 4309 527 4374 According
537 4314 566 4361 to
575 4310 620 4361 the
634 4311 772 4376 developed
782 4325 851 4363 oom-
901 4313 983 4366 titled.

293 4433 296 4438 ,
325 4390 388 4427 mon
398 4377 455 4434 lev.
468 4375 512 4426 the
523 4381 590 4426 term
604 4377 689 4427 would
701 4377 787 4429 notin
799 4393 852 4442 sny
933 4379 945 4413 ⁸
960 4377 1041 4440 John,
1051 4378 1098 4430 the
1111 4379 1201 4442 niues
1210 4377 1289 4436 werd,
1302 4378 1327 4430 is
1336 4378 1395 4430 heir
1405 4381 1440 4431 ot
1558 4357 1559 4360 Ἴ

324 4457 384 4494 csse
399 4441 503 4492 eschest
519 4444 546 4490 to
563 4441 608 4492 the
623 4441 680 4492 lord
700 4441 747 4493 but
766 4442 852 4494 would
901 4443 973 4496 John
983 4443 1107 4495 eschom
1117 4443 1234 4496 william
1243 4443 1314 4497 hold.
