3167 5075
335 396 399 459 158
552 407 670 457 comm
693 407 792 469 naon,
815 407 878 458 an.
905 394 1063 471 1235-6,
1085 408 1149 459 aa
1172 394 1222 458 20.

334 592 369 649 et
383 582 538 671 cognouit
553 582 759 647 latrocinium
774 604 879 660 suum,
894 591 929 647 et
943 581 985 648 de
999 583 1072 647 aliis
1086 582 1201 647 multis
1215 583 1396 661 maleficiis,
1411 592 1447 649 et

333 688 418 755 dixit
433 687 519 775 quod
533 688 642 775 plures
656 687 773 754 habuit
791 686 966 775 participes
981 695 1016 752 et
1030 686 1131 752 socios
1146 695 1206 755 ete
1222 687 1347 754 scilicet
1360 688 1448 753 tales

334 802 403 872 etc,
418 801 468 859 set
482 816 546 858 non
562 792 693 857 uocauit
708 792 817 857 uirum
832 814 928 857 suum
943 791 986 857 ad
997 800 1186 869 warantum,
1201 791 1250 856 ita
1264 800 1448 877 posuerunt

333 898 490 965 iudicium
505 898 581 963 inde
596 896 631 962 in
646 904 830 983 respectum
846 896 927 962 utsi
946 896 1079 961 interim
1103 895 1292 983 Stephanus
1313 894 1448 959 ueniret

333 1012 368 1070 et
382 1002 645 1070 warantizaretsi
659 1003 770 1082 uellet,
786 1010 821 1067 et
836 1002 1023 1089 Stephanus
1037 1025 1103 1067 non
1123 1001 1216 1066 uenit
1238 1008 1290 1067 set
1310 1024 1344 1067 se
1368 1000 1448 1066 sub-

333 1108 442 1185 traxit,
458 1115 492 1173 et
506 1106 584 1193 quia
600 1106 671 1193 ipsa
688 1107 842 1194 cognouit
860 1106 946 1193 quod
965 1106 1037 1193 ipsa
1058 1129 1133 1172 cum
1156 1104 1229 1171 aliis
1247 1106 1358 1170 furata
1381 1104 1447 1169 fuit

334 1219 369 1277 et
383 1219 563 1276 warantum
577 1234 642 1276 non
657 1210 773 1276 habuit
787 1210 861 1275 ideo
876 1210 940 1276 fuit
954 1233 1013 1297 per
1025 1211 1184 1277 iudicium
1197 1232 1363 1297 suspensa

338 1404 339 1407 Ἴ
399 1317 443 1381 Et
459 1317 572 1383 Simon
586 1316 737 1382 dominus
751 1316 895 1402 ipsorum
909 1317 1026 1382 Emme
1037 1325 1072 1383 et
1084 1315 1245 1403 Stephani
1259 1316 1341 1382 dicit
1357 1313 1447 1402 quod

333 1421 417 1487 bene
439 1421 648 1487 recordantur
669 1421 704 1486 in
726 1429 819 1507 parte
842 1429 878 1485 et
899 1423 984 1488 male
1006 1422 1040 1486 in
1062 1431 1165 1509 parte,
1180 1422 1258 1509 quia
1276 1442 1352 1487 cum
1375 1420 1448 1505 ipsa

333 1534 429 1611 capta
448 1533 533 1590 esset
553 1547 627 1590 cum
650 1523 818 1589 latrocinio
838 1523 894 1589 illo
913 1547 1041 1612 semper
1062 1526 1193 1591 uocauit
1214 1525 1323 1589 uirum
1346 1545 1446 1588 suurn

333 1630 375 1696 ad
405 1638 584 1695 warantum
614 1636 672 1694 etc.
730 1629 774 1693 Et
806 1637 895 1694 secta
924 1638 1066 1696 testatur
1093 1630 1181 1695 idem
1210 1628 1297 1716 quod
1326 1625 1446 1693 balliui

333 1734 471 1821 predicti
499 1734 613 1799 dicunt
639 1743 673 1799 et
696 1732 778 1798 dicit
803 1734 890 1819 quod
916 1734 982 1799 duo
1007 1734 1154 1799 homines
1179 1733 1284 1799 secuti
1308 1731 1447 1797 fuerunt

333 1836 415 1901 illud
430 1835 635 1901 latrocinium
651 1857 764 1900 uersus
778 1834 883 1921 ipsam
898 1835 1056 1901 Emmam

317 1968 319 1975 ·
399 1941 443 2005 Et
458 1940 536 2027 quia
550 1941 621 2027 ipsa
635 1941 753 2006 Emma
771 1939 835 2005 luit
854 1939 930 2005 inde
951 1942 1063 2006 saisita
1084 1949 1122 2007 et·
1140 1940 1293 2028 cognouit
1316 1938 1446 2005 latroci-

333 2043 424 2107 nium
449 2066 509 2108 nec
532 2042 674 2129 aliquem
698 2042 832 2107 uocauit
857 2041 900 2107 ad
922 2052 1103 2108 warantum
1129 2043 1193 2109 nisi
1216 2042 1303 2130 quod
1327 2043 1448 2110 habuit

332 2147 506 2234 participes
522 2156 556 2212 et
572 2148 601 2213 si
615 2157 762 2214 uocasset
780 2148 890 2212 uirum
910 2170 1007 2213 suum
1027 2148 1120 2213 illum
1134 2171 1200 2213 non
1214 2148 1357 2226 habuit¹,
1373 2149 1447 2214 ideo

333 2251 570 2316 consideratum
593 2260 643 2315 est
666 2250 752 2337 quod
774 2250 932 2316 iudicium
955 2251 1077 2317 bonum
1097 2260 1132 2316 et
1151 2251 1266 2317 balliui
1280 2252 1360 2317 inde
1375 2252 1445 2318 sine

333 2355 385 2423 die
402 2364 436 2421 et
453 2356 566 2422 Simon
581 2356 616 2421 in
631 2356 856 2422 misericordia

399 2458 510 2525 Assisa
539 2459 633 2524 uenit
662 2458 869 2547 recognitura
897 2457 924 2523 si
950 2458 1115 2523 Walterus
1140 2456 1182 2523 de
1208 2457 1446 2538 Hemmedena,

334 2565 500 2631 Johannes
524 2564 650 2652 Swayn,
666 2564 829 2632 Oristiana
850 2587 931 2629 uxor
952 2564 1022 2629 eius
1043 2563 1164 2629 iniuste
1185 2571 1220 2628 et
1238 2565 1309 2630 sine
1324 2565 1446 2631 iudicio

335 2669 584 2752 disseisiuerunt¹
606 2669 745 2735 Aliciam
772 2670 874 2735 filiam
899 2667 1037 2734 Arnaldi
1061 2669 1102 2733 de
1129 2668 1229 2734 libero
1255 2678 1446 2736 tenemento

230 2816 232 2822 ·
336 2797 394 2840 suo
408 2774 444 2840 in
458 2774 646 2840 Merckham
661 2774 784 2840 scilicet
799 2774 840 2839 de
855 2773 930 2838 dim
946 2773 1025 2838 hida
1038 2780 1124 2838 terre
1139 2783 1198 2839 ete
1218 2772 1223 2861 Ι

402 2879 446 2943 Et
468 2877 633 2944 Walterus
655 2887 690 2944 et
712 2878 879 2944 Johannes
901 2885 936 2943 et
958 2876 1122 2943 Cristiana
1140 2900 1205 2942 non
1230 2877 1373 2943 ueniunt
1396 2887 1445 2944 set

335 2982 501 3049 Johannes
529 2982 570 3047 de
600 2983 733 3048 Henred
764 2983 906 3049 balliuus
935 3005 1046 3047 eorum
1073 2983 1166 3048 uenit
1191 2991 1226 3048 et
1251 2983 1332 3048 dicit
1358 2983 1445 3070 quod

336 3087 435 3154 assisa
455 3111 521 3152 non
542 3086 641 3153 debet
663 3086 739 3153 inde
762 3088 834 3152 fieri
852 3110 912 3152 nec
930 3087 960 3152 ei
975 3086 1159 3174 responderi
1174 3087 1274 3153 debet
1288 3087 1360 3154 sine
1376 3089 1445 3154 uiro
1553 3132 1554 3135 =

337 3193 490 3279 suo‚quia
503 3193 604 3258 habet
618 3193 727 3258 uirum
742 3215 839 3258 suum
854 3191 1028 3278 quemdam
1037 3192 1250 3259 Vincencium
1265 3193 1324 3281 qui
1337 3195 1445 3261 adhuc

337 3297 435 3363 uiuus
450 3305 500 3362 est
515 3305 573 3362 etc

404 3403 447 3466 Et
460 3401 567 3467 Alicia
581 3401 674 3466 uenit
691 3409 726 3466 et
740 3400 905 3488 cognoscit
925 3401 1011 3487 quod
1032 3399 1150 3465 habuit
1171 3399 1280 3466 uirum
1302 3410 1354 3468 set
1376 3403 1444 3490 ipse

337 3508 403 3575 iam
425 3507 575 3573 habitum
598 3505 763 3594 religionis
782 3506 925 3592 suscepit
944 3504 985 3570 de
1001 3505 1172 3570 uoluntate
1187 3513 1222 3570 et
1235 3505 1373 3572 licencia
1387 3530 1445 3573 sua

337 3612 424 3698 apud
455 3609 727 3676 Ambrcsbiriam¹
753 3617 787 3674 et
813 3609 890 3674 inde
915 3609 1037 3695 profert
1065 3607 1192 3673 litteras
1221 3609 1376 3676 Priorisse
1404 3611 1444 3678 de

337 3716 560 3783 Ambresbiria
596 3739 658 3801 quc
692 3723 857 3781 testantur
884 3713 971 3801 quod
1000 3715 1070 3800 ipse
1099 3714 1250 3780 habitum
1279 3715 1444 3803 religionis

338 3819 513 3908 assumpsit
528 3829 562 3886 et
577 3821 676 3886 frater
689 3820 736 3885 ibi
752 3828 802 3885 est
817 3820 952 3885 effectus
966 3818 1007 3884 de
1022 3819 1157 3884 licencia
1170 3818 1317 3885 eiusdem
1337 3822 1445 3888 uxoris

338 3949 396 3993 sue
410 3947 533 3992 moram
549 3925 693 3990 facturus
707 3923 743 3988 in
759 3923 915 4011 religione
930 3931 1001 3988 tota
1014 3922 1087 3988 uita
1100 3945 1161 3988 sua
1173 3931 1233 3990 etc.

373 4139 382 4172 ¹
399 4136 452 4188 She
462 4134 507 4186 (lid
523 4139 571 4186 not
585 4135 669 4186 rouoh
683 4134 731 4185 har
745 4134 867 4186 husband
917 4135 1059 4186 markabla.

341 4208 369 4254 to
385 4206 523 4265 warranty,
542 4216 572 4251 or
587 4200 610 4250 il
624 4200 671 4250 she
688 4199 740 4258 did,
758 4201 804 4252 she
820 4201 866 4251 did
949 4200 960 4232 ¹
976 4201 1019 4251 He
1029 4215 1080 4251 aaa
1090 4199 1178 4264 onlyI
1192 4215 1304 4264 suppose
1317 4200 1386 4252 hara
1401 4202 1442 4253 be

340 4271 389 4320 not
407 4267 519 4332 produce
540 4265 604 4329 him,
627 4265 711 4316 which
731 4281 818 4316 eomes
837 4271 866 4316 to
916 4281 1016 4317 oomea
1031 4267 1075 4330 lay
1085 4265 1192 4316 brother
1207 4281 1237 4316 or
1253 4267 1403 4332 something
1417 4268 1444 4318 ol

340 4335 474 4384 thesame
493 4331 576 4395 thing.
611 4331 866 4396 Astotheftbya
916 4330 1440 4395 thekindinthanunneryatAmw

340 4397 451 4450 married
473 4413 583 4457 woman.
606 4411 649 4448 see
671 4395 714 4447 Br.
738 4397 864 4447 11611).
916 4397 990 4461 bury.

341 4465 396 4517 'l'he
412 4463 588 4515 intervention
605 4463 634 4514 ol
649 4461 694 4514 tha
710 4462 767 4514 lord
785 4463 809 4512 is
826 4478 864 4514 re·
