3167 5075
354 455 417 520 148
525 470 642 519 consu
665 469 764 531 anca,
785 470 851 519 nn.
876 456 1034 533 1234-5,
1057 470 1120 519 aa
1147 457 1283 520 18-19.

417 642 533 709 Postea
547 664 652 709 coram
672 642 766 709 Dom.
782 642 873 730 Rege
893 642 981 729 apud
995 642 1321 708 Westmonasterium
1338 645 1465 710 factum

352 754 402 812 est
417 745 582 825 iudicium,
597 745 684 827 Quia
702 744 850 831 predicta
870 752 956 811 terra
978 746 1146 811 deseendit
1170 746 1275 811 eidem
1300 746 1467 812 Gristiane

351 850 392 916 de
408 850 552 937 predicto
566 849 709 915 Roberto
723 872 786 915 auo
800 872 859 915 auo
874 872 914 915 ex
934 858 1026 936 parte
1042 850 1156 915 matris
1170 858 1206 915 et
1220 850 1282 914 iste
1297 850 1467 916 Walterus

352 963 401 1021 est
425 956 524 1021 fiater
543 954 644 1041 ipsius
665 954 826 1021 Cristiane
847 963 976 1019 tautum
998 976 1037 1019 ex
1060 962 1153 1040 parte
1175 954 1277 1041 patris
1297 976 1339 1019 ex
1360 954 1467 1020 altera

352 1082 451 1124 uxore
476 1059 535 1146 qui
560 1058 659 1125 nichil
686 1059 825 1125 clamare
848 1059 959 1145 potuit
984 1058 1019 1123 in
1043 1066 1131 1125 terra
1155 1059 1213 1124 illa
1241 1058 1305 1124 uisi
1334 1060 1466 1125 racione

351 1163 495 1250 predicte
520 1162 710 1229 Gundrede¹
735 1162 844 1228 uxoris
863 1184 921 1228 sue
941 1161 1054 1248 prime,
1069 1171 1104 1227 et
1119 1162 1196 1248 quia
1209 1162 1356 1248 predicta
1371 1163 1466 1241 nom,

352 1268 515 1335 Gristiana
540 1275 574 1333 et
600 1268 739 1333 Isobella
761 1267 936 1333 exiueruut
958 1266 999 1332 de
1021 1265 1167 1352 predicto
1188 1265 1342 1353 Philippo
1362 1268 1467 1333 tercio

350 1372 447 1439 fratre
469 1373 571 1461 ipsius
593 1372 728 1439 Roberti
750 1372 806 1438 aui
826 1371 972 1459 predicte
993 1368 1156 1437 Oristiane
1177 1379 1211 1434 et
1233 1369 1307 1435 ideo
1329 1370 1466 1457 pmpin-

351 1478 478 1564 quiores
492 1477 635 1556 heredes
651 1476 898 1543 Consideratum
913 1484 963 1541 est
983 1474 1071 1563 quod
1091 1474 1230 1561 predicti
1245 1476 1408 1541 Henricus
1429 1488 1467 1542 et

351 1582 435 1649 Lora
456 1592 490 1649 et
509 1583 566 1648 alii
586 1591 721 1648 teneant
742 1582 777 1647 in
799 1604 887 1669 pace,
911 1590 945 1646 et
969 1581 1055 1668 quod
1079 1580 1149 1667 ipse
1172 1581 1338 1647 Walterus
1361 1582 1466 1648 nichil

351 1690 439 1776 capit
454 1711 512 1775 per
526 1690 610 1754 hanc
624 1688 756 1753 assisam
772 1696 807 1753 et
821 1686 865 1752 sit
880 1686 914 1750 in
929 1685 1148 1751 misericordia
1164 1685 1237 1751 etc.¹

221 1799 312 1864 1129.
417 1792 606 1880 'Gregorius
628 1792 668 1858 de
691 1794 724 1858 la
745 1793 824 1857 Dun
848 1799 983 1878 questus
1010 1789 1073 1855 fuit
1095 1790 1136 1855 de
1163 1790 1323 1855 Giliberto
1346 1792 1466 1857 Bamet

235 1899 294 1940 ⁸²¹¹·
351 1898 437 1984 quod
460 1921 534 1963 cum
557 1920 615 1984 per
636 1898 888 1964 conuencionem
919 1897 1038 1961 factam
1064 1896 1151 1961 inter
1175 1897 1320 1962 Alanurn
1346 1898 1466 1963 Basset

351 2013 477 2091 patrem
498 2002 644 2069 eiusdem
666 2003 818 2069 Giliberti
838 2003 930 2069 euius
950 2003 1044 2067 heres
1058 2002 1127 2088 ipse
1143 2009 1242 2067 estet
1257 2001 1464 2068 Willelmum

351 2107 392 2173 de
407 2108 440 2172 la
454 2109 532 2173 Duu
547 2116 674 2194 patrem
689 2107 791 2193 ipsius
808 2106 954 2194 Gregorii
974 2106 1067 2171 cuius
1081 2106 1175 2171 heres
1190 2106 1259 2192 ipse
1275 2115 1326 2171 est
1341 2106 1465 2173 habere

351 2212 469 2277 debeat
503 2211 538 2276 in
573 2210 724 2276 Brocwde
759 2210 817 2297 qui
846 2210 910 2275 fuit
939 2209 980 2275 de
1009 2209 1170 2274 dominico
1199 2209 1299 2297 Regis
1329 2210 1465 2276 Ricardi

351 2316 504 2380 auunculi
520 2315 613 2381 Dorn
628 2315 729 2403 Regis
749 2324 882 2380 centum
902 2337 1013 2401 porcos
1032 2315 1159 2401 quietos
1181 2315 1222 2380 de
1244 2316 1408 2404 pannagio
1429 2326 1465 2382 et

350 2442 414 2506 que
437 2418 660 2505 acquietaneia
681 2418 825 2505 pertinet
845 2418 887 2483 ad
910 2418 1072 2505 quandam
1093 2418 1220 2484 firmam
1235 2419 1277 2485 xl
1293 2420 1348 2484 sol
1365 2422 1465 2506 quas¹
1573 2503 1574 2514 ἵ

350 2521 437 2587 idem
453 2522 626 2609 Gregorius
646 2522 739 2588 Dom.
756 2521 841 2610 Regi
861 2521 959 2588 debet
977 2522 1157 2602 annuatim,
1171 2522 1260 2588 idem
1281 2522 1465 2590 Gilibertus

350 2645 414 2687 nou
429 2623 592 2709 permittit
607 2624 747 2689 eundem
763 2625 955 2712 Gregorium
969 2647 1080 2710 porcos
1094 2647 1169 2690 suos
1183 2624 1303 2690 habere
1313 2626 1349 2690 iu
1364 2627 1464 2693 bosco

350 2727 405 2792 illo
420 2728 504 2793 sicut
518 2728 683 2815 predictus
698 2728 883 2794 Willelmus
897 2737 991 2815 pater
1004 2751 1082 2794 suus
1097 2729 1214 2794 habuit
1234 2737 1269 2794 et
1283 2729 1370 2795 sicut
1388 2731 1462 2817 ipse
1570 2796 1571 2815 ἶ

349 2829 468 2897 habere
497 2833 666 2897 consueuit
695 2855 753 2919 per
778 2831 957 2918 predictam
983 2833 1233 2898 conuencionem
1262 2833 1363 2899 immo
1387 2835 1464 2902 illos
1569 2882 1570 2909 r

349 2936 437 3022 capit
452 2944 486 3001 et
501 2945 612 3024 captos
627 2938 754 3004 detinet
766 2946 878 3003 eontra
893 2937 1026 3003 uadium
1043 2946 1077 3002 et
1091 2938 1237 3025 plegium
1252 2939 1303 3004 et⁵
1317 2948 1356 3004 ut
1370 2940 1462 3007 idem

350 3042 523 3130 Gregorius
531 3042 620 3121 dicit,
629 3051 664 3108 et
679 3042 765 3108 unde
775 3043 855 3108 dicit
870 3042 957 3129 quod
971 3051 1064 3129 pater
1078 3065 1156 3107 suus
1171 3044 1280 3108 tenuit
1294 3045 1461 3130 quandam

350 3146 538 3212 serianciam
563 3155 598 3213 et
617 3148 735 3214 habuit
751 3148 785 3213 in
806 3148 901 3213 bosco
921 3148 977 3213 illo
997 3148 1129 3213 boscum
1144 3156 1319 3226 mortuum,
1334 3149 1410 3228 mel,
1426 3161 1462 3217 et
1565 3210 1566 3213 ,

349 3251 414 3316 alia
429 3252 567 3339 quedam
584 3259 622 3316 ut
637 3251 839 3339 pertinencia
858 3251 900 3316 ad
920 3251 1100 3338 predictam
1120 3251 1319 3331 sariendam,
1333 3263 1369 3318 et
1388 3255 1462 3341 ipse

349 3363 443 3440 pater
457 3377 534 3420 suus
549 3355 658 3420 omnia
673 3355 737 3421 ista
751 3355 876 3420 remisit
890 3356 1035 3442 predicto
1051 3355 1156 3420 Alauo
1171 3378 1229 3442 pro
1244 3357 1403 3424 habendis
1417 3361 1461 3425 xl

349 3457 452 3543 porcis
481 3457 601 3544 quietis
630 3457 670 3523 de
704 3459 867 3546 pannagio
895 3459 930 3523 in
958 3459 1053 3524 bosco
1082 3458 1138 3523 illo
1167 3459 1345 3526 secundum
1372 3463 1462 3549 quod

349 3559 531 3646 predictum
555 3569 605 3626 est
630 3569 664 3626 et
690 3562 881 3648 dicitquod
906 3584 1062 3649 magnum
1085 3561 1264 3649 dampnum
1293 3564 1396 3631 habet
1425 3578 1462 3633 et

350 3665 436 3751 quod
450 3664 519 3751 ipse
534 3664 582 3730 ita
603 3663 666 3729 fuit
686 3665 818 3730 saisitus
838 3675 872 3732 et
886 3674 980 3752 pater
993 3689 1071 3732 suus
1085 3690 1159 3733 xxx.
1174 3668 1268 3732 aunis
1283 3668 1411 3756 elapsis,
1425 3684 1463 3737 et

350 3769 429 3835 dicit
448 3768 535 3857 quod
555 3768 655 3834 nichil
675 3768 777 3835 habet
797 3769 832 3834 in
852 3769 1009 3835 auxilium
1030 3771 1072 3836 ad
1090 3771 1251 3857 predictos
1269 3773 1311 3837 xl.
1326 3775 1383 3840 sol
1399 3778 1462 3842 sol·

350 3873 473 3940 nendos
483 3875 575 3940 Dom.
588 3874 672 3963 Regi
683 3875 747 3941 nisi
761 3874 940 3963 predictam
956 3877 1172 3963 quietanciam
1183 3877 1225 3943 de
1239 3881 1405 3968 pannagio
1418 3883 1464 3948 ad

351 4001 461 4065 porcos
481 4003 555 4046 suos
576 3987 611 4045 et
632 3979 672 4047 de
693 3982 754 4048 hoc
773 3983 867 4069 ponit
881 4005 916 4047 se
930 4005 1027 4069 super
1041 3984 1188 4070 patriam
1233 3985 1324 4052 Dicit
1340 3989 1464 4055 eciam‘

351 4084 480 4171 quando
506 4084 592 4150 idem
620 4085 801 4154 Gilibertus
826 4111 891 4153 non
917 4087 1033 4154 habuit
1058 4090 1199 4177 graciam
1223 4091 1317 4159 Doni
1345 4094 1465 4184 Regis'

385 4271 394 4304 ¹
412 4272 482 4322 Gerr.
497 4275 597 4324 Geron
610 4274 640 4341 (l)
962 4278 973 4311 ⁸
990 4276 1033 4329 Sic
1043 4279 1079 4338 Δ;
1095 4277 1143 4329 but
1154 4279 1219 4331 omit
1229 4288 1263 4331 et.

385 4337 476 4388 'Thia
497 4339 576 4389 claim
595 4340 630 4404 by
647 4339 691 4390 rho
707 4340 881 4393 hall-brother
962 4342 1090 4408 ⁸supply
1168 4345 1217 4403 ,Δ.

353 4403 556 4468 innotaworthy.
591 4405 638 4457 Sea
649 4407 694 4456 Br.
705 4407 723 4457 l.
736 4407 777 4458 65.
963 4409 1092 4460 ⁷Gilbert
1170 4410 1234 4460 been
1251 4411 1281 4460 in
1297 4415 1397 4474 revolt3
1419 4415 1465 4469 his

386 4469 543 4545 ⁸A5m.88.
931 4474 1055 4537 outlawry
1076 4474 1126 4526 has
1147 4475 1226 4538 lately
1244 4475 1310 4527 bean
1334 4485 1464 4534 ramaed.

385 4537 396 4567 ⁴
413 4536 494 4586 SrcA.
932 4539 1070 4592 flaeabove
1080 4541 1211 4594 Gaaetd'l.
