3167 5075
301 414 417 464 consu
439 414 538 476 nnus,
559 415 624 465 ιιι).
649 402 893 477 1234—5‚s1r
918 405 1054 469 18-19.
1165 406 1226 467 129

131 586 277 673 exigebat
299 586 429 652 nomine
451 586 597 653 redditus
619 587 659 653 de
682 596 789 653 cetero
811 611 876 654 non
898 590 1079 677 exigantur,
1093 598 1128 654 et
1143 589 1229 676 quod

130 690 304 757 uiceoomes
324 692 353 757 si
374 693 516 759 uoluerit
537 692 652 758 ueniat
673 692 715 759 ed
736 692 942 759 hundredum
964 694 1006 759 ed
1020 694 1102 759 duos
1115 702 1228 759 tumos

129 816 198 859 suos
211 818 269 881 per
283 818 406 861 annum
422 804 456 861 et
470 797 606 883 placitet
625 797 746 884 placite
762 822 827 886 que
846 797 889 864 ed
912 798 1137 865 nicecomitem
1156 821 1229 886 per-

129 898 239 977 tinent,
262 900 325 965 nisi
348 900 524 967 Abbatisse
546 901 629 967 uelit
650 924 724 968 cum
748 926 786 968 eo
807 903 910 991 grutis
931 903 1030 969 finem
1052 904 1165 979 fecere,
1194 911 1229 967 et

128 1002 209 1088 quod
236 1004 415 1070 Abbatisse
443 1004 563 1070 habent
593 1006 701 1071 omnia
729 1006 851 1093 placite
886 1030 949 1093 que
985 1007 1152 1095 pertinent
1187 1006 1229 1071 ed

128 1106 327 1173 hundredum
365 1131 423 1196 per
458 1108 619 1196 predictos
655 1110 872 1199 quadraginta
906 1111 1023 1177 solidos
1051 1109 1228 1177 secundum

127 1210 208 1296 quod
221 1211 256 1275 in
272 1220 363 1277 carte
377 1212 505 1299 Regum
520 1213 712 1279 continetur.

187 1316 305 1381 Postea
340 1315 428 1403 apud
465 1315 703 1404 Merlebergum
740 1340 846 1383 eorem
884 1317 977 1383 Dom.
1020 1318 1111 1404 Rege
1153 1316 1229 1402 quie

126 1417 290 1483 contencio
305 1417 370 1482 fuit
381 1418 468 1483 inter
480 1418 602 1483 Eliem¹
614 1418 703 1485 Gom·
715 1420 902 1486 Serrisbirie
915 1430 993 1486 tunc
1004 1420 1228 1485 uicecomitem

126 1528 158 1584 et
171 1520 381 1586 Abbatissem
396 1542 459 1608 que
475 1522 596 1608 placite
609 1524 796 1610 pertineant
811 1524 853 1589 ed
868 1524 1092 1591 uicecomitem
1110 1532 1145 1589 et
1164 1546 1227 1610 que

127 1624 166 1690 ad
193 1625 410 1705 hundredum,
440 1628 489 1692 itu
517 1627 697 1694 discussum
734 1638 784 1695 est
820 1631 908 1696 inter
943 1653 997 1696 eos
1029 1628 1115 1716 quod
1151 1629 1229 1714 quie

125 1730 355 1818 archiepiscopi
368 1732 504 1797 barones
519 1742 554 1798 et
568 1756 679 1799 omnes
694 1734 751 1799 ulii
765 1735 956 1799 summoniti
967 1743 1044 1800 sunt
1059 1733 1100 1798 ad
1116 1742 1228 1797 turnos

124 1832 199 1912 illos,
214 1834 338 1900 defnlte
360 1843 395 1899 et
414 1834 630 1901 misericordie
652 1836 727 1902 inde
749 1838 978 1923 prouenientes
999 1836 1165 1922 pertinent
1186 1835 1228 1900 ud

125 1938 348 2005 uioecomitem
363 1949 398 2005 er
413 1940 564 2005 similiter
578 1940 668 2005 uisus
683 1941 784 2006 frenci
799 1940 900 2029 plegii
914 1948 949 2005 et
964 1940 1061 2005 essise
1081 1939 1174 2026 penis
1193 1946 1228 2003 et

125 2041 255 2108 eemisie
271 2051 307 2108 et
321 2042 580 2108 attechiemente
594 2044 672 2109 sulse
687 2066 837 2109 mensure
852 2053 887 2109 et
902 2043 1094 2130 placitorum
1113 2064 1227 2108 corone

124 2154 156 2209 et
176 2147 299 2231 placite
320 2147 362 2213 de
384 2148 504 2213 eueriis
526 2149 629 2235 ceptis
651 2158 686 2214 et
715 2158 828 2215 contre
856 2149 990 2214 nadium
1021 2157 1055 2213 et
1083 2147 1228 2234 plegium

124 2250 271 2319 detentis
318 2253 363 2318 Et
385 2252 458 2318 ideo
480 2254 537 2319 ille
559 2263 748 2320 remaneant
769 2255 954 2320 uioecomiti
979 2253 1101 2318 ibidem
1130 2252 1228 2338 placi·

126 2353 221 2419 tande
250 2355 315 2420 nisi
345 2354 521 2421 Abbatisse
549 2356 625 2421 inde
655 2356 753 2421 finem
783 2359 888 2423 fecere
917 2356 999 2423 uelit
1021 2356 1129 2444 gratis
1174 2355 1228 2420 Ad

124 2457 328 2525 hundredum
351 2482 429 2525 uero
451 2461 617 2549 pertinent
639 2462 760 2549 placite
780 2461 822 2526 de
844 2462 1029 2528 hominibus
1052 2460 1229 2526 uerberetis

125 2565 217 2631 etde
240 2567 395 2632 medletis
417 2566 475 2632 ubi
497 2568 616 2634 felonia
638 2590 702 2633 non
724 2568 900 2654 apponitur
915 2576 948 2631 et
962 2566 1004 2632 de
1019 2567 1111 2653 equis
1124 2567 1228 2632 bobus

125 2677 157 2731 et
170 2669 241 2734 aliis
257 2670 440 2735 uulneratis
455 2671 509 2736 uel
524 2671 732 2737 mehemiatis
746 2680 781 2736 et
795 2671 837 2737 de
849 2671 1042 2757 debitisque
1054 2671 1230 2758 exiguntur

125 2771 189 2836 sine
209 2773 305 2838 breui
329 2773 430 2861 Regis
446 2783 481 2840 et
495 2775 568 2841 eliis
583 2775 769 2841 huiusmodi
784 2775 924 2861 querelis
938 2775 1007 2840 sine
1022 2774 1123 2851 breui,
1138 2783 1172 2839 et
1187 2773 1228 2838 de

124 2877 270 2943 omnibus
281 2876 356 2942 nliis
367 2878 552 2944 huiusmodi
563 2880 692 2966 placitis
707 2903 770 2966 que
786 2878 828 2943 ed
840 2879 1045 2944 hundredum
1061 2879 1228 2965 pertinent

124 2977 202 3045 infr-n
231 2981 396 3067 predictos
425 2981 506 3047 duos
535 2991 647 3048 tumos
677 3005 735 3069 per
764 2991 871 3049 totum
900 3006 1031 3049 annum.
1078 2982 1122 3046 Et
1156 2982 1229 3048 ideo

125 3083 297 3151 Abbotisse
319 3085 441 3152 talibus
463 3087 668 3153 libertatibus
692 3097 806 3153 utatur
830 3097 865 3152 et
893 3088 970 3154 inde
999 3088 1034 3152 in
1063 3086 1230 3152 seisinem'

125 3201 297 3256 remaneat.

31 3303 92 3368 lli.
185 3292 381 3359 'Nicholeus
396 3293 437 3359 de
454 3294 582 3360 Lettres
596 3293 815 3360 summonitus
829 3294 893 3359 fuit
907 3293 949 3358 ed
970 3291 1229 3378 respondendum

126 3393 213 3461 Dom.
228 3396 316 3484 Regi
332 3418 396 3483 quo
415 3407 557 3462 warento
578 3405 669 3462 tenet
689 3397 871 3462 manerium
892 3396 932 3461 de
954 3396 1081 3461 Wetele
1103 3395 1143 3460 de
1165 3418 1228 3481 quo

127 3497 292 3567 Hubertus
322 3501 363 3566 de
394 3501 503 3588 Burgo
530 3501 645 3568 Comes
676 3501 800 3566 Kenoie
830 3500 959 3566 seisitus
989 3499 1052 3564 fuir
1079 3499 1135 3564 de⁴
1165 3521 1229 3584 qno

127 3605 303 3669 manerium
319 3604 402 3669 illud
417 3613 549 3692 captum
570 3605 634 3669 fuit
654 3605 688 3670 in
709 3627 842 3670 monum
863 3602 955 3668 Dom.
972 3603 1072 3689 Regis
1086 3625 1144 3687 per
1157 3624 1227 3687 pre·

127 3715 252 3792 ceptum
268 3708 372 3795 ipsius
387 3709 479 3775 Dom.
497 3709 597 3797 Regis
612 3719 671 3776 etc.
717 3710 761 3774 Et
782 3709 960 3775 Nicholaus
979 3707 1071 3772 uenit
1093 3717 1128 3772 et
1149 3707 1229 3772 dicit

127 3819 180 3875 etc
225 3813 270 3878 Et
286 3813 459 3879 Hubertus
473 3814 567 3879 uenit
582 3823 616 3879 et
631 3812 712 3878 dicit
726 3811 799 3878 etc.⁸

158 4065 166 4098 ¹
179 4067 248 4119 Con.
253 4071 340 4128 Elem,
343 4069 375 4118 hc
387 4069 514 4119 Gountese
519 4067 651 4130 Dowagm
735 4064 745 4096 ⁶
763 4065 885 4116 Nicholrrs
896 4066 1012 4129 plecdsu
1028 4067 1148 4131 grnntby
1160 4067 1229 4130 King

130 4131 212 4182 vidos
223 4135 251 4185 ol
261 4135 325 4185 Eerl
337 4133 453 4184 william
464 4132 629 4196 Longsword.
703 4129 791 4193 John;
808 4131 865 4181 eleo
875 4146 891 4182 o
902 4137 978 4194 grant
993 4132 1026 4195 by
1037 4131 1081 4182 the
1092 4147 1150 4183 now
1161 4133 1229 4195 King

159 4199 235 4257 ’sie
247 4201 278 4252 Δ.
703 4196 806 4246 msde'
797 4212 827 4245 m
846 4197 876 4248 l„
897 4197 929 4247 R.
948 4200 1008 4247 Sto
1030 4197 1160 4256 Richoles
1183 4199 1228 4247 the

159 4263 215 4314 Ἀ
226 4281 259 4316 ιιι
280 4267 304 4317 7.
337 4266 373 4314 As
389 4268 419 4315 to
436 4263 481 4314 the
497 4263 608 4314 reverscl
625 4262 654 4312 ol
703 4261 865 4324 undheving
873 4262 1231 4326 belongedtoRolphTeseum

131 4325 247 4380 Hubert's
271 4330 397 4394 outlewry
419 4345 460 4380 see
477 4330 565 4388 above,
588 4329 652 4379 Geso
702 4342 752 4378 one
763 4329 790 4377 ol
801 4327 846 4376 the
857 4327 995 4378 Normens
1028 4329 1130 4379 Hubert
1139 4329 1227 4391 plesds

178 4431 185 4444 .
704 4392 783 4443 soisin
795 4391 880 4443 ctthe
893 4391 952 4443 dcte
967 4395 995 4444 ol
1011 4393 1065 4444 this
1078 4395 1130 4445 leet
1143 4396 1228 4457 grant.

1123 4563 1141 4625 9
