3167 5075
281 361 285 366 ·
370 357 738 428 emorrannum.
762 349 858 430 1227,
878 366 943 418 aa
966 353 1017 417 12
1182 349 1249 421 667

145 625 333 692 PLACITA
357 626 413 693 ΕΤ
443 624 600 692 ASSISE
630 624 775 692 ΟΑΡΓΕ
801 624 854 690 ΙΝ
881 621 1119 690 COMITATU
1145 623 1248 690 SUF-

223 729 395 794 FOLKIE
426 728 584 794 CORAM
621 729 663 793 M
702 728 764 794 DE
801 727 1114 796 PATTESHILLA
1151 726 1248 792 STE-

224 834 384 923 PHANO
406 833 468 898 DE
494 833 704 898 SEGRAVE
731 833 787 898 ΕΤ
814 831 962 898 SOOIIS
989 831 1092 897 SUIS
1113 831 1246 896 ANNO

223 937 370 1003 REGNI
392 937 528 1003 REGIS
551 935 749 1002 HENRIGI
773 935 889 1002 FILII
912 935 1050 1001 REGIS
1074 934 1248 1001 JOHAN-

225 1041 259 1106 N
262 1042 305 1107 IS
330 1039 466 1108 XIJ¹⁰.¹
1120 1060 1124 1067 ’

47 1257 105 1320 890,
202 1247 314 1312 Assisa
328 1247 421 1312 uenit
435 1247 641 1333 recognitum
655 1247 683 1311 si
698 1245 901 1332 Reginaldus
915 1245 957 1310 de
977 1244 1198 1310 Brichworthe
1213 1252 1248 1309 et

140 1352 220 1417 tales
235 1359 296 1417 etc.
311 1351 431 1416 iniuste
447 1359 507 1415 eto.
522 1350 769 1416 disseisiuerunt
785 1350 952 1416 Simonem
972 1349 1013 1414 de
1034 1350 1193 1415 Odewilla
1213 1357 1249 1414 et

138 1455 356 1541 Margaretam
371 1477 504 1519 uxorem
519 1454 590 1519 eius
605 1453 645 1520 de
661 1453 762 1520 libero
778 1462 967 1520 tenemento
981 1477 1040 1520 suo
1054 1454 1090 1519 in
1103 1454 1249 1519 Wither·

138 1559 309 1646 ingeskate
324 1567 398 1645 post
413 1568 472 1624 etc.

201 1661 247 1726 Et
273 1661 473 1748 Reginaldus
498 1661 588 1737 obiit,
614 1669 650 1726 et
678 1660 735 1724 alii
763 1683 830 1726 non
858 1660 998 1725 ueniunt
1026 1682 1086 1725 nec
1115 1661 1249 1726 fluerunt

135 1764 310 1830 attachiati
332 1765 409 1850 quia
429 1788 494 1829 non
516 1766 649 1830 fuerunt
671 1765 807 1830 inuenti
853 1764 897 1829 Et
917 1773 1077 1830 testatum
1096 1765 1248 1852 estquod

134 1867 323 1932 Willelmus
352 1875 387 1932 et
417 1866 553 1932 Mabilia
582 1867 716 1930 fuerunt
745 1866 938 1952 principales
967 1867 1179 1932 disseisitores
1213 1876 1248 1933 et

134 1977 316 2034 tenuerunt
343 1977 461 2034 terram
488 1969 578 2034 illam
604 1969 640 2033 in
665 1992 798 2034 menum
824 1991 918 2034 auam
942 1979 1119 2056 antequam
1148 1971 1247 2057 Regi·

132 2074 254 2139 naldus
276 2074 401 2161 aliquid
424 2074 501 2139 inde
522 2074 667 2140 haberet.
714 2075 759 2139 Et
778 2073 853 2139 ideo
870 2075 1023 2159 procedat
1037 2075 1248 2162 assisanuper

131 2201 193 2244 eos.

194 2283 220 2348 J
221 2291 370 2347 aratores
399 2280 514 2346 dicunt
544 2280 630 2366 quod
660 2279 809 2346 redditus
838 2279 925 2346 unde
955 2280 1102 2345 iecerunt
1137 2281 1246 2347 uisum

128 2387 229 2452 datus
253 2387 319 2451 fuit
340 2385 486 2472 predicte
509 2384 643 2449 Mabilie
665 2384 700 2448 in
722 2384 942 2470 maritagium,
961 2392 996 2448 et
1015 2385 1086 2470 ipsa
1106 2386 1246 2451 eundem

127 2491 301 2557 redditum
311 2489 403 2557 dedit
412 2487 557 2576 predicto
570 2488 696 2555 Simoni
709 2488 744 2553 in
755 2489 966 2577 maritagium
977 2512 1052 2555 cum
1062 2489 1248 2577 Margareta

126 2596 196 2659 filia
216 2618 291 2671 sua,
306 2602 341 2659 et
360 2594 438 2659 fecit
458 2602 608 2657 tenentes
629 2593 796 2659 redditum
817 2594 910 2658 ilium
932 2594 1036 2659 facere
1057 2594 1247 2682 homagium

125 2700 239 2765 eidem
265 2698 400 2774 Simoni,
422 2698 471 2761 ita
493 2698 578 2783 quod
601 2697 687 2762 idem
712 2697 824 2762 Simon
847 2706 882 2762 et
908 2698 1093 2785 Margareta
1113 2699 1247 2764 fuerunt

123 2804 203 2869 inde
217 2801 389 2868 inseisine
400 2822 567 2887 quousque
577 2800 724 2886 predicta
735 2800 872 2867 Mabilia
882 2802 968 2888 ipsos
979 2802 1055 2867 inde
1070 2802 1248 2868 disseiaiuit
1287 2861 1293 2874 .
1375 2869 1377 2872 .

123 2918 313 2993 antequam
335 2905 529 2991 desponsata
551 2912 636 2969 esset
658 2904 805 2990 predicto
827 2905 1001 2983 Willelmo,
1022 2906 1110 2971 unde
1132 2906 1247 2971 dicunt

123 3011 215 3097 quod
245 3009 434 3073 Willelmus
463 3030 517 3073 eos
547 3008 624 3073 inde
653 3030 719 3073 non
749 3007 934 3073 disseisiuit.
989 3009 1115 3075 Dicunt
1143 3011 1246 3075 eciam

122 3115 215 3202 quod
248 3113 400 3201 predicta
430 3112 566 3177 Mabilia
594 3113 704 3177 tenuit
733 3112 899 3178 redditum
928 3114 1023 3178 illum
1048 3115 1083 3179 in
1112 3137 1246 3179 manum

120 3243 220 3285 suam
245 3240 310 3304 per
331 3217 464 3304 longum
487 3225 618 3303 tempus
639 3224 813 3303 postquam
839 3241 893 3283 eos
920 3217 997 3283 inde
1026 3218 1247 3283 disseisiuerat

120 3334 314 3409 antequam
329 3321 421 3387 dedit
436 3322 529 3387 illum
544 3321 710 3387 redditum
726 3322 873 3407 predicto
886 3322 1069 3408 Regineldo
1084 3322 1142 3408 qui
1156 3322 1245 3389 obiit

120 3430 166 3493 Et
182 3428 267 3493 ideo
284 3425 522 3492 consideratum
538 3426 690 3512 estquod
706 3426 820 3491 Simon
839 3434 873 3491 et
894 3425 1078 3512 Margereta
1099 3448 1246 3512 recuper-

118 3540 276 3599 auerunt
291 3530 443 3596 saisinam
458 3553 551 3595 suam
566 3553 679 3595 uersus
693 3530 870 3606 Mabiliam‚
881 3538 916 3594 et
927 3530 1063 3595 Mabilia
1073 3530 1108 3595 in
1123 3530 1247 3595 miseri-

119 3636 239 3701 cordia
254 3642 294 3700 et
310 3634 424 3701 Simon
435 3642 469 3699 et
481 3636 667 3721 Margareta
678 3634 712 3699 in
724 3634 942 3701 misericordia
951 3657 1009 3721 pro
1020 3635 1099 3701 also
1108 3635 1246 3701 clamore

120 3762 244 3807 uersus
261 3737 467 3803 Willelmum
483 3746 518 3804 et
533 3737 759 3825 Reginaldum.
780 3738 785 3824 Ι

74 3909 79 3921 ,
189 3843 316 3909 Amisa
340 3842 434 3909 uenit
458 3842 664 3930 recognitum
688 3842 717 3907 si
743 3842 879 3908 Mabilia
906 3851 1013 3909 mater
1041 3843 1161 3931 Rogeri
1185 3843 1246 3909 filii
1346 3900 1355 3913 .

153 4017 163 4049 ¹
182 4016 242 4065 For
249 4012 424 4063 commission
437 4027 479 4062 aee
490 4012 550 4064 aot.
562 4012 600 4063 cl.
612 4012 664 4062 vol.
764 4012 819 4061 A=
830 4010 919 4062 Tower
940 4012 1001 4061 Roll
1020 4012 1070 4062 No.
1094 4013 1135 4074 14,
1159 4012 1245 4063 which

118 4083 145 4141 2,
157 4082 267 4146 p.‚213.
308 4078 441 4141 Sograve’o
452 4092 530 4128 name
540 4078 564 4127 ia
574 4081 622 4127 not
634 4080 664 4127 in
715 4076 740 4126 ia
763 4078 792 4127 in
815 4076 866 4127 bod
886 4077 1020 4127 condition
1047 4077 1100 4128 and
1121 4077 1170 4129 hoa
1191 4079 1245 4131 lost

118 4147 166 4197 the
178 4143 405 4196 commissiones
419 4142 557 4206 originally
568 4142 665 4192 iasued.
717 4143 815 4193 several
825 4143 998 4193 membranas.
1027 4143 1244 4207 Thapagination

118 4213 179 4262 The
191 4210 307 4261 session
318 4208 346 4257 in
360 4208 461 4258 Suflolk
472 4208 666 4258 eeemetohave
717 4208 746 4257 oi
762 4207 808 4257 the
819 4209 982 4258 membranas
997 4208 1083 4257 which
1094 4210 1107 4257 I
1118 4210 1206 4259 iollow
1222 4210 1245 4259 is

118 4278 212 4341 begun
238 4275 273 4324 in
301 4273 370 4337 Sept.
389 4276 462 4333 1227,
480 4273 533 4324 and
549 4278 577 4323 to
600 4274 666 4323 have
716 4273 777 4323 that
799 4272 884 4324 which
905 4274 958 4323 will
979 4273 1011 4325 be
1030 4274 1113 4325 found
1131 4278 1161 4326 at
1177 4274 1246 4327 their

118 4341 304 4461 fftssdlgnio
330 4338 376 4390 the
404 4354 460 4390 new
482 4338 571 4402 mgna]
592 4352 662 4403 year,
716 4341 784 4401 iope.
