<?xml version="1.0" encoding="UTF-8"?>
<!DOCTYPE html PUBLIC "-//W3C//DTD XHTML 1.0 Transitional//EN"
    "http://www.w3.org/TR/xhtml1/DTD/xhtml1-transitional.dtd">
<html xmlns="http://www.w3.org/1999/xhtml" xml:lang="en" lang="en">
 <head>
  <title>
</title>
<meta http-equiv="Content-Type" content="text/html;charset=utf-8" />
  <meta name='ocr-system' content='tesseract 3.04.00' />
  <meta name='ocr-capabilities' content='ocr_page ocr_carea ocr_par ocr_line ocrx_word'/>
</head>
<body>
  <div class='ocr_page' id='page_1' title='image "bractonsnoteboo03maitgoog_0047.png"; bbox 0 0 3167 5075; ppageno 0'>
   <div class='ocr_carea' id='block_1_1' title="bbox 460 398 1254 479">
    <p class='ocr_par' dir='ltr' id='par_1_1' title="bbox 460 398 1254 479">
     <span class='ocr_line' id='line_1_1' title="bbox 460 398 1254 479; baseline 0.004 -14"><span class='ocrx_word' id='word_1_1' title='bbox 460 414 609 479; x_wconf 77' lang='lat' dir='ltr'><strong>nuum,</strong></span> <span class='ocrx_word' id='word_1_2' title='bbox 632 414 695 465; x_wconf 75' lang='lat' dir='ltr'><strong>uo.</strong></span> <span class='ocrx_word' id='word_1_3' title='bbox 720 400 813 478; x_wconf 74' lang='lat'>1224,</span> <span class='ocrx_word' id='word_1_4' title='bbox 834 413 897 465; x_wconf 70' lang='lat' dir='ltr'><strong>un</strong></span> <span class='ocrx_word' id='word_1_5' title='bbox 921 402 950 467; x_wconf 87' lang='lat'><strong>8.-</strong></span> <span class='ocrx_word' id='word_1_6' title='bbox 1122 398 1125 401; x_wconf 80' lang='grc'>’</span> <span class='ocrx_word' id='word_1_7' title='bbox 1209 398 1254 469; x_wconf 74' lang='grc'><strong>37</strong></span> 
     </span>
    </p>
   </div>
   <div class='ocr_carea' id='block_1_2' title="bbox 106 584 1286 4202">
    <p class='ocr_par' dir='ltr' id='par_1_2' title="bbox 156 584 1256 1173">
     <span class='ocr_line' id='line_1_2' title="bbox 216 584 1253 675; baseline 0 -24"><span class='ocrx_word' id='word_1_8' title='bbox 216 585 262 651; x_wconf 83' lang='lat' dir='ltr'><strong>&#39;Et</strong></span> <span class='ocrx_word' id='word_1_9' title='bbox 289 586 425 653; x_wconf 73' lang='lat' dir='ltr'><strong>Masulis</strong></span> <span class='ocrx_word' id='word_1_10' title='bbox 454 588 547 653; x_wconf 87' lang='lat' dir='ltr'><strong>uenit</strong></span> <span class='ocrx_word' id='word_1_11' title='bbox 576 596 610 653; x_wconf 88' lang='lat' dir='ltr'><strong>et</strong></span> <span class='ocrx_word' id='word_1_12' title='bbox 639 586 784 653; x_wconf 76' lang='lat' dir='ltr'><strong>defendit</strong></span> <span class='ocrx_word' id='word_1_13' title='bbox 812 586 900 674; x_wconf 91' lang='lat' dir='ltr'><strong>quod</strong></span> <span class='ocrx_word' id='word_1_14' title='bbox 932 586 997 675; x_wconf 86' lang='lat' dir='ltr'><strong>ipsi</strong></span> <span class='ocrx_word' id='word_1_15' title='bbox 1024 584 1149 651; x_wconf 76' lang='lat' dir='ltr'><strong>nullum</strong></span> <span class='ocrx_word' id='word_1_16' title='bbox 1177 584 1253 651; x_wconf 90' lang='lat' dir='ltr'><strong>inde</strong></span> 
     </span>
     <span class='ocr_line' id='line_1_3' title="bbox 157 688 1254 781; baseline 0.002 -28"><span class='ocrx_word' id='word_1_17' title='bbox 157 688 329 754; x_wconf 72' lang='lat' dir='ltr'><strong>custodiam</strong></span> <span class='ocrx_word' id='word_1_18' title='bbox 359 690 476 781; x_wconf 76' lang='lat' dir='ltr'><strong>hebere</strong></span> <span class='ocrx_word' id='word_1_19' title='bbox 504 690 626 756; x_wconf 90' lang='lat' dir='ltr'><strong>debent</strong></span> <span class='ocrx_word' id='word_1_20' title='bbox 654 690 732 777; x_wconf 86' lang='lat' dir='ltr'><strong>quie</strong></span> <span class='ocrx_word' id='word_1_21' title='bbox 759 690 924 778; x_wconf 86' lang='lat' dir='ltr'><strong>pnedictus</strong></span> <span class='ocrx_word' id='word_1_22' title='bbox 951 689 1117 755; x_wconf 76' lang='lat' dir='ltr'><strong>Walterus</strong></span> <span class='ocrx_word' id='word_1_23' title='bbox 1145 688 1254 755; x_wconf 90' lang='lat' dir='ltr'><strong>tenuit</strong></span> 
     </span>
     <span class='ocr_line' id='line_1_4' title="bbox 158 790 1254 879; baseline 0.003 -25"><span class='ocrx_word' id='word_1_24' title='bbox 158 796 271 855; x_wconf 79' lang='lat' dir='ltr'><strong>terrem</strong></span> <span class='ocrx_word' id='word_1_25' title='bbox 285 790 376 857; x_wconf 78' lang='lat' dir='ltr'><strong>illum</strong></span> <span class='ocrx_word' id='word_1_26' title='bbox 390 792 426 856; x_wconf 90' lang='lat' dir='ltr'><strong>in</strong></span> <span class='ocrx_word' id='word_1_27' title='bbox 440 792 566 879; x_wconf 82' lang='lat' dir='ltr'><strong>sooegio</strong></span> <span class='ocrx_word' id='word_1_28' title='bbox 580 801 615 857; x_wconf 88' lang='lat' dir='ltr'><strong>et</strong></span> <span class='ocrx_word' id='word_1_29' title='bbox 630 814 695 857; x_wconf 92' lang='lat' dir='ltr'><strong>non</strong></span> <span class='ocrx_word' id='word_1_30' title='bbox 709 814 767 878; x_wconf 87' lang='lat' dir='ltr'><strong>per</strong></span> <span class='ocrx_word' id='word_1_31' title='bbox 780 791 953 858; x_wconf 74' lang='lat' dir='ltr'><strong>seruitium</strong></span> <span class='ocrx_word' id='word_1_32' title='bbox 968 791 1109 857; x_wconf 71' lang='lat' dir='ltr'><strong>militare</strong></span> <span class='ocrx_word' id='word_1_33' title='bbox 1123 798 1159 857; x_wconf 90' lang='lat' dir='ltr'><strong>et</strong></span> <span class='ocrx_word' id='word_1_34' title='bbox 1176 790 1254 857; x_wconf 86' lang='lat' dir='ltr'><strong>inde</strong></span> 
     </span>
     <span class='ocr_line' id='line_1_5' title="bbox 156 894 1256 983; baseline 0.002 -24"><span class='ocrx_word' id='word_1_35' title='bbox 156 894 271 979; x_wconf 77' lang='lat' dir='ltr'><strong>profert</strong></span> <span class='ocrx_word' id='word_1_36' title='bbox 291 903 414 961; x_wconf 78' lang='lat' dir='ltr'><strong>certam</strong></span> <span class='ocrx_word' id='word_1_37' title='bbox 439 896 563 962; x_wconf 87' lang='lat' dir='ltr'><strong>Deceni</strong></span> <span class='ocrx_word' id='word_1_38' title='bbox 585 904 620 963; x_wconf 91' lang='lat' dir='ltr'><strong>et</strong></span> <span class='ocrx_word' id='word_1_39' title='bbox 644 896 790 983; x_wconf 79' lang='lat' dir='ltr'><strong>Capituli</strong></span> <span class='ocrx_word' id='word_1_40' title='bbox 815 896 902 983; x_wconf 91' lang='lat' dir='ltr'><strong>quod</strong></span> <span class='ocrx_word' id='word_1_41' title='bbox 926 904 1037 962; x_wconf 88' lang='lat' dir='ltr'><strong>tenere</strong></span> <span class='ocrx_word' id='word_1_42' title='bbox 1058 895 1174 963; x_wconf 79' lang='lat' dir='ltr'><strong>debuit</strong></span> <span class='ocrx_word' id='word_1_43' title='bbox 1196 916 1256 982; x_wconf 87' lang='lat' dir='ltr'><strong>per</strong></span> 
     </span>
     <span class='ocr_line' id='line_1_6' title="bbox 157 999 1255 1090; baseline 0.002 -27"><span class='ocrx_word' id='word_1_44' title='bbox 157 1021 253 1064; x_wconf 90' lang='lat' dir='ltr'><strong>unum</strong></span> <span class='ocrx_word' id='word_1_45' title='bbox 275 999 441 1066; x_wconf 82' lang='lat' dir='ltr'><strong>bisentum</strong></span> <span class='ocrx_word' id='word_1_46' title='bbox 463 1023 522 1090; x_wconf 86' lang='lat' dir='ltr'><strong>per</strong></span> <span class='ocrx_word' id='word_1_47' title='bbox 545 1024 667 1068; x_wconf 75' lang='lat' dir='ltr'><strong>annum</strong></span> <span class='ocrx_word' id='word_1_48' title='bbox 689 1024 748 1090; x_wconf 90' lang='lat' dir='ltr'><strong>pro</strong></span> <span class='ocrx_word' id='word_1_49' title='bbox 770 1002 859 1068; x_wconf 89' lang='lat' dir='ltr'><strong>omni</strong></span> <span class='ocrx_word' id='word_1_50' title='bbox 879 1001 1023 1082; x_wconf 84' lang='lat' dir='ltr'><strong>seruicio,</strong></span> <span class='ocrx_word' id='word_1_51' title='bbox 1038 1016 1074 1067; x_wconf 86' lang='lat' dir='ltr'><strong>et</strong></span> <span class='ocrx_word' id='word_1_52' title='bbox 1093 1000 1167 1067; x_wconf 90' lang='lat' dir='ltr'><strong>ideo</strong></span> <span class='ocrx_word' id='word_1_53' title='bbox 1187 1022 1255 1065; x_wconf 90' lang='lat' dir='ltr'><strong>non</strong></span> 
     </span>
     <span class='ocr_line' id='line_1_7' title="bbox 156 1102 585 1173; baseline 0.014 -6"><span class='ocrx_word' id='word_1_54' title='bbox 156 1102 249 1169; x_wconf 91' lang='lat' dir='ltr'><strong>debet</strong></span> <span class='ocrx_word' id='word_1_55' title='bbox 261 1104 442 1171; x_wconf 74' lang='lat' dir='ltr'><strong>custodiam</strong></span> <span class='ocrx_word' id='word_1_56' title='bbox 456 1105 585 1173; x_wconf 82' lang='lat' dir='ltr'><strong>hebere.</strong></span> 
     </span>
    </p>

    <p class='ocr_par' dir='ltr' id='par_1_3' title="bbox 106 1204 1286 3145">
     <span class='ocr_line' id='line_1_8' title="bbox 216 1204 1257 1295; baseline -0.001 -25"><span class='ocrx_word' id='word_1_57' title='bbox 216 1206 261 1271; x_wconf 84' lang='lat' dir='ltr'><strong>Et</strong></span> <span class='ocrx_word' id='word_1_58' title='bbox 281 1206 433 1273; x_wconf 84' lang='lat' dir='ltr'><strong>Deeenus</strong></span> <span class='ocrx_word' id='word_1_59' title='bbox 454 1208 534 1275; x_wconf 89' lang='lat' dir='ltr'><strong>dicit</strong></span> <span class='ocrx_word' id='word_1_60' title='bbox 556 1207 642 1295; x_wconf 94' lang='lat' dir='ltr'><strong>quod</strong></span> <span class='ocrx_word' id='word_1_61' title='bbox 665 1214 755 1273; x_wconf 80' lang='lat' dir='ltr'><strong>certa</strong></span> <span class='ocrx_word' id='word_1_62' title='bbox 779 1206 838 1272; x_wconf 77' lang='lat' dir='ltr'><strong>ills</strong></span> <span class='ocrx_word' id='word_1_63' title='bbox 861 1228 927 1271; x_wconf 89' lang='lat' dir='ltr'><strong>non</strong></span> <span class='ocrx_word' id='word_1_64' title='bbox 950 1204 1049 1272; x_wconf 87' lang='lat' dir='ltr'><strong>debet</strong></span> <span class='ocrx_word' id='word_1_65' title='bbox 1071 1204 1119 1270; x_wconf 87' lang='lat' dir='ltr'><strong>eis</strong></span> <span class='ocrx_word' id='word_1_66' title='bbox 1142 1226 1257 1270; x_wconf 88' lang='lat' dir='ltr'><strong>nocere</strong></span> 
     </span>
     <span class='ocr_line' id='line_1_9' title="bbox 156 1308 1258 1397; baseline 0 -23"><span class='ocrx_word' id='word_1_67' title='bbox 156 1308 229 1393; x_wconf 83' lang='lat' dir='ltr'><strong>quie</strong></span> <span class='ocrx_word' id='word_1_68' title='bbox 242 1310 377 1376; x_wconf 80' lang='lat' dir='ltr'><strong>ecclesie</strong></span> <span class='ocrx_word' id='word_1_69' title='bbox 390 1334 450 1377; x_wconf 83' lang='lat' dir='ltr'><strong>sua</strong></span> <span class='ocrx_word' id='word_1_70' title='bbox 469 1311 659 1377; x_wconf 78' lang='lat' dir='ltr'><strong>Herefoniie</strong></span> <span class='ocrx_word' id='word_1_71' title='bbox 680 1332 808 1397; x_wconf 85' lang='lat' dir='ltr'><strong>semper</strong></span> <span class='ocrx_word' id='word_1_72' title='bbox 827 1311 927 1377; x_wconf 78' lang='lat' dir='ltr'><strong>telem</strong></span> <span class='ocrx_word' id='word_1_73' title='bbox 948 1309 1065 1376; x_wconf 79' lang='lat' dir='ltr'><strong>habuit</strong></span> <span class='ocrx_word' id='word_1_74' title='bbox 1086 1317 1258 1375; x_wconf 89' lang='lat' dir='ltr'><strong>consuetu·</strong></span> 
     </span>
     <span class='ocr_line' id='line_1_10' title="bbox 155 1412 1259 1500; baseline 0.002 -23"><span class='ocrx_word' id='word_1_75' title='bbox 155 1412 260 1479; x_wconf 87' lang='lat' dir='ltr'><strong>dinem</strong></span> <span class='ocrx_word' id='word_1_76' title='bbox 275 1413 362 1500; x_wconf 92' lang='lat' dir='ltr'><strong>quod</strong></span> <span class='ocrx_word' id='word_1_77' title='bbox 376 1414 509 1481; x_wconf 89' lang='lat' dir='ltr'><strong>heredes</strong></span> <span class='ocrx_word' id='word_1_78' title='bbox 524 1416 669 1482; x_wconf 90' lang='lat' dir='ltr'><strong>omnium</strong></span> <span class='ocrx_word' id='word_1_79' title='bbox 684 1416 859 1481; x_wconf 90' lang='lat' dir='ltr'><strong>liberorum</strong></span> <span class='ocrx_word' id='word_1_80' title='bbox 870 1416 1056 1481; x_wconf 87' lang='lat' dir='ltr'><strong>tenencium</strong></span> <span class='ocrx_word' id='word_1_81' title='bbox 1069 1413 1110 1479; x_wconf 91' lang='lat' dir='ltr'><strong>de</strong></span> <span class='ocrx_word' id='word_1_82' title='bbox 1124 1413 1259 1479; x_wconf 81' lang='lat' dir='ltr'><strong>ecclesio</strong></span> 
     </span>
     <span class='ocr_line' id='line_1_11' title="bbox 155 1515 1258 1602; baseline 0.002 -23"><span class='ocrx_word' id='word_1_83' title='bbox 155 1536 211 1579; x_wconf 83' lang='lat' dir='ltr'><strong>sue</strong></span> <span class='ocrx_word' id='word_1_84' title='bbox 230 1537 359 1602; x_wconf 86' lang='lat' dir='ltr'><strong>semper</strong></span> <span class='ocrx_word' id='word_1_85' title='bbox 379 1516 512 1583; x_wconf 86' lang='lat' dir='ltr'><strong>suerunt</strong></span> <span class='ocrx_word' id='word_1_86' title='bbox 534 1517 569 1583; x_wconf 90' lang='lat' dir='ltr'><strong>in</strong></span> <span class='ocrx_word' id='word_1_87' title='bbox 590 1517 738 1584; x_wconf 79' lang='lat' dir='ltr'><strong>custodis</strong></span> <span class='ocrx_word' id='word_1_88' title='bbox 758 1540 870 1584; x_wconf 88' lang='lat' dir='ltr'><strong>eorum</strong></span> <span class='ocrx_word' id='word_1_89' title='bbox 891 1540 966 1583; x_wconf 90' lang='lat' dir='ltr'><strong>cum</strong></span> <span class='ocrx_word' id='word_1_90' title='bbox 988 1516 1083 1582; x_wconf 88' lang='lat' dir='ltr'><strong>terris</strong></span> <span class='ocrx_word' id='word_1_91' title='bbox 1103 1515 1170 1581; x_wconf 85' lang='lat' dir='ltr'><strong>suis</strong></span> <span class='ocrx_word' id='word_1_92' title='bbox 1188 1515 1258 1582; x_wconf 86' lang='lat' dir='ltr'><strong>siue</strong></span> 
     </span>
     <span class='ocr_line' id='line_1_12' title="bbox 156 1618 1257 1706; baseline 0.001 -22"><span class='ocrx_word' id='word_1_93' title='bbox 156 1626 302 1685; x_wconf 87' lang='lat' dir='ltr'><strong>tenerent</strong></span> <span class='ocrx_word' id='word_1_94' title='bbox 315 1640 373 1706; x_wconf 89' lang='lat' dir='ltr'><strong>per</strong></span> <span class='ocrx_word' id='word_1_95' title='bbox 386 1621 560 1689; x_wconf 89' lang='lat' dir='ltr'><strong>seruicium</strong></span> <span class='ocrx_word' id='word_1_96' title='bbox 574 1621 716 1687; x_wconf 72' lang='lat' dir='ltr'><strong>militare</strong></span> <span class='ocrx_word' id='word_1_97' title='bbox 731 1621 801 1687; x_wconf 84' lang='lat' dir='ltr'><strong>siue</strong></span> <span class='ocrx_word' id='word_1_98' title='bbox 815 1621 879 1687; x_wconf 81' lang='lat' dir='ltr'><strong>elio</strong></span> <span class='ocrx_word' id='word_1_99' title='bbox 890 1620 985 1687; x_wconf 90' lang='lat' dir='ltr'><strong>modo</strong></span> <span class='ocrx_word' id='word_1_100' title='bbox 1000 1629 1036 1686; x_wconf 92' lang='lat' dir='ltr'><strong>et</strong></span> <span class='ocrx_word' id='word_1_101' title='bbox 1049 1619 1110 1685; x_wconf 76' lang='lat' dir='ltr'><strong>tuli</strong></span> <span class='ocrx_word' id='word_1_102' title='bbox 1124 1618 1257 1685; x_wconf 80' lang='lat' dir='ltr'><strong>seioine¹</strong></span> 
     </span>
     <span class='ocr_line' id='line_1_13' title="bbox 155 1724 1258 1811; baseline 0.001 -23"><span class='ocrx_word' id='word_1_103' title='bbox 155 1746 277 1810; x_wconf 87' lang='lat' dir='ltr'><strong>semper</strong></span> <span class='ocrx_word' id='word_1_104' title='bbox 291 1725 343 1791; x_wconf 88' lang='lat' dir='ltr'><strong>usi</strong></span> <span class='ocrx_word' id='word_1_105' title='bbox 357 1733 435 1791; x_wconf 85' lang='lat' dir='ltr'><strong>sunt</strong></span> <span class='ocrx_word' id='word_1_106' title='bbox 449 1734 484 1790; x_wconf 90' lang='lat' dir='ltr'><strong>et</strong></span> <span class='ocrx_word' id='word_1_107' title='bbox 499 1734 577 1791; x_wconf 81' lang='lat' dir='ltr'><strong>sunt</strong></span> <span class='ocrx_word' id='word_1_108' title='bbox 591 1726 626 1791; x_wconf 90' lang='lat' dir='ltr'><strong>in</strong></span> <span class='ocrx_word' id='word_1_109' title='bbox 646 1726 764 1791; x_wconf 82' lang='lat' dir='ltr'><strong>seisina</strong></span> <span class='ocrx_word' id='word_1_110' title='bbox 783 1733 818 1791; x_wconf 88' lang='lat' dir='ltr'><strong>et</strong></span> <span class='ocrx_word' id='word_1_111' title='bbox 838 1724 913 1790; x_wconf 91' lang='lat' dir='ltr'><strong>inde</strong></span> <span class='ocrx_word' id='word_1_112' title='bbox 932 1724 1117 1811; x_wconf 87' lang='lat' dir='ltr'><strong>producunt</strong></span> <span class='ocrx_word' id='word_1_113' title='bbox 1135 1731 1258 1789; x_wconf 79' lang='lat' dir='ltr'><strong>sectum</strong></span> 
     </span>
     <span class='ocr_line' id='line_1_14' title="bbox 156 1826 1258 1918; baseline 0.002 -25"><span class='ocrx_word' id='word_1_114' title='bbox 156 1828 228 1893; x_wconf 88' lang='lat' dir='ltr'><strong>etsi</strong></span> <span class='ocrx_word' id='word_1_115' title='bbox 244 1828 305 1895; x_wconf 87' lang='lat' dir='ltr'><strong>hoc</strong></span> <span class='ocrx_word' id='word_1_116' title='bbox 324 1851 391 1894; x_wconf 91' lang='lat' dir='ltr'><strong>non</strong></span> <span class='ocrx_word' id='word_1_117' title='bbox 410 1830 531 1895; x_wconf 87' lang='lat' dir='ltr'><strong>sufficit</strong></span> <span class='ocrx_word' id='word_1_118' title='bbox 550 1838 677 1917; x_wconf 83' lang='lat' dir='ltr'><strong>ponunt</strong></span> <span class='ocrx_word' id='word_1_119' title='bbox 696 1852 730 1896; x_wconf 88' lang='lat' dir='ltr'><strong>se</strong></span> <span class='ocrx_word' id='word_1_120' title='bbox 750 1852 848 1918; x_wconf 88' lang='lat' dir='ltr'><strong>super</strong></span> <span class='ocrx_word' id='word_1_121' title='bbox 866 1828 1014 1916; x_wconf 77' lang='lat' dir='ltr'><strong>petriam.</strong></span> <span class='ocrx_word' id='word_1_122' title='bbox 1058 1828 1102 1893; x_wconf 87' lang='lat' dir='ltr'><strong>Et</strong></span> <span class='ocrx_word' id='word_1_123' title='bbox 1122 1826 1258 1895; x_wconf 72' lang='lat' dir='ltr'><strong>Masulis</strong></span> 
     </span>
     <span class='ocr_line' id='line_1_15' title="bbox 157 1930 1259 1999; baseline 0.002 -4"><span class='ocrx_word' id='word_1_124' title='bbox 157 1931 308 1997; x_wconf 85' lang='lat' dir='ltr'><strong>similiter.</strong></span> <span class='ocrx_word' id='word_1_125' title='bbox 363 1932 408 1997; x_wconf 88' lang='lat' dir='ltr'><strong>Et</strong></span> <span class='ocrx_word' id='word_1_126' title='bbox 436 1932 509 1998; x_wconf 90' lang='lat' dir='ltr'><strong>ideo</strong></span> <span class='ocrx_word' id='word_1_127' title='bbox 542 1934 600 1998; x_wconf 76' lang='lat' dir='ltr'><strong>fiat</strong></span> <span class='ocrx_word' id='word_1_128' title='bbox 627 1932 703 1999; x_wconf 90' lang='lat' dir='ltr'><strong>inde</strong></span> <span class='ocrx_word' id='word_1_129' title='bbox 727 1932 835 1998; x_wconf 77' lang='lat' dir='ltr'><strong>iurata</strong></span> <span class='ocrx_word' id='word_1_130' title='bbox 859 1940 894 1998; x_wconf 87' lang='lat' dir='ltr'><strong>et</strong></span> <span class='ocrx_word' id='word_1_131' title='bbox 919 1931 1033 1997; x_wconf 77' lang='lat' dir='ltr'><strong>ueniat</strong></span> <span class='ocrx_word' id='word_1_132' title='bbox 1055 1932 1116 1997; x_wconf 79' lang='lat' dir='ltr'><strong>tuli</strong></span> <span class='ocrx_word' id='word_1_133' title='bbox 1138 1931 1191 1996; x_wconf 92' lang='lat' dir='ltr'><strong>die</strong></span> <span class='ocrx_word' id='word_1_134' title='bbox 1215 1930 1259 1997; x_wconf 83' lang='lat' dir='ltr'><strong>ed</strong></span> 
     </span>
     <span class='ocr_line' id='line_1_16' title="bbox 156 2033 1259 2123; baseline -0.001 -23"><span class='ocrx_word' id='word_1_135' title='bbox 156 2035 443 2123; x_wconf 84' lang='lat' dir='ltr'><strong>recognoscendum</strong></span> <span class='ocrx_word' id='word_1_136' title='bbox 472 2036 501 2102; x_wconf 87' lang='lat' dir='ltr'><strong>si</strong></span> <span class='ocrx_word' id='word_1_137' title='bbox 529 2036 675 2123; x_wconf 80' lang='lat' dir='ltr'><strong>predicte</strong></span> <span class='ocrx_word' id='word_1_138' title='bbox 699 2036 834 2103; x_wconf 81' lang='lat' dir='ltr'><strong>ecclesie</strong></span> <span class='ocrx_word' id='word_1_139' title='bbox 858 2057 985 2121; x_wconf 85' lang='lat' dir='ltr'><strong>semper</strong></span> <span class='ocrx_word' id='word_1_140' title='bbox 1013 2036 1114 2101; x_wconf 80' lang='lat' dir='ltr'><strong>telem</strong></span> <span class='ocrx_word' id='word_1_141' title='bbox 1143 2033 1259 2099; x_wconf 79' lang='lat' dir='ltr'><strong>habuit</strong></span> 
     </span>
     <span class='ocr_line' id='line_1_17' title="bbox 156 2137 1258 2225; baseline -0.003 -20"><span class='ocrx_word' id='word_1_142' title='bbox 156 2138 419 2205; x_wconf 86' lang='lat' dir='ltr'><strong>consuetudinem</strong></span> <span class='ocrx_word' id='word_1_143' title='bbox 449 2139 536 2225; x_wconf 92' lang='lat' dir='ltr'><strong>quod</strong></span> <span class='ocrx_word' id='word_1_144' title='bbox 561 2139 677 2204; x_wconf 79' lang='lat' dir='ltr'><strong>habuit</strong></span> <span class='ocrx_word' id='word_1_145' title='bbox 701 2139 881 2205; x_wconf 76' lang='lat' dir='ltr'><strong>custodiam</strong></span> <span class='ocrx_word' id='word_1_146' title='bbox 904 2137 1061 2204; x_wconf 83' lang='lat' dir='ltr'><strong>heredum</strong></span> <span class='ocrx_word' id='word_1_147' title='bbox 1086 2137 1258 2203; x_wconf 88' lang='lat' dir='ltr'><strong>liberorum</strong></span> 
     </span>
     <span class='ocr_line' id='line_1_18' title="bbox 156 2241 952 2310; baseline 0.001 -3"><span class='ocrx_word' id='word_1_148' title='bbox 156 2243 339 2309; x_wconf 88' lang='lat' dir='ltr'><strong>tenencium</strong></span> <span class='ocrx_word' id='word_1_149' title='bbox 353 2241 394 2310; x_wconf 89' lang='lat' dir='ltr'><strong>de</strong></span> <span class='ocrx_word' id='word_1_150' title='bbox 409 2242 544 2309; x_wconf 83' lang='lat' dir='ltr'><strong>ecclesie</strong></span> <span class='ocrx_word' id='word_1_151' title='bbox 557 2266 616 2307; x_wconf 85' lang='lat' dir='ltr'><strong>sua</strong></span> <span class='ocrx_word' id='word_1_152' title='bbox 629 2242 699 2308; x_wconf 88' lang='lat' dir='ltr'><strong>siue</strong></span> <span class='ocrx_word' id='word_1_153' title='bbox 714 2251 864 2309; x_wconf 82' lang='lat' dir='ltr'><strong>tenerent</strong></span> <span class='ocrx_word' id='word_1_154' title='bbox 879 2242 952 2309; x_wconf 82' lang='lat' dir='ltr'><strong>etc¹</strong></span> 
     </span>
     <span class='ocr_line' id='line_1_19' title="bbox 106 2345 1258 2433; baseline -0.003 -20"><span class='ocrx_word' id='word_1_155' title='bbox 106 2398 113 2413; x_wconf 90' lang='lat'><strong>.</strong></span> <span class='ocrx_word' id='word_1_156' title='bbox 217 2347 382 2413; x_wconf 81' lang='lat' dir='ltr'><strong>Walterue</strong></span> <span class='ocrx_word' id='word_1_157' title='bbox 396 2346 436 2412; x_wconf 90' lang='lat' dir='ltr'><strong>de</strong></span> <span class='ocrx_word' id='word_1_158' title='bbox 452 2346 617 2433; x_wconf 86' lang='lat' dir='ltr'><strong>Treuerby</strong></span> <span class='ocrx_word' id='word_1_159' title='bbox 631 2368 690 2433; x_wconf 91' lang='lat' dir='ltr'><strong>per</strong></span> <span class='ocrx_word' id='word_1_160' title='bbox 702 2354 905 2413; x_wconf 74' lang='lat' dir='ltr'><strong>attornetum</strong></span> <span class='ocrx_word' id='word_1_161' title='bbox 925 2367 1021 2412; x_wconf 82' lang='lat' dir='ltr'><strong>suum</strong></span> <span class='ocrx_word' id='word_1_162' title='bbox 1040 2345 1127 2432; x_wconf 83' lang='lat' dir='ltr'><strong>petit</strong></span> <span class='ocrx_word' id='word_1_163' title='bbox 1145 2366 1258 2411; x_wconf 82' lang='lat' dir='ltr'><strong>uersus</strong></span> 
     </span>
     <span class='ocr_line' id='line_1_20' title="bbox 156 2449 1259 2539; baseline 0.001 -24"><span class='ocrx_word' id='word_1_164' title='bbox 156 2450 370 2539; x_wconf 78' lang='lat' dir='ltr'><strong>Regineldum</strong></span> <span class='ocrx_word' id='word_1_165' title='bbox 400 2450 506 2515; x_wconf 90' lang='lat' dir='ltr'><strong>filium</strong></span> <span class='ocrx_word' id='word_1_166' title='bbox 543 2449 694 2517; x_wconf 83' lang='lat' dir='ltr'><strong>Nicholei</strong></span> <span class='ocrx_word' id='word_1_167' title='bbox 730 2474 758 2517; x_wconf 87' lang='lat' dir='ltr'><strong>v.</strong></span> <span class='ocrx_word' id='word_1_168' title='bbox 788 2474 850 2518; x_wconf 77' lang='lat' dir='ltr'><strong>act.</strong></span> <span class='ocrx_word' id='word_1_169' title='bbox 881 2459 966 2516; x_wconf 89' lang='lat' dir='ltr'><strong>terre</strong></span> <span class='ocrx_word' id='word_1_170' title='bbox 1002 2473 1077 2516; x_wconf 91' lang='lat' dir='ltr'><strong>cum</strong></span> <span class='ocrx_word' id='word_1_171' title='bbox 1112 2458 1193 2538; x_wconf 79' lang='lat' dir='ltr'><strong>pert</strong></span> <span class='ocrx_word' id='word_1_172' title='bbox 1222 2450 1259 2516; x_wconf 93' lang='lat' dir='ltr'><strong>in</strong></span> 
     </span>
     <span class='ocr_line' id='line_1_21' title="bbox 156 2554 1259 2643; baseline 0.001 -22"><span class='ocrx_word' id='word_1_173' title='bbox 156 2554 409 2643; x_wconf 81' lang='lat' dir='ltr'><strong>Tregenedwich&#39;</strong></span> <span class='ocrx_word' id='word_1_174' title='bbox 424 2555 459 2619; x_wconf 93' lang='lat' dir='ltr'><strong>in</strong></span> <span class='ocrx_word' id='word_1_175' title='bbox 475 2555 508 2620; x_wconf 86' lang='lat' dir='ltr'><strong>S.</strong></span> <span class='ocrx_word' id='word_1_176' title='bbox 523 2554 680 2634; x_wconf 83' lang='lat' dir='ltr'><strong>Austello,</strong></span> <span class='ocrx_word' id='word_1_177' title='bbox 696 2555 854 2621; x_wconf 77' lang='lat' dir='ltr'><strong>Knrnerh&#39;</strong></span> <span class='ocrx_word' id='word_1_178' title='bbox 870 2563 905 2621; x_wconf 87' lang='lat' dir='ltr'><strong>et</strong></span> <span class='ocrx_word' id='word_1_179' title='bbox 923 2556 959 2621; x_wconf 91' lang='lat' dir='ltr'><strong>in</strong></span> <span class='ocrx_word' id='word_1_180' title='bbox 979 2555 1130 2622; x_wconf 68' lang='lat' dir='ltr'><strong>Knrwde</strong></span> <span class='ocrx_word' id='word_1_181' title='bbox 1148 2564 1188 2621; x_wconf 91' lang='lat' dir='ltr'><strong>ut</strong></span> <span class='ocrx_word' id='word_1_182' title='bbox 1207 2556 1259 2622; x_wconf 85' lang='lat' dir='ltr'><strong>ius</strong></span> 
     </span>
     <span class='ocr_line' id='line_1_22' title="bbox 155 2657 1261 2746; baseline 0.004 -23"><span class='ocrx_word' id='word_1_183' title='bbox 155 2681 247 2724; x_wconf 88' lang='lat' dir='ltr'><strong>suum</strong></span> <span class='ocrx_word' id='word_1_184' title='bbox 261 2657 349 2725; x_wconf 88' lang='lat' dir='ltr'><strong>unde</strong></span> <span class='ocrx_word' id='word_1_185' title='bbox 364 2658 472 2724; x_wconf 81' lang='lat' dir='ltr'><strong>Adem</strong></span> <span class='ocrx_word' id='word_1_186' title='bbox 486 2666 672 2746; x_wconf 81' lang='lat' dir='ltr'><strong>paterenus</strong></span> <span class='ocrx_word' id='word_1_187' title='bbox 686 2658 750 2724; x_wconf 80' lang='lat' dir='ltr'><strong>ruit</strong></span> <span class='ocrx_word' id='word_1_188' title='bbox 764 2659 895 2726; x_wconf 85' lang='lat' dir='ltr'><strong>seisitus</strong></span> <span class='ocrx_word' id='word_1_189' title='bbox 914 2668 953 2725; x_wconf 87' lang='lat' dir='ltr'><strong>ut</strong></span> <span class='ocrx_word' id='word_1_190' title='bbox 972 2659 1014 2725; x_wconf 93' lang='lat' dir='ltr'><strong>de</strong></span> <span class='ocrx_word' id='word_1_191' title='bbox 1034 2658 1126 2725; x_wconf 85' lang='lat' dir='ltr'><strong>feodo</strong></span> <span class='ocrx_word' id='word_1_192' title='bbox 1141 2668 1176 2726; x_wconf 88' lang='lat' dir='ltr'><strong>et</strong></span> <span class='ocrx_word' id='word_1_193' title='bbox 1190 2661 1261 2726; x_wconf 89' lang='lat' dir='ltr'><strong>iure</strong></span> 
     </span>
     <span class='ocr_line' id='line_1_23' title="bbox 156 2762 1262 2850; baseline 0.002 -22"><span class='ocrx_word' id='word_1_194' title='bbox 156 2770 188 2828; x_wconf 89' lang='lat' dir='ltr'><strong>et</strong></span> <span class='ocrx_word' id='word_1_195' title='bbox 208 2763 243 2828; x_wconf 90' lang='lat' dir='ltr'><strong>in</strong></span> <span class='ocrx_word' id='word_1_196' title='bbox 264 2762 427 2828; x_wconf 88' lang='lat' dir='ltr'><strong>dominico</strong></span> <span class='ocrx_word' id='word_1_197' title='bbox 449 2769 595 2848; x_wconf 87' lang='lat' dir='ltr'><strong>tempore</strong></span> <span class='ocrx_word' id='word_1_198' title='bbox 618 2762 661 2828; x_wconf 89' lang='lat' dir='ltr'><strong>H.</strong></span> <span class='ocrx_word' id='word_1_199' title='bbox 677 2763 777 2850; x_wconf 83' lang='lat' dir='ltr'><strong>Regis</strong></span> <span class='ocrx_word' id='word_1_200' title='bbox 797 2763 854 2828; x_wconf 78' lang='lat' dir='ltr'><strong>uui</strong></span> <span class='ocrx_word' id='word_1_201' title='bbox 875 2763 969 2828; x_wconf 90' lang='lat' dir='ltr'><strong>Dom.</strong></span> <span class='ocrx_word' id='word_1_202' title='bbox 984 2763 1085 2850; x_wconf 80' lang='lat' dir='ltr'><strong>Regis</strong></span> <span class='ocrx_word' id='word_1_203' title='bbox 1106 2763 1262 2850; x_wconf 76' lang='lat' dir='ltr'><strong>capiendo</strong></span> 
     </span>
     <span class='ocr_line' id='line_1_24' title="bbox 155 2864 1262 2954; baseline 0.003 -23"><span class='ocrx_word' id='word_1_204' title='bbox 155 2866 227 2933; x_wconf 90' lang='lat' dir='ltr'><strong>inde</strong></span> <span class='ocrx_word' id='word_1_205' title='bbox 243 2867 376 2954; x_wconf 83' lang='lat' dir='ltr'><strong>expleta</strong></span> <span class='ocrx_word' id='word_1_206' title='bbox 389 2865 431 2931; x_wconf 80' lang='lat' dir='ltr'><strong>ed</strong></span> <span class='ocrx_word' id='word_1_207' title='bbox 446 2864 628 2931; x_wconf 80' lang='lat' dir='ltr'><strong>uelenciam</strong></span> <span class='ocrx_word' id='word_1_208' title='bbox 642 2865 718 2932; x_wconf 92' lang='lat' dir='ltr'><strong>dim.</strong></span> <span class='ocrx_word' id='word_1_209' title='bbox 734 2889 830 2933; x_wconf 82' lang='lat' dir='ltr'><strong>marc</strong></span> <span class='ocrx_word' id='word_1_210' title='bbox 845 2875 880 2934; x_wconf 91' lang='lat' dir='ltr'><strong>et</strong></span> <span class='ocrx_word' id='word_1_211' title='bbox 894 2867 977 2933; x_wconf 92' lang='lat' dir='ltr'><strong>obiit</strong></span> <span class='ocrx_word' id='word_1_212' title='bbox 991 2867 1068 2933; x_wconf 91' lang='lat' dir='ltr'><strong>inde</strong></span> <span class='ocrx_word' id='word_1_213' title='bbox 1082 2867 1213 2934; x_wconf 85' lang='lat' dir='ltr'><strong>seisitns</strong></span> <span class='ocrx_word' id='word_1_214' title='bbox 1226 2877 1262 2934; x_wconf 90' lang='lat' dir='ltr'><strong>et</strong></span> 
     </span>
     <span class='ocr_line' id='line_1_25' title="bbox 157 2970 1263 3059; baseline 0.003 -23"><span class='ocrx_word' id='word_1_215' title='bbox 157 2971 238 3057; x_wconf 85' lang='lat' dir='ltr'><strong>petit</strong></span> <span class='ocrx_word' id='word_1_216' title='bbox 252 2971 403 3038; x_wconf 82' lang='lat' dir='ltr'><strong>seisinem</strong></span> <span class='ocrx_word' id='word_1_217' title='bbox 420 2970 520 3036; x_wconf 79' lang='lat' dir='ltr'><strong>telem</strong></span> <span class='ocrx_word' id='word_1_218' title='bbox 536 2970 665 3057; x_wconf 75' lang='lat' dir='ltr'><strong>qualem</strong></span> <span class='ocrx_word' id='word_1_219' title='bbox 679 2980 773 3058; x_wconf 81' lang='lat' dir='ltr'><strong>peter</strong></span> <span class='ocrx_word' id='word_1_220' title='bbox 787 2994 867 3038; x_wconf 87' lang='lat' dir='ltr'><strong>suns</strong></span> <span class='ocrx_word' id='word_1_221' title='bbox 886 2971 1004 3038; x_wconf 80' lang='lat' dir='ltr'><strong>hebuit</strong></span> <span class='ocrx_word' id='word_1_222' title='bbox 1023 2971 1076 3037; x_wconf 93' lang='lat' dir='ltr'><strong>die</strong></span> <span class='ocrx_word' id='word_1_223' title='bbox 1096 2994 1160 3059; x_wconf 91' lang='lat' dir='ltr'><strong>quo</strong></span> <span class='ocrx_word' id='word_1_224' title='bbox 1180 2972 1263 3039; x_wconf 88' lang='lat' dir='ltr'><strong>obiit</strong></span> 
     </span>
     <span class='ocr_line' id='line_1_26' title="bbox 157 3083 1286 3145; baseline 0.004 -5"><span class='ocrx_word' id='word_1_225' title='bbox 157 3083 215 3141; x_wconf 77' lang='lat' dir='ltr'><strong>etc,</strong></span> <span class='ocrx_word' id='word_1_226' title='bbox 1282 3139 1286 3145; x_wconf 88' lang='lat'>.</span> 
     </span>
    </p>

    <p class='ocr_par' dir='ltr' id='par_1_4' title="bbox 157 3177 1264 4202">
     <span class='ocr_line' id='line_1_27' title="bbox 220 3177 1263 3267; baseline 0.001 -22"><span class='ocrx_word' id='word_1_227' title='bbox 220 3181 264 3245; x_wconf 87' lang='lat' dir='ltr'><strong>Et</strong></span> <span class='ocrx_word' id='word_1_228' title='bbox 285 3177 489 3267; x_wconf 78' lang='lat' dir='ltr'><strong>Regineldus</strong></span> <span class='ocrx_word' id='word_1_229' title='bbox 511 3178 605 3244; x_wconf 87' lang='lat' dir='ltr'><strong>uenit</strong></span> <span class='ocrx_word' id='word_1_230' title='bbox 626 3185 661 3244; x_wconf 90' lang='lat' dir='ltr'><strong>et</strong></span> <span class='ocrx_word' id='word_1_231' title='bbox 682 3177 829 3244; x_wconf 83' lang='lat' dir='ltr'><strong>defendit</strong></span> <span class='ocrx_word' id='word_1_232' title='bbox 850 3178 902 3244; x_wconf 88' lang='lat' dir='ltr'><strong>ius</strong></span> <span class='ocrx_word' id='word_1_233' title='bbox 926 3201 1022 3244; x_wconf 89' lang='lat' dir='ltr'><strong>suum</strong></span> <span class='ocrx_word' id='word_1_234' title='bbox 1048 3186 1084 3243; x_wconf 89' lang='lat' dir='ltr'><strong>et</strong></span> <span class='ocrx_word' id='word_1_235' title='bbox 1112 3179 1263 3246; x_wconf 76' lang='lat' dir='ltr'><strong>seisinnm</strong></span> 
     </span>
     <span class='ocr_line' id='line_1_28' title="bbox 158 3282 1262 3370; baseline 0.003 -23"><span class='ocrx_word' id='word_1_236' title='bbox 158 3282 226 3348; x_wconf 85' lang='lat' dir='ltr'><strong>Ade</strong></span> <span class='ocrx_word' id='word_1_237' title='bbox 236 3283 290 3350; x_wconf 90' lang='lat' dir='ltr'><strong>die</strong></span> <span class='ocrx_word' id='word_1_238' title='bbox 302 3306 368 3370; x_wconf 88' lang='lat' dir='ltr'><strong>quo</strong></span> <span class='ocrx_word' id='word_1_239' title='bbox 378 3282 471 3362; x_wconf 86' lang='lat' dir='ltr'><strong>obiit,</strong></span> <span class='ocrx_word' id='word_1_240' title='bbox 484 3282 561 3369; x_wconf 77' lang='lat' dir='ltr'><strong>quin</strong></span> <span class='ocrx_word' id='word_1_241' title='bbox 572 3291 717 3370; x_wconf 88' lang='lat' dir='ltr'><strong>tempore</strong></span> <span class='ocrx_word' id='word_1_242' title='bbox 728 3283 868 3370; x_wconf 84' lang='lat' dir='ltr'><strong>predicti</strong></span> <span class='ocrx_word' id='word_1_243' title='bbox 881 3282 953 3348; x_wconf 89' lang='lat' dir='ltr'><strong>Ade</strong></span> <span class='ocrx_word' id='word_1_244' title='bbox 968 3282 1077 3348; x_wconf 88' lang='lat' dir='ltr'><strong>tenuit</strong></span> <span class='ocrx_word' id='word_1_245' title='bbox 1085 3283 1262 3350; x_wconf 84' lang='lat' dir='ltr'><strong>Nicholsus</strong></span> 
     </span>
     <span class='ocr_line' id='line_1_29' title="bbox 157 3386 1263 3474; baseline -0.002 -20"><span class='ocrx_word' id='word_1_246' title='bbox 157 3397 247 3472; x_wconf 83' lang='lat' dir='ltr'><strong>peter</strong></span> <span class='ocrx_word' id='word_1_247' title='bbox 259 3388 364 3474; x_wconf 80' lang='lat' dir='ltr'><strong>ipsius</strong></span> <span class='ocrx_word' id='word_1_248' title='bbox 378 3387 551 3474; x_wconf 76' lang='lat' dir='ltr'><strong>Reginnldi</strong></span> <span class='ocrx_word' id='word_1_249' title='bbox 566 3395 685 3452; x_wconf 81' lang='lat' dir='ltr'><strong>terrem</strong></span> <span class='ocrx_word' id='word_1_250' title='bbox 696 3387 795 3464; x_wconf 83' lang='lat' dir='ltr'><strong>illem,</strong></span> <span class='ocrx_word' id='word_1_251' title='bbox 804 3387 853 3452; x_wconf 82' lang='lat' dir='ltr'><strong>ito</strong></span> <span class='ocrx_word' id='word_1_252' title='bbox 863 3386 950 3474; x_wconf 92' lang='lat' dir='ltr'><strong>quod</strong></span> <span class='ocrx_word' id='word_1_253' title='bbox 960 3386 1094 3474; x_wconf 75' lang='lat' dir='ltr'><strong>quidum</strong></span> <span class='ocrx_word' id='word_1_254' title='bbox 1110 3386 1263 3453; x_wconf 87' lang='lat' dir='ltr'><strong>Oliuerus</strong></span> 
     </span>
     <span class='ocr_line' id='line_1_30' title="bbox 159 3489 1263 3578; baseline 0.002 -24"><span class='ocrx_word' id='word_1_255' title='bbox 159 3489 241 3556; x_wconf 84' lang='lat' dir='ltr'><strong>filius</strong></span> <span class='ocrx_word' id='word_1_256' title='bbox 269 3491 423 3556; x_wconf 86' lang='lat' dir='ltr'><strong>Ysobelle</strong></span> <span class='ocrx_word' id='word_1_257' title='bbox 453 3491 567 3557; x_wconf 86' lang='lat' dir='ltr'><strong>sororis</strong></span> <span class='ocrx_word' id='word_1_258' title='bbox 595 3491 697 3578; x_wconf 89' lang='lat' dir='ltr'><strong>ipsius</strong></span> <span class='ocrx_word' id='word_1_259' title='bbox 727 3490 879 3556; x_wconf 79' lang='lat' dir='ltr'><strong>Nicholei</strong></span> <span class='ocrx_word' id='word_1_260' title='bbox 914 3490 1120 3577; x_wconf 78' lang='lat' dir='ltr'><strong>inplacitouit</strong></span> <span class='ocrx_word' id='word_1_261' title='bbox 1155 3491 1263 3577; x_wconf 87' lang='lat' dir='ltr'><strong>ipsum</strong></span> 
     </span>
     <span class='ocr_line' id='line_1_31' title="bbox 160 3593 1264 3682; baseline 0.003 -24"><span class='ocrx_word' id='word_1_262' title='bbox 160 3593 354 3660; x_wconf 76' lang='lat' dir='ltr'><strong>Nicholaum</strong></span> <span class='ocrx_word' id='word_1_263' title='bbox 376 3593 412 3659; x_wconf 91' lang='lat' dir='ltr'><strong>in</strong></span> <span class='ocrx_word' id='word_1_264' title='bbox 432 3593 522 3660; x_wconf 79' lang='lat' dir='ltr'><strong>curie</strong></span> <span class='ocrx_word' id='word_1_265' title='bbox 542 3594 635 3660; x_wconf 83' lang='lat' dir='ltr'><strong>Dom.</strong></span> <span class='ocrx_word' id='word_1_266' title='bbox 659 3594 758 3682; x_wconf 83' lang='lat' dir='ltr'><strong>Regis</strong></span> <span class='ocrx_word' id='word_1_267' title='bbox 780 3595 824 3661; x_wconf 73' lang='lat' dir='ltr'><strong>H.</strong></span> <span class='ocrx_word' id='word_1_268' title='bbox 846 3594 902 3660; x_wconf 84' lang='lat' dir='ltr'><strong>eui</strong></span> <span class='ocrx_word' id='word_1_269' title='bbox 926 3595 1020 3660; x_wconf 80' lang='lat' dir='ltr'><strong>Donn</strong></span> <span class='ocrx_word' id='word_1_270' title='bbox 1043 3594 1143 3682; x_wconf 82' lang='lat' dir='ltr'><strong>Regis</strong></span> <span class='ocrx_word' id='word_1_271' title='bbox 1168 3603 1204 3661; x_wconf 91' lang='lat' dir='ltr'><strong>et</strong></span> <span class='ocrx_word' id='word_1_272' title='bbox 1227 3593 1264 3662; x_wconf 87' lang='lat' dir='ltr'><strong>in</strong></span> 
     </span>
     <span class='ocr_line' id='line_1_32' title="bbox 159 3698 1264 3787; baseline 0 -21"><span class='ocrx_word' id='word_1_273' title='bbox 159 3706 287 3766; x_wconf 79' lang='lat' dir='ltr'><strong>tuntum</strong></span> <span class='ocrx_word' id='word_1_274' title='bbox 301 3698 458 3787; x_wconf 84' lang='lat' dir='ltr'><strong>processit</strong></span> <span class='ocrx_word' id='word_1_275' title='bbox 472 3699 600 3786; x_wconf 80' lang='lat' dir='ltr'><strong>loquele</strong></span> <span class='ocrx_word' id='word_1_276' title='bbox 619 3700 778 3766; x_wconf 85' lang='lat' dir='ltr'><strong>intereos</strong></span> <span class='ocrx_word' id='word_1_277' title='bbox 799 3699 886 3787; x_wconf 92' lang='lat' dir='ltr'><strong>quod</strong></span> <span class='ocrx_word' id='word_1_278' title='bbox 905 3699 1073 3766; x_wconf 81' lang='lat' dir='ltr'><strong>concordis</strong></span> <span class='ocrx_word' id='word_1_279' title='bbox 1091 3701 1178 3766; x_wconf 83' lang='lat' dir='ltr'><strong>fecte</strong></span> <span class='ocrx_word' id='word_1_280' title='bbox 1200 3700 1264 3766; x_wconf 86' lang='lat' dir='ltr'><strong>fuit</strong></span> 
     </span>
     <span class='ocr_line' id='line_1_33' title="bbox 160 3801 1264 3890; baseline 0 -22"><span class='ocrx_word' id='word_1_281' title='bbox 160 3802 244 3868; x_wconf 86' lang='lat' dir='ltr'><strong>inter</strong></span> <span class='ocrx_word' id='word_1_282' title='bbox 271 3825 328 3868; x_wconf 83' lang='lat' dir='ltr'><strong>eos</strong></span> <span class='ocrx_word' id='word_1_283' title='bbox 356 3823 415 3889; x_wconf 89' lang='lat' dir='ltr'><strong>per</strong></span> <span class='ocrx_word' id='word_1_284' title='bbox 443 3802 677 3890; x_wconf 76' lang='lat' dir='ltr'><strong>cyrographum</strong></span> <span class='ocrx_word' id='word_1_285' title='bbox 706 3824 765 3888; x_wconf 87' lang='lat' dir='ltr'><strong>per</strong></span> <span class='ocrx_word' id='word_1_286' title='bbox 793 3801 880 3890; x_wconf 90' lang='lat' dir='ltr'><strong>quod</strong></span> <span class='ocrx_word' id='word_1_287' title='bbox 909 3809 996 3868; x_wconf 82' lang='lat' dir='ltr'><strong>terra</strong></span> <span class='ocrx_word' id='word_1_288' title='bbox 1024 3801 1081 3867; x_wconf 80' lang='lat' dir='ltr'><strong>ille</strong></span> <span class='ocrx_word' id='word_1_289' title='bbox 1109 3803 1264 3868; x_wconf 79' lang='lat' dir='ltr'><strong>remansit</strong></span> 
     </span>
     <span class='ocr_line' id='line_1_34' title="bbox 162 3905 1264 3994; baseline 0 -22"><span class='ocrx_word' id='word_1_290' title='bbox 162 3907 268 3994; x_wconf 85' lang='lat' dir='ltr'><strong>quiete</strong></span> <span class='ocrx_word' id='word_1_291' title='bbox 293 3907 358 3994; x_wconf 84' lang='lat' dir='ltr'><strong>ipsi</strong></span> <span class='ocrx_word' id='word_1_292' title='bbox 382 3907 540 3972; x_wconf 81' lang='lat' dir='ltr'><strong>Nicholso</strong></span> <span class='ocrx_word' id='word_1_293' title='bbox 566 3914 600 3972; x_wconf 86' lang='lat' dir='ltr'><strong>et</strong></span> <span class='ocrx_word' id='word_1_294' title='bbox 625 3906 798 3972; x_wconf 84' lang='lat' dir='ltr'><strong>heredibus</strong></span> <span class='ocrx_word' id='word_1_295' title='bbox 821 3906 889 3971; x_wconf 85' lang='lat' dir='ltr'><strong>suis</strong></span> <span class='ocrx_word' id='word_1_296' title='bbox 913 3914 948 3971; x_wconf 91' lang='lat' dir='ltr'><strong>et</strong></span> <span class='ocrx_word' id='word_1_297' title='bbox 971 3905 1031 3971; x_wconf 92' lang='lat' dir='ltr'><strong>hoc</strong></span> <span class='ocrx_word' id='word_1_298' title='bbox 1054 3906 1178 3973; x_wconf 79' lang='lat' dir='ltr'><strong>factum</strong></span> <span class='ocrx_word' id='word_1_299' title='bbox 1200 3906 1264 3972; x_wconf 85' lang='lat' dir='ltr'><strong>fuit</strong></span> 
     </span>
     <span class='ocr_line' id='line_1_35' title="bbox 161 4010 1264 4097; baseline -0.001 -21"><span class='ocrx_word' id='word_1_300' title='bbox 161 4021 308 4097; x_wconf 73' lang='lat' dir='ltr'><strong>presente</strong></span> <span class='ocrx_word' id='word_1_301' title='bbox 337 4011 484 4097; x_wconf 90' lang='lat' dir='ltr'><strong>predicto</strong></span> <span class='ocrx_word' id='word_1_302' title='bbox 512 4010 595 4089; x_wconf 77' lang='lat' dir='ltr'><strong>uda,</strong></span> <span class='ocrx_word' id='word_1_303' title='bbox 623 4019 658 4076; x_wconf 84' lang='lat' dir='ltr'><strong>et</strong></span> <span class='ocrx_word' id='word_1_304' title='bbox 686 4010 814 4077; x_wconf 87' lang='lat' dir='ltr'><strong>desicut</strong></span> <span class='ocrx_word' id='word_1_305' title='bbox 841 4010 911 4097; x_wconf 89' lang='lat' dir='ltr'><strong>ipse</strong></span> <span class='ocrx_word' id='word_1_306' title='bbox 947 4011 1075 4076; x_wconf 91' lang='lat' dir='ltr'><strong>nullum</strong></span> <span class='ocrx_word' id='word_1_307' title='bbox 1110 4010 1264 4076; x_wconf 76' lang='lat' dir='ltr'><strong>clemium</strong></span> 
     </span>
     <span class='ocr_line' id='line_1_36' title="bbox 163 4114 1183 4202; baseline 0.001 -24"><span class='ocrx_word' id='word_1_308' title='bbox 163 4115 311 4202; x_wconf 81' lang='lat' dir='ltr'><strong>apposuit</strong></span> <span class='ocrx_word' id='word_1_309' title='bbox 326 4136 390 4179; x_wconf 89' lang='lat' dir='ltr'><strong>non</strong></span> <span class='ocrx_word' id='word_1_310' title='bbox 405 4114 480 4180; x_wconf 88' lang='lat' dir='ltr'><strong>uult</strong></span> <span class='ocrx_word' id='word_1_311' title='bbox 494 4114 525 4180; x_wconf 88' lang='lat' dir='ltr'><strong>ei</strong></span> <span class='ocrx_word' id='word_1_312' title='bbox 539 4115 729 4202; x_wconf 88' lang='lat' dir='ltr'><strong>respondere</strong></span> <span class='ocrx_word' id='word_1_313' title='bbox 743 4115 808 4180; x_wconf 84' lang='lat' dir='ltr'><strong>nisi</strong></span> <span class='ocrx_word' id='word_1_314' title='bbox 821 4114 911 4180; x_wconf 81' lang='lat' dir='ltr'><strong>curia</strong></span> <span class='ocrx_word' id='word_1_315' title='bbox 924 4114 1183 4180; x_wconf 78' lang='lat' dir='ltr'><strong>consideranerit</strong></span> 
     </span>
    </p>
   </div>
   <div class='ocr_carea' id='block_1_3' title="bbox 166 4243 1264 4506">
    <p class='ocr_par' dir='ltr' id='par_1_5' title="bbox 194 4243 1264 4311">
     <span class='ocr_line' id='line_1_37' title="bbox 194 4243 1264 4311; baseline 0.001 -16"><span class='ocrx_word' id='word_1_316' title='bbox 194 4243 291 4296; x_wconf 79' lang='lat' dir='ltr'><strong>¹Gorr.</strong></span> <span class='ocrx_word' id='word_1_317' title='bbox 303 4245 531 4311; x_wconf 55' lang='lat' dir='ltr'><strong>conprendium).</strong></span> <span class='ocrx_word' id='word_1_318' title='bbox 737 4245 1030 4310; x_wconf 63' lang='lat' dir='ltr'><strong>numerosorum,</strong></span> <span class='ocrx_word' id='word_1_319' title='bbox 1044 4247 1085 4295; x_wconf 80' lang='grc'><strong>58.</strong></span> <span class='ocrx_word' id='word_1_320' title='bbox 1113 4245 1169 4296; x_wconf 88' lang='lat' dir='ltr'><strong>One</strong></span> <span class='ocrx_word' id='word_1_321' title='bbox 1179 4245 1264 4296; x_wconf 82' lang='lat' dir='ltr'><strong>would</strong></span> 
     </span>
    </p>

    <p class='ocr_par' dir='ltr' id='par_1_6' title="bbox 166 4308 1264 4506">
     <span class='ocr_line' id='line_1_38' title="bbox 194 4308 1264 4375; baseline 0.001 -15"><span class='ocrx_word' id='word_1_322' title='bbox 194 4308 344 4370; x_wconf 69' lang='lat' dir='ltr'><strong>&#39;Broctom</strong></span> <span class='ocrx_word' id='word_1_323' title='bbox 361 4311 380 4360; x_wconf 79' lang='lat' dir='ltr'><strong>f.</strong></span> <span class='ocrx_word' id='word_1_324' title='bbox 397 4313 430 4362; x_wconf 82' lang='lat'><strong>85</strong></span> <span class='ocrx_word' id='word_1_325' title='bbox 446 4311 471 4370; x_wconf 89' lang='lat' dir='ltr'><strong>b,</strong></span> <span class='ocrx_word' id='word_1_326' title='bbox 489 4325 548 4374; x_wconf 75' lang='lat' dir='ltr'><strong>says</strong></span> <span class='ocrx_word' id='word_1_327' title='bbox 565 4310 688 4362; x_wconf 71' lang='lat' dir='ltr'><strong>matun</strong></span> <span class='ocrx_word' id='word_1_328' title='bbox 738 4311 830 4375; x_wconf 77' lang='lat' dir='ltr'><strong>gether</strong></span> <span class='ocrx_word' id='word_1_329' title='bbox 850 4313 918 4362; x_wconf 78' lang='lat' dir='ltr'><strong>trem</strong></span> <span class='ocrx_word' id='word_1_330' title='bbox 945 4311 1107 4362; x_wconf 77' lang='lat' dir='ltr'><strong>Fituhertert</strong></span> <span class='ocrx_word' id='word_1_331' title='bbox 1134 4310 1193 4361; x_wconf 72' lang='lat' dir='ltr'><strong>rust</strong></span> <span class='ocrx_word' id='word_1_332' title='bbox 1220 4311 1264 4361; x_wconf 80' lang='lat' dir='ltr'><strong>the</strong></span> 
     </span>
     <span class='ocr_line' id='line_1_39' title="bbox 166 4375 1018 4440; baseline 0.005 -16"><span class='ocrx_word' id='word_1_333' title='bbox 166 4379 262 4426; x_wconf 77' lang='lat' dir='ltr'><strong>cnstom</strong></span> <span class='ocrx_word' id='word_1_334' title='bbox 283 4375 415 4440; x_wconf 72' lang='lat' dir='ltr'><strong>prereilod</strong></span> <span class='ocrx_word' id='word_1_335' title='bbox 438 4376 468 4425; x_wconf 92' lang='lat' dir='ltr'><strong>in</strong></span> <span class='ocrx_word' id='word_1_336' title='bbox 496 4391 567 4426; x_wconf 84' lang='lat' dir='ltr'><strong>some</strong></span> <span class='ocrx_word' id='word_1_337' title='bbox 594 4377 687 4440; x_wconf 82' lang='lat' dir='ltr'><strong>plnoes.</strong></span> <span class='ocrx_word' id='word_1_338' title='bbox 738 4375 1018 4440; x_wconf 74' lang='lat' dir='ltr'><strong>custommprovsd.</strong></span> 
     </span>
     <span class='ocr_line' id='line_1_40' title="bbox 167 4439 689 4506; baseline 0.008 -18"><span class='ocrx_word' id='word_1_339' title='bbox 167 4439 534 4506; x_wconf 71' lang='lat' dir='ltr'><strong>butregnrdsitcsenebuse.</strong></span> <span class='ocrx_word' id='word_1_340' title='bbox 559 4441 622 4491; x_wconf 80' lang='lat' dir='ltr'><strong>This</strong></span> <span class='ocrx_word' id='word_1_341' title='bbox 630 4455 689 4492; x_wconf 77' lang='lat' dir='ltr'><strong>cose</strong></span> 
     </span>
    </p>
   </div>
   <div class='ocr_carea' id='block_1_4' title="bbox 0 0 1598 5075">
    <p class='ocr_par' dir='ltr' id='par_1_7' title="bbox 0 0 1598 5075">
     <span class='ocr_line' id='line_1_41' title="bbox 0 0 1598 5075; baseline 0 0"><span class='ocrx_word' id='word_1_342' title='bbox 0 0 1598 5075; x_wconf 95' lang='lat' dir='ltr'><strong> </strong></span> 
     </span>
    </p>
   </div>
  </div>
 </body>
</html>
