3167 5075
486 472 625 535 mma,
647 470 713 521 no.
737 458 832 535 1224,
854 474 918 522 aa
941 462 970 523 8.
1258 460 1279 528 7

167 660 261 717 extra
281 640 463 714 manerium
484 645 546 712 nisi
567 646 658 711 curia
677 654 746 724 etc,
767 654 819 711 set
838 646 908 711 aine
928 647 1049 733 placito
1069 654 1144 718 uult
1162 675 1278 719 uerum

166 756 282 821 dicere.
325 752 468 834 Quidam
488 751 676 817 Osmundus
696 751 815 817 habuit
834 763 900 817 tres
920 752 1004 819 filias
1024 756 1089 821 acil.
1105 759 1279 845 Agnetem,

167 858 364 925 cristianam
376 865 411 923 et
423 856 628 934 Matillidem,
639 862 675 921 et
688 856 775 921 idem
791 856 979 924 Oamundus
994 861 1077 927 obiit
1090 864 1279 951 priusquam

165 963 220 1027 ille
237 970 303 1027 tres
318 961 383 1025 filie
399 966 508 1026 essent
523 959 676 1025 maritate
691 967 726 1024 et
745 969 972 1026 remanserunt
991 962 1058 1029 filie
1078 988 1154 1031 cum
1174 975 1279 1033 matre

165 1088 278 1131 earum
304 1071 339 1129 et
365 1072 479 1150 postea
501 1063 613 1151 Agnes
639 1071 673 1127 et
701 1063 845 1129 Cristina
867 1064 1020 1131 maritate
1045 1068 1179 1135 fuerunt
1203 1093 1279 1136 eum

165 1168 292 1235 catallis
306 1167 409 1254 patria
423 1188 535 1231 eanum
551 1174 586 1231 et
601 1165 738 1231 Matillis
753 1167 911 1232 remansit
925 1168 960 1232 in
975 1170 1058 1235 atrio
1072 1193 1148 1237 cum
1165 1180 1279 1252 matre,

164 1284 200 1339 et
224 1272 301 1339 talis
325 1280 376 1337 eet
401 1269 600 1336 consuetudo
622 1269 759 1334 manerii
780 1270 876 1336 Dom.
899 1271 999 1357 Regia
1021 1272 1062 1338 de
1085 1274 1172 1361 Bray
1193 1276 1280 1363 quod

165 1384 319 1465 postrata
333 1375 401 1440 filia
415 1395 480 1461 que
494 1380 643 1438 remanet
656 1372 692 1437 in
706 1372 806 1437 atrio¹
820 1373 977 1439 retinebit
992 1382 1097 1442 totam
1117 1378 1280 1445 heredita·

166 1492 235 1549 tem
256 1480 358 1567 patris
378 1479 438 1556 eui,
454 1486 488 1543 et
510 1476 709 1543 consuetudo
731 1476 789 1542 illa
810 1486 983 1565 postquam
1005 1482 1195 1549 confirmata
1216 1484 1281 1549 fuit

165 1606 226 1670 per
248 1580 495 1669 inquisicionem
521 1580 615 1646 Dom.
639 1579 739 1667 Regia
762 1579 840 1645 inde
864 1582 983 1647 factam
1007 1605 1066 1668 per
1088 1594 1279 1673 preceptum

167 1708 274 1762 suum,
299 1692 335 1751 et
365 1705 422 1770 per
450 1682 698 1769 inquisicionem
727 1682 818 1748 illam
847 1686 1055 1771 recuperauit
1084 1688 1160 1753 Yuo
1185 1698 1283 1775 quater

167 1791 292 1855 Thome
307 1788 364 1876 qui
378 1788 443 1853 fuit
457 1787 510 1851 uir
524 1786 696 1853 Matillidie
711 1794 815 1852 totam
827 1795 946 1853 terram
958 1790 1098 1877 predicti
1109 1793 1280 1872 Osmundi‚

168 1902 203 1959 et
217 1892 304 1979 quod
319 1892 379 1957 hoc
394 1890 440 1955 sit
453 1911 569 1955 uerum
591 1888 686 1955 offert
705 1912 825 1975 ponere
845 1912 945 1977 super
962 1892 1104 1959 iuratam
1127 1904 1162 1960 et
1182 1918 1281 1983 super

168 1996 335 2062 recordum
352 1996 440 2061 curie
455 2004 526 2072 etc,
541 1993 643 2059 'undo
658 1993 739 2060 dicit
754 1994 841 2080 quod
856 1995 1030 2082 aliquando
1041 1997 1158 2063 habuit
1169 2000 1281 2086 Agnes

167 2111 294 2191 partem
312 2124 406 2168 auam
428 2101 469 2166 de
492 2100 605 2165 eadem
627 2108 715 2165 terra
736 2108 771 2165 et
794 2099 958 2166 Orietiana
979 2101 1133 2168 similiter
1151 2112 1280 2191 partem

166 2228 268 2285 snam,
284 2214 318 2271 et
333 2228 391 2292 per
405 2202 585 2290 predictam
599 2202 846 2290 inquisicionem
861 2205 1068 2291 recuperauit
1082 2205 1154 2292 ipsa
1168 2207 1280 2294 Agnes

165 2320 275 2399 partes
304 2304 385 2377 illaa
445 2310 488 2373 Et
524 2308 584 2373 fiat
619 2308 790 2395 inquisicio
827 2316 888 2375 etc
918 2309 947 2373 si
975 2308 1051 2374 tatia
1079 2309 1281 2375 consuetudo

165 2414 304 2481 manerii
318 2412 404 2499 quod
419 2412 446 2477 ei
462 2410 534 2498 quie
549 2410 584 2477 in
599 2410 743 2476 manerio
757 2411 815 2476 illo
829 2411 950 2477 habeat
965 2411 1046 2478 duas
1066 2412 1150 2477 filiae
1164 2420 1200 2479 et
1213 2436 1281 2479 una

163 2520 295 2586 illarum
320 2526 465 2604 tempore
491 2515 668 2603 patrissui
693 2516 748 2582 uel
771 2523 847 2603 post
872 2523 1010 2582 mortem
1033 2516 1210 2603 patrissui
1236 2517 1280 2582 eit

166 2624 323 2689 maritata
351 2630 445 2686 extra
470 2628 696 2686 tenementum
721 2621 763 2686 ad
789 2621 879 2686 aliud
905 2629 1130 2686 tenementum
1155 2629 1191 2686 et
1216 2621 1281 2688 alie
1331 2668 1337 2678 -

165 2752 255 2795 soror
267 2728 442 2793 maritetur
461 2727 497 2791 in
517 2727 631 2792 eodem
651 2734 841 2792 tenemento
861 2725 948 2813 qnod
969 2725 1033 2791 fuit
1055 2725 1157 2812 patrie
1179 2725 1231 2790 eui
1251 2728 1281 2792 ei

164 2834 224 2899 illa
238 2856 302 2921 que
317 2833 492 2898 maritatur
506 2840 599 2897 extra
612 2831 731 2896 debeat
746 2839 874 2918 partem
888 2853 980 2896 suam
995 2829 1115 2894 habere
1134 2831 1189 2894 uel
1203 2853 1276 2897 non

105 3005 113 3020 ‚
232 2935 391 3002 Ricardus
406 2935 486 2999 Μετ’
503 2957 560 3020 per
579 2941 781 2999 attornatum
802 2955 899 2998 auum
919 2933 1006 3020 petit
1025 2955 1139 2999 uersus
1153 2933 1279 2999 Willel-

164 3063 258 3106 mum
289 3039 395 3106 Canae
424 3061 524 3105 unam
553 3039 661 3104 bouet
686 3046 772 3104 terre
798 3061 873 3103 cum
899 3038 1010 3104 dimid
1037 3061 1112 3104 cum
1137 3047 1219 3125 pert.
1242 3039 1278 3104 in

164 3143 323 3210 suburbio
337 3142 504 3208 Lineolnie
520 3149 559 3206 ut
573 3141 626 3208 ius
640 3164 745 3220 suum,
760 3149 795 3206 et
817 3140 904 3207 unde
926 3140 1013 3205 idern
1036 3141 1192 3206 Ricardus
1214 3142 1279 3207 fiiit

165 3247 299 3313 scisitus
322 3254 361 3312 ut
384 3246 424 3311 de
451 3245 543 3312 feodo
568 3253 602 3310 et
625 3245 696 3310 iure
722 3253 758 3310 et
782 3245 819 3309 in
845 3243 1007 3308 dominico
1032 3252 1178 3330 tempore
1203 3246 1279 3312 talia

165 3353 268 3438 Regis
290 3351 446 3435 capiendo
468 3352 600 3438 expleta
622 3357 691 3429 etc,
712 3357 747 3416 et
769 3349 855 3437 quod
876 3349 926 3414 ita
947 3349 1012 3414 fuit
1033 3349 1163 3415 eeieitue
1184 3349 1280 3417 offert

167 3463 227 3522 ete
243 3463 279 3520 et
292 3455 379 3541 petit
393 3454 544 3519 seiainam
560 3475 659 3519 suam.

233 3559 278 3624 Et
292 3581 390 3644 super
403 3557 479 3622 hoc⁸
492 3557 632 3623 ueniunt
647 3557 762 3623 balliui
777 3556 943 3622 Lineolnie
958 3564 993 3622 et
1007 3563 1127 3643 petunt
1147 3554 1278 3620 liberta·

166 3671 237 3728 tem
251 3683 344 3728 enam
359 3669 394 3726 et
408 3659 494 3747 quod
509 3661 652 3726 habeant
663 3661 786 3726 curiam
801 3682 903 3737 suam,
914 3668 949 3724 et
960 3660 1128 3745 proferunt
1138 3658 1278 3724 cartem⁴

167 3766 263 3830 Dom.
292 3764 393 3852 Regia
421 3764 452 3828 J.
479 3763 566 3850 quod
596 3763 706 3829 nullus
735 3785 848 3828 eorum
877 3762 1014 3848 placitet
1041 3770 1136 3826 extra
1168 3783 1278 3828 muros
1290 3784 1385 3871 Μι-

167 3869 314 3936 ciuitatis
329 3867 495 3933 Lincolnie
510 3868 574 3934 nisi
588 3868 629 3933 de
644 3868 769 3933 tenuris
784 3866 1006 3932 exterioribua
1358 3859 1364 3872 ⁸

200 3987 211 4021 ¹
229 3989 277 4039 See
292 3987 336 4037 Br.
353 3987 373 4037 i.
384 3987 474 4048 2t'ib;
491 3989 520 4038 tn
530 3989 598 4038 atrio
610 4001 693 4038 reema
745 3987 851 4048 inqueet
862 3999 892 4036 aa
904 3987 933 4034 to
944 3983 989 4033 the
999 3987 1102 4034 enatem
1119 3982 1143 4033 ie
1159 3983 1276 4034 ordered.

167 4067 203 4104 nn
229 4052 377 4116 equivalent
404 4054 445 4103 tor
471 4055 501 4104 tn
528 4061 603 4104 citro.
640 4053 696 4102 The
746 4049 1277 4109 Theverdictwillbetoundbolouffls.

167 4118 240 4168 chssd
260 4119 319 4168 who
341 4117 365 4167 ie
387 4117 442 4168 still
464 4119 492 4169 at
515 4117 559 4168 the
575 4117 696 4181 perental
747 4117 766 4166 f.
779 4117 835 4166 144.

167 4183 262 4234 henrth
272 4183 296 4233 ir
307 4185 442 4233 astrartm.
476 4183 524 4233 See
536 4183 694 4234 Consuetud.
780 4182 791 4215 ⁸
807 4183 845 4231 Et
854 4195 930 4244 caper
941 4181 985 4230 hoc
996 4177 1127 4242 repeated.

168 4249 270 4310 Gentio,
289 4251 403 4299 Statum
425 4249 455 4311 os
474 4250 514 4298 tte
531 4251 629 4308 malm,
646 4247 696 4298 vol.
781 4246 859 4296 ⁴See
879 4245 939 4294 Bot.
963 4245 1033 4294 (tart.
1055 4259 1081 4308 p.
1106 4245 1131 4294 t.
1167 4244 1277 4296 Charter

171 4317 194 4416 ·1-¹
203 4314 676 4442 p.Ptgqqpl:qqtrr(qsdqrpprrnqpqlippam
671 4349 697 4428 it
720 4447 721 4452 Ἰ
747 4310 1027 4439 ὼξθὲξιιίιίωοζὲγιὶῗὲ.
1047 4373 1276 4426 Thecaseetande

170 4459 252 4495 reema
263 4445 324 4495 thet
334 4443 459 4494 Nicholea
470 4443 523 4494 and
531 4443 616 4506 Agnes
626 4442 698 4506 reply
748 4442 789 4492 ior
801 4440 945 4504 Judgment

171 4515 198 4560 to
211 4509 255 4560 the
265 4510 325 4574 plen
335 4509 365 4560 oi
379 4509 495 4560 Thomna
511 4509 564 4559 and
581 4509 646 4559 then
662 4523 697 4557 an
