3167 5075
414 387 556 448 nrnnar,
578 385 641 438 an.
666 374 760 449 1223,
781 387 844 436 ns.
868 371 898 440 7.
1141 371 1205 440 467

116 557 188 622 bene
201 557 311 622 dieunt
325 558 411 643 quod
425 557 481 623 ille
496 558 549 622 eui
567 558 690 622 facturn
711 557 776 622 fuit
795 558 936 644 primum
959 555 1079 622 donum
1101 558 1206 622 maius

114 659 159 723 ius
172 660 266 724 habet
280 659 364 724 siout
379 659 426 724 eis
438 659 570 725 uidetur
586 669 646 725 eto
691 659 771 724 Dies
793 661 890 724 datus
912 668 962 725 est
984 660 1030 724 eis
1052 659 1093 724 de
1114 657 1206 724 eudi-

114 764 188 828 endo
199 765 317 830 iudicio
331 786 390 830 suo
403 787 510 830 coram
525 764 658 850 ospitali
668 764 846 829 iusticiario
857 773 891 828 et
903 787 1007 829 eoram
1019 762 1206 829 boronibus¹

114 879 165 932 eto

62 976 82 1036 4.
171 964 256 1036 Prior
283 973 326 1036 de
355 971 505 1037 Mertona
532 971 749 1036 summonitus
778 971 842 1035 fuit
871 972 913 1036 ad
949 971 1206 1056 respondendum
1282 991 1326 1020 un,

114 1075 205 1139 Priori
225 1075 316 1139 Noni
337 1075 519 1160 Hospitalis
540 1075 581 1138 de
601 1074 828 1159 Bissopesgnte
846 1073 932 1159 quod
946 1073 1117 1158 permittet
1132 1095 1207 1138 enm

113 1187 285 1263 presentare
306 1178 456 1244 idoneam
477 1200 647 1264 pomonam
668 1178 711 1242 ad
733 1177 899 1242 eeclesiam
921 1178 962 1242 de
984 1178 1124 1243 Dittona
1145 1199 1209 1264 que
1272 1193 1295 1234 ὀ
1321 1193 1336 1234 ¹-

114 1289 199 1345 uaeat
212 1290 271 1346 etc.
883 1279 887 1290 '

168 1385 211 1449 Et
221 1383 328 1449 Prior⁸
338 1385 431 1449 uenit
443 1393 477 1449 et
488 1384 568 1448 dicit
579 1384 666 1470 quod
677 1384 764 1450 iuste
778 1385 917 1471 impedit
929 1407 1004 1451 eum
1015 1394 1209 1472 presentare,

112 1489 181 1574 quia
200 1489 318 1554 Petrus
338 1490 380 1554 de
401 1490 584 1554 Talewrthe
605 1489 699 1554 ouius
720 1489 884 1554 hereditas
906 1498 993 1556 terra
1014 1490 1072 1555 ille
1091 1490 1125 1554 in
1145 1511 1211 1575 qua

112 1593 169 1658 sita
187 1604 235 1658 est
255 1594 392 1659 eeclesia
408 1593 483 1669 fuit,
497 1593 666 1662 eeclesiam
686 1593 776 1663 illam
797 1593 888 1658 dedit
910 1594 1041 1658 ecolesie
1064 1595 1104 1659 de
1125 1595 1209 1658 Mer-

113 1706 188 1776 tonn,
202 1707 236 1763 et
249 1698 328 1763 inde
342 1700 464 1785 profert
479 1708 601 1764 cartam
622 1699 767 1764 eiusdem
788 1699 879 1766 Petri
900 1721 964 1784 que
986 1707 1128 1764 testetur
1149 1707 1208 1763 eto.

113 1801 225 1867 Profert
239 1803 344 1868 eciam
359 1803 480 1868 multas
494 1813 598 1868 oartas
612 1803 734 1870 donum
748 1804 830 1870 illud
845 1804 1070 1868 confirmantes
1085 1813 1143 1870 eto.

168 1908 210 1972 Et
224 1907 335 1972 Prior⁴
349 1909 429 1973 dicit
443 1908 530 1993 qnod
544 1917 635 1973 oarta
649 1909 739 1974 Petri
758 1931 823 1974 non
843 1909 942 1972 debet
960 1909 991 1973 ei
1005 1931 1118 1973 nocere
1133 1908 1211 1994 quia

111 2011 188 2076 idem
209 2013 329 2077 Petrus
348 2012 491 2078 reddidit
512 2035 547 2077 se
567 2013 716 2100 religioni
730 2013 765 2078 in
780 2013 877 2078 domo
898 2014 939 2077 de
962 2013 1118 2088 Mertona,
1134 2013 1211 2077 etsi

111 2118 324 2182 entamillam
333 2117 419 2193 feeit,
427 2117 518 2182 illem
528 2118 606 2182 feeit
615 2125 787 2203 postquem
797 2115 939 2181 reddidit
950 2139 984 2181 se
995 2125 1030 2181 et
1040 2125 1210 2201 postquam

111 2221 266 2287 dimiserat
280 2243 318 2287 se
328 2222 370 2286 de
380 2230 453 2286 tota
467 2230 555 2286 terra
568 2221 626 2285 illa
636 2229 671 2285 et
681 2220 832 2286 habitum
843 2219 1008 2305 religionis
1018 2228 1209 2305 suseeperat.

166 2327 209 2391 Et
229 2335 348 2413 postea
367 2325 461 2390 uenit
483 2325 573 2389 Prior
594 2325 635 2388 de
658 2324 808 2389 Mertona
828 2333 862 2388 et
882 2322 1063 2409 dicitquod
1078 2323 1212 2388 eeclesia

111 2425 161 2492 illa
179 2451 243 2494 non
264 2435 364 2492 naoat
385 2427 486 2492 immo
509 2426 609 2512 Hugo
630 2426 673 2495 de
693 2425 814 2494 Riohes
839 2434 889 2490 est
914 2425 990 2490 inde
1013 2447 1148 2511 persono
1169 2426 1211 2490 ad

111 2531 377 2614 presentaoionem
389 2554 489 2596 suam.
517 2530 560 2599 Et
573 2530 752 2616 Episoopus
761 2528 1010 2595 Wintoniensis⁵
1019 2551 1150 2616 presens
1161 2538 1210 2594 est

112 2651 141 2699 et
164 2635 221 2701 hoo
242 2634 432 2701 recordatur
456 2634 491 2699 in
517 2635 628 2712 benoo,
651 2642 685 2702 et
710 2633 791 2698 dicit
813 2634 900 2720 quod
922 2656 997 2702 eum
1019 2633 1210 2701 iamdudum

111 2737 232 2803 admisit
261 2738 306 2803 ad
336 2736 613 2823 presentaoionem
643 2736 789 2806 eiusdem
818 2737 936 2805 Prioris
966 2738 1121 2803 Mertone.
1167 2740 1211 2804 Et

111 2842 179 2926 quia
192 2842 293 2907 breue
307 2840 389 2905 dicit
405 2841 494 2927 qnod
514 2840 650 2910 ecelesia
668 2849 776 2921 necat,
792 2841 1031 2911 consideratum
1053 2850 1103 2907 est
1125 2844 1211 2929 quod

111 2944 192 3011 Prior
204 2947 245 3011 de
261 2947 415 3011 Mertona
428 2954 483 3010 eat
496 2944 574 3010 inde
587 2944 658 3013 sine
678 2945 731 3011 die
751 2954 786 3010 et
807 2944 898 3014 Prior
920 2945 1009 3015 Noui
1031 2946 1212 3032 Hospitalis

110 3048 140 3112 in
152 3048 376 3115 misericordia

64 3166 81 3225 7,
166 3152 319 3219 ‘Matillis
334 3176 398 3239 que
413 3152 476 3223 fuit
492 3175 573 3217 uxor
587 3152 660 3220 Ade
680 3152 781 3217 Lond'
804 3153 890 3239 petit
912 3176 1025 3223 uersus
1047 3154 1211 3241 Rogerunr
1290 3200 1315 3230 ω

110 3257 146 3322 de
156 3259 302 3324 lenham
317 3281 416 3344 quem
431 3259 573 3323 Thomas
585 3259 627 3327 de
642 3257 873 3323 Greneherste'
888 3259 1020 3323 uooeuit
1035 3258 1077 3323 ed
1088 3280 1210 3323 waren-

111 3369 175 3425 tnm
189 3370 223 3427 et
236 3362 296 3449 qui
309 3361 342 3426 ei
352 3361 577 3428 warantizauit
587 3360 799 3429 medietatem
814 3370 953 3446 quatuor
967 3382 1111 3429 aerarum
1127 3369 1211 3426 terre

112 3486 178 3530 oum
191 3476 272 3552 pert
289 3466 327 3530 in
342 3464 493 3532 Offehem
508 3473 547 3529 nt
561 3465 672 3533 dotem
685 3488 778 3532 snam
793 3474 853 3531 eto.
874 3464 879 3552 Ι

170 3570 212 3635 Et
233 3572 385 3657 Rogerus
405 3570 499 3638 uenit
521 3578 556 3633 et
577 3569 658 3634 dioit
683 3569 770 3656 qnod
797 3568 904 3635 Adam
930 3570 982 3634 uir
1007 3592 1085 3637 suus
1106 3570 1213 3635 adhue

112 3673 190 3739 uiuit
203 3684 238 3740 et
252 3684 307 3741 est
321 3674 357 3739 in
371 3676 471 3739 Terra
485 3675 606 3743 Sancta
619 3674 654 3739 in
668 3674 929 3761 peregrinacione
944 3698 1009 3741 sua

171 3776 213 3841 Et
229 3775 369 3842 Matillis
382 3776 507 3843 nullom
521 3784 643 3842 sectam
662 3776 813 3862 producit
830 3776 917 3863 quod
936 3785 1083 3845 mortuus
1097 3776 1149 3854 sit,
1164 3784 1215 3842 set

113 3879 297 3966 dicitquod
319 3879 449 3945 audiuit
470 3879 536 3944 dici
554 3880 642 3965 quod
662 3888 810 3948 mortuus
825 3888 882 3945 est.
928 3880 1008 3945 Ideo
1029 3879 1097 3945 dies
1119 3879 1216 3945 datus

114 3989 159 4046 est
172 3981 206 4046 in
220 3983 370 4049 aduentu
388 3980 641 4050 iusteieriorum
662 4004 757 4068 prece
776 3981 922 4071 petentis
945 3990 979 4047 et
1000 3990 1079 4047 tuno
1098 3981 1216 4067 produ-

144 4148 153 4180 ¹
168 4150 393 4203 conterentibus.
416 4150 639 4201 Thiaeaaeseems
722 4151 734 4184 ²
749 4150 825 4200 Prior
836 4151 865 4200 oi
879 4150 990 4201 Merton.

115 4216 224 4267 remeo
246 4217 288 4267 ior
310 4231 327 4266 a
341 4216 509 4280 parliament,
527 4216 641 4291 perhaps
721 4216 823 4265 ‘Prior
834 4214 916 4265 oithe
927 4216 1057 4279 Hospital.

115 4278 218 4357 hecnam
230 4282 255 4331 it
268 4282 386 4331 involves
400 4296 418 4333 a
434 4280 557 4331 disseim
573 4280 640 4330 done
723 4279 882 4331 ⁸Poterdes
893 4280 1002 4331 Roehes.

117 4343 387 4476 effossam.
725 4345 956 4470 :anons

1030 4512 1135 4575 30-2
