3167 5075
491 426 630 488 maran,
651 424 716 477 an.
740 410 835 487 1225,
856 426 921 477 aa
943 412 972 477 9.
1221 413 1283 478 105

173 608 210 666 et
223 598 379 665 saisinam
393 598 496 685 patris
511 598 562 664 sui
576 597 600 664 J
600 596 736 663 ohannis
751 606 785 663 et
800 606 908 664 totum
927 599 968 665 de
979 592 1083 666 'uerbo
1097 600 1133 665 in
1148 599 1285 666 uerbum

173 724 372 791 percorpus
394 701 564 767 cuiusdam
585 701 680 767 liberi
702 701 841 767 hominis
860 703 913 769 sui
934 703 1069 769 Gerardi
1088 704 1129 770 do
1149 704 1287 771 Ooltona

173 806 234 893 qui
247 805 309 871 hoc
324 804 447 891 optulit
462 813 522 871 ete
567 803 666 870 Unde
686 804 926 871 consideratum
945 807 1009 872 fuit
1031 806 1118 895 quod
1139 807 1285 873 duellum

173 910 271 977 fieret
288 910 376 974 inter
395 930 457 986 eos,
472 916 507 975 et
528 907 614 996 quod
636 908 799 973 Gerardus
820 908 914 974 daret
936 910 1070 975 uadium
1092 910 1287 977 defendendi

174 1022 212 1079 et
233 1012 326 1078 dedit
352 1020 387 1078 et
411 1012 542 1078 inuenit
566 1012 690 1099 plegios
714 1012 755 1078 de
781 1012 967 1079 defensione
991 1036 1059 1093 sua,
1082 1022 1116 1079 et
1141 1015 1288 1101 Rogerus

175 1118 331 1183 similiter
350 1116 480 1182 inuenit
502 1116 626 1203 plegios
648 1116 688 1181 de
708 1116 959 1196 disracionando,
974 1126 1009 1183 et
1028 1118 1125 1184 datus
1140 1119 1203 1185 fuit
1217 1118 1287 1185 dies

175 1220 329 1308 partibus
350 1219 425 1285 talis
447 1228 508 1285 etc
531 1227 571 1284 ut
592 1226 672 1283 tunc
697 1218 834 1284 ueniant
856 1220 1041 1306 campiones
1063 1222 1189 1288 armati.
1233 1222 1288 1288 Ad

174 1347 276 1411 quern
292 1330 328 1389 et
341 1322 527 1388 Willelmus
541 1329 656 1408 petens
671 1328 705 1386 et
720 1321 905 1387 Willelmus
924 1330 1040 1388 tenens
1057 1346 1091 1389 se
1106 1324 1287 1390 esconiaue·

174 1437 257 1494 runt
280 1435 315 1492 et
337 1426 526 1491 habuerunt
546 1423 634 1490 diem
655 1445 714 1510 per
736 1424 947 1491 essoniatores
967 1448 1042 1491 suos
1067 1426 1127 1491 tali
1150 1426 1203 1492 die
1226 1434 1286 1493 ete

175 1532 234 1599 Ad
258 1552 356 1618 quem
376 1528 464 1595 diem
487 1528 669 1593 Willelmus
691 1534 807 1593 tenens
829 1528 922 1594 uenit
943 1552 1019 1594 cum
1040 1529 1207 1615 campione
1229 1552 1287 1595 suo

175 1644 306 1703 armato
327 1642 362 1701 et
385 1633 576 1720 optulerunt
598 1654 632 1698 se
655 1632 760 1719 primo
783 1631 837 1698 die
861 1641 896 1699 et
917 1634 1057 1699 secundo
1080 1642 1115 1700 et
1133 1635 1233 1700 tercio
1252 1644 1288 1700 et

174 1746 297 1827 quarto
311 1746 345 1804 et
360 1737 546 1803 Willelmus
560 1744 675 1823 petens
690 1758 754 1801 non
773 1736 868 1802 uenit
886 1758 946 1803 neo
966 1738 1092 1825 campio
1113 1761 1198 1806 suus
1243 1740 1288 1807 Et

175 1844 254 1909 ideo
280 1841 519 1908 consideratum
545 1848 596 1905 est
620 1839 707 1926 quod
729 1839 914 1905 Willelmus
938 1840 996 1927 qui
1019 1849 1111 1907 tenet
1134 1851 1188 1907 eat
1210 1842 1288 1908 inde

175 1947 314 2034 quietus
328 1954 363 2012 et
377 1944 465 2031 quod
479 1945 548 2030 ipse
563 1951 599 2009 et
612 1943 747 2009 heredes
761 1944 814 2010 sui
833 1952 969 2011 teneant
983 1945 1019 2011 in
1033 1968 1112 2032 pace
1127 1954 1161 2011 et
1175 1947 1287 2033 quiete

176 2052 223 2117 de
237 2051 307 2138 ipso
321 2049 486 2116 Willelmo
501 2056 535 2114 et
552 2047 726 2113 heredibus
746 2047 814 2113 suis
832 2047 868 2112 in
887 2047 1097 2135 perpetuum¹
1112 2058 1148 2115 et
1161 2049 1286 2115 Willel·

177 2180 255 2223 mus
268 2163 383 2243 petens
397 2162 432 2219 et
447 2174 525 2218 suus
539 2151 665 2237 campio
679 2151 714 2216 in
725 2150 944 2218 misericordia
954 2159 988 2217 ct
999 2153 1125 2239 campio
1140 2152 1288 2240 capiatur

177 2268 217 2325 et
231 2258 332 2347 plegii
347 2258 399 2324 sui
412 2264 473 2322 etc

123 2420 132 2435 ,
246 2361 370 2427 Eadem
399 2358 561 2446 Margaria
589 2356 669 2446 ’que
699 2359 763 2425 fuir
788 2382 871 2425 uxor
898 2360 1023 2439 Thome
1051 2360 1093 2426 de
1122 2361 1287 2427 Hortona'
1402 2400 1409 2414 ·

176 2466 280 2555 peciit
301 2486 415 2529 uersus
436 2464 621 2528 Johannem
644 2462 674 2528 le
698 2463 779 2528 Grae
801 2462 936 2528 terciam
957 2471 1085 2551 partem
1105 2486 1161 2530 sex
1175 2464 1285 2531 bouat.

176 2581 266 2638 terre
282 2593 356 2635 cum
371 2576 451 2656 pert
463 2568 497 2632 in
514 2567 698 2633 Bosewicke
713 2577 749 2633 et
763 2569 898 2634 terciam
913 2578 1040 2656 partem
1056 2580 1170 2657 quarte
1184 2572 1288 2659 partis

169 2677 199 2764 j.
223 2672 401 2739 molendini
426 2693 501 2736 cum
526 2678 606 2757 pert.
634 2670 669 2734 in
695 2670 810 2736 eadem
835 2671 916 2737 uilla
940 2681 976 2738 et
1000 2673 1135 2738 terciam
1160 2683 1287 2761 partem

175 2801 210 2844 v.
225 2778 334 2842 bouat.
351 2797 425 2840 cum
439 2781 520 2860 pert.
532 2773 568 2838 in
583 2773 800 2861 Newebrigge
810 2782 846 2839 et
858 2775 992 2840 terciam
1007 2786 1134 2862 partem
1149 2777 1288 2843 duarum

175 2883 289 2948 bouat.
302 2889 388 2945 terre
403 2887 438 2944 et
452 2878 528 2942 dim.
544 2899 618 2943 oum
633 2885 717 2964 pert.
727 2879 760 2942 in
771 2878 948 2946 Beuerlaco
963 2889 998 2945 et
1012 2881 1145 2948 terciam
1160 2890 1288 2968 partem

175 3007 209 3050 v.
220 2985 277 3052 sol
289 2983 436 3048 redditus
450 3004 525 3047 cum
539 2988 623 3069 pert.
634 2981 669 3046 in
681 2982 824 3048 Eboraco
836 2991 870 3048 et
881 2983 1015 3048 terciam
1030 2992 1157 3071 partem
1172 2995 1288 3073 quarte

174 3088 283 3176 partis
297 3095 429 3173 pmture
444 3085 485 3151 de
501 3085 714 3151 Katerholme
729 3093 768 3150 ut
783 3085 894 3151 dotem
909 3109 1002 3152 suam
1018 3095 1078 3155 etc.

247 3192 292 3256 Et
307 3192 331 3257 J
331 3191 473 3256 ohannes
488 3189 620 3255 uocauit
634 3189 710 3254 inde
725 3189 768 3254 ad
782 3197 964 3256 warantum
983 3191 1164 3257 Robertum
1184 3192 1288 3257 filium

177 3303 216 3362 et
231 3294 384 3361 heredem
400 3294 540 3380 predicti
554 3293 677 3359 Thome
692 3292 733 3358 de
748 3294 899 3359 Hortona
912 3294 970 3380 qui
989 3303 1040 3360 est
1059 3295 1144 3361 infra
1164 3303 1288 3363 etatem

176 3407 215 3466 et
240 3399 276 3464 in
301 3398 449 3464 custodia
470 3397 612 3464 Simonis
637 3397 678 3462 de
702 3397 811 3462 Hales
856 3398 951 3464 Idem
973 3421 1052 3464 uero
1075 3400 1190 3465 Simon
1213 3424 1288 3467 cum

176 3503 295 3569 eodem
310 3502 452 3568 Roberto
466 3501 560 3567 uenit
574 3509 609 3566 et
624 3501 704 3566 dicit
719 3500 806 3588 quod
820 3500 907 3566 idem
928 3502 1090 3568 Robertus
1110 3525 1175 3568 non
1190 3503 1289 3570 debet

178 3615 301 3673 terram
322 3605 412 3671 illam
428 3605 459 3670 ei
473 3605 681 3671 warantizare
702 3605 780 3692 quia
798 3605 833 3670 in
855 3614 944 3671 carta
965 3607 1089 3673 Thome
1112 3608 1214 3694 patris
1236 3607 1289 3673 sui

177 3711 349 3778 nominate
374 3718 453 3776 sunt
477 3709 587 3797 plures
613 3717 698 3774 terre
727 3709 768 3775 de
797 3708 917 3796 quibus
942 3709 1030 3776 idem
1055 3712 1222 3777 lohannes
1246 3713 1289 3778 ad

177 3813 467 3882 exheredacionem
503 3835 595 3878 suam
625 3812 703 3878 fecit
731 3811 921 3899 homagium
954 3835 1051 3878 suum
1080 3813 1219 3880 Ricardo
1247 3815 1289 3881 de

178 3920 284 4006 Percy
305 3926 341 3985 et
362 3918 535 3984 seruicium
560 3940 657 3983 suum
680 3917 840 3994 similiter,
864 3924 899 3982 et
924 3916 997 3982 ideo
1022 3916 1108 4004 petit
1130 3917 1289 3985 iudicium

175 4022 225 4090 ’si
254 4021 421 4088 residuum
451 4030 537 4087 terre
564 4020 654 4086 illius
683 4021 715 4086 ei
743 4020 863 4086 debeat
892 4020 1081 4086 warentiam
1109 4021 1141 4086 ei
1169 4022 1289 4089 facere⁸

176 4126 307 4193 desiont
320 4147 381 4213 per
395 4147 471 4190 eum
486 4124 703 4190 exheredatus
717 4131 767 4190 est
782 4123 824 4189 de
839 4123 975 4189 seruicio
989 4145 1049 4190 suo
1064 4131 1100 4190 et
1113 4124 1213 4191 feodo.

211 4320 344 4374 ¹Dalault
362 4321 431 4373 alter
447 4320 529 4372 battle
547 4321 646 4384 vagam
664 4321 709 4372 tha
791 4321 831 4354 Η
759 4320 990 4438 tractIntcrlincd
1007 4325 1035 4373 to
1052 4321 1155 4386 explain
1173 4321 1228 4373 this
1245 4336 1287 4373 cx-

176 4385 313 4450 judgment
330 4387 371 4436 lor
392 4401 451 4437 ever
470 4385 586 4452 deprivos
605 4359 650 4436 ahi
666 4385 708 4438 de·

176 4403 482 4516 lsultcrolallmody.
517 4451 561 4504 Br.
575 4451 663 4505 itt?-
791 4451 898 4504 '‘⁸Sio.
