3167 5075
330 395 654 469 mensunusum.
678 395 772 472 1225,
795 407 859 460 nu.
882 397 995 460 9-10.
1146 391 1213 460 ’517

49 583 86 644 fis.
176 579 375 646 ¹Alexander
397 580 439 646 de
464 581 612 668 Walepcl
636 589 671 647 et
695 580 812 648 Grecia
834 581 929 646 uxor¹
952 588 1072 668 petunt
1100 601 1213 644 uersus
1275 597 1328 636 sut

117 683 291 750 Johannem
305 684 410 749 filium
424 685 561 750 Roberti
580 686 791 752 medietatem
812 696 937 771 septem
953 709 1013 750 uer.
1035 693 1120 749 terre
1137 705 1212 749 cum

116 795 191 871 pert.
212 787 248 852 in
268 789 456 876 Wretinges
477 797 517 854 ut
539 789 649 855 dotem
671 813 764 856 suam
786 799 856 866 etc,
871 789 958 856 unde
973 788 1157 854 Willclmus
1171 787 1212 852 de
1225 810 1320 851 uecors

118 891 303 957 Wadehulla
317 892 482 978 quondam
497 894 549 958 uir
564 916 642 958 suus
657 917 729 960 eam
744 894 873 960 dotauit
889 903 949 959 etc.

174 991 217 1059 Et
238 995 406 1062 «Iohannes
429 997 510 1062 alias
532 998 664 1062 uocauit
687 997 763 1063 inde
784 997 827 1062 ad
846 1005 1026 1062 warantum
1041 997 1211 1063 Warinum
1246 1042 1250 1051 ν

114 1095 211 1162 filium
234 1108 270 1163 et
289 1098 441 1164 heredem
461 1099 600 1185 predicti
614 1100 780 1179 Willelmi,
796 1100 853 1186 qui
873 1108 923 1165 est
942 1099 1162 1166 infraetstem
1177 1108 1213 1166 et

113 1199 145 1264 in
158 1201 303 1267 custodia
317 1203 454 1268 Roberti
467 1202 508 1268 de
524 1202 627 1282 Clare,
641 1203 691 1268 ita
709 1204 797 1290 quod
816 1203 839 1269 J
840 1205 982 1268 ohannes
1001 1204 1100 1290 peciit
1119 1204 1212 1268 auxi·

111 1302 188 1369 lium
202 1304 290 1370 curie
301 1305 342 1370 ad
354 1304 625 1370 summouendum
637 1328 722 1384 eum,
730 1314 765 1371 et
776 1328 841 1370 non
853 1314 903 1371 cst
914 1315 1044 1371 secutus
1053 1306 1211 1372 auxilium

112 1428 212 1474 sunm.
255 1408 300 1473 Et
323 1409 402 1494 quia
419 1431 479 1494 per
496 1431 573 1473 eum
592 1409 688 1473 stetit
706 1408 794 1494 quod
808 1408 911 1472 War’⁸
930 1430 996 1474 non
1015 1409 1116 1487 uenit,
1136 1433 1211 1474 con-

110 1509 284 1576 sideratum
313 1521 363 1578 est
391 1513 478 1599 quod
506 1513 693 1578 Alexander
717 1522 755 1578 et
786 1513 903 1579 Grecis
938 1522 1211 1600 recuperauerunt

111 1615 255 1681 seisinam
270 1639 362 1681 suam
376 1639 435 1703 per
448 1615 612 1682 defectum
632 1618 767 1682 waranti
786 1625 821 1683 et
840 1617 863 1682 J
865 1617 1006 1682 ohannes
1029 1617 1064 1681 in
1087 1616 1211 1681 miseri·

111 1719 213 1784 cordia
226 1728 264 1785 et
277 1719 397 1785 habeat
412 1719 479 1784 tale
493 1738 684 1805 recuperare
699 1729 760 1785 etc.

49 1831 81 1896 39,
170 1821 296 1888 ⁴Alicia
314 1846 378 1910 que
398 1823 463 1888 fuit
483 1846 565 1888 uxor
583 1823 699 1889 Jacobi
713 1823 754 1888 de
769 1822 984 1890 Cardunuilla
996 1823 1083 1908 petit
1098 1844 1210 1887 uersus
1265 1843 1332 1882 oron.

110 1925 280 2013 Hngonem
296 1925 552 1991 Lincolniensern
570 1927 765 2012 Episcopum
780 1925 915 1990 terciam
930 1934 1057 2011 partem
1072 1925 1210 1991 duarum

109 2047 206 2090 carue.
219 2033 307 2090 terre
321 2047 397 2089 cum
411 2034 492 2110 pert.
507 2024 544 2089 in
562 2024 831 2090 Ohiselhamtona
848 2031 909 2090 etc.
925 2031 964 2088 ut
983 2023 1093 2088 dotem
1116 2045 1209 2088 suam
1222 2046 1318 2087 nacon

108 2129 273 2207 etc.,unde
284 2129 450 2215 predictus
459 2129 602 2194 Jaccbus
613 2151 685 2194 eam
696 2128 825 2194 dotauit
840 2128 893 2193 dic
909 2149 974 2214 quo
988 2149 1060 2192 eam
1074 2127 1212 2214 despon-

108 2233 188 2298 sauit
202 2242 265 2300 etc
577 2289 581 2298 .

167 2337 212 2402 Et
238 2337 418 2424 Episcopus
443 2339 537 2403 uenit
565 2345 601 2402 et
623 2336 705 2402 dicit
728 2335 816 2424 quod
844 2358 910 2400 non
939 2334 1096 2422 intelligit
1125 2334 1212 2422 quod

107 2439 220 2505 debeat
234 2440 313 2506 inde
327 2441 437 2506 dotem
452 2442 580 2520 hebere,
590 2442 667 2528 quia
676 2441 748 2528 ipsa
758 2463 926 2527 nunquam
941 2440 1004 2505 fuit
1019 2440 1213 2526 desponsata

106 2544 139 2609 in
159 2546 243 2612 facie
266 2547 408 2630 ecclesie,
422 2557 475 2613 set
493 2570 608 2614 reuera
626 2548 710 2613 bene
729 2555 838 2633 potest
858 2568 927 2612 esse
947 2548 1033 2634 quod
1051 2546 1122 2632 ipse
1141 2545 1210 2610 affi-

106 2648 194 2715 dauit
217 2674 293 2717 eam
315 2652 351 2716 in
375 2652 559 2739 egritudine
579 2675 639 2718 sua
657 2652 744 2717 unde
764 2651 847 2717 obiit
862 2660 897 2715 et
911 2650 947 2715 in
960 2650 1056 2716 domo
1070 2673 1137 2728 sua,
1159 2658 1211 2715 sat

107 2751 185 2819 bene
199 2753 264 2819 scit
278 2754 365 2841 quod
379 2754 460 2821 dum
474 2754 543 2841 ipse
557 2755 622 2820 fuit
635 2776 733 2820 sanus
747 2762 783 2820 et
797 2754 954 2819 itinerans
965 2776 1091 2839 semper
1102 2752 1212 2817 tenuit

106 2878 174 2922 earn
197 2858 236 2923 in
259 2859 433 2945 sunccagio
452 2868 492 2923 ut
511 2859 648 2923 amicam
668 2881 771 2937 suam,
785 2868 820 2925 et
837 2858 924 2945 petit
938 2857 1094 2923 iudicium
1110 2857 1138 2923 si
1152 2880 1211 2944 pro

108 2961 164 3025 tali
176 2961 246 3027 fide
260 2962 339 3027 data
352 2962 472 3029 debeat
485 2962 517 3027 ei
531 2962 641 3028 dotem
656 2964 769 3029 facere.

167 3065 213 3130 Et
227 3065 338 3130 Alicia
350 3066 431 3131 dicit
453 3067 540 3152 quod
553 3089 668 3133 reuera
681 3067 876 3154 desponsata
890 3068 953 3133 fuit
968 3067 1074 3133 cidem
1088 3067 1213 3133 Jacobo

106 3166 140 3232 in
162 3169 260 3234 domo
285 3169 343 3235 illa
364 3170 399 3235 in
422 3171 608 3258 egritudine
629 3195 697 3251 sua,
720 3174 770 3238 ita
792 3172 879 3259 quod
903 3174 973 3259 ipse
996 3172 1152 3259 imposuit
1180 3173 1213 3237 ei

107 3274 241 3338 anulum
256 3273 372 3361 digito,
381 3282 416 3341 et
432 3283 544 3361 postea
557 3277 724 3342 conualuit
739 3287 773 3344 et
788 3278 853 3343 fuit
867 3278 1024 3343 itinerans
1038 3277 1078 3343 de
1095 3278 1162 3341 loco
1176 3277 1211 3341 in

107 3372 220 3454 locum,
242 3384 279 3441 et
302 3375 382 3441 dicit
406 3377 492 3463 quod
514 3379 678 3464 sponsalia
698 3379 896 3445 denunciata
920 3380 1054 3445 fuerunt
1077 3379 1121 3443 ad
1146 3386 1212 3443 tres

105 3478 228 3546 uicinas
250 3480 401 3546 ecclesias
424 3504 484 3568 per
506 3488 573 3547 tres
592 3481 770 3548 dominicas
789 3493 966 3569 antequam
986 3505 1058 3547 cam
1075 3482 1212 3568 despon-

106 3584 198 3661 muit,
223 3593 259 3650 ct
285 3607 359 3649 eam
383 3586 529 3671 predicto
554 3587 651 3652 modo
674 3586 711 3651 in
735 3587 831 3652 domo
856 3610 916 3652 sua
940 3586 1148 3673 desponsauit
1176 3585 1213 3650 in

106 3688 256 3754 crastino⁸
277 3688 310 3754 S.
334 3689 467 3776 Georgii
489 3698 524 3755 et
548 3690 630 3756 obiit
650 3698 765 3777 postea
784 3690 853 3757 die⁶
875 3690 1072 3757 Natiuitatis
1096 3690 1133 3755 B.
1154 3690 1212 3755 Jo-

106 3790 220 3858 hannis
242 3794 402 3880 Baptiste,
421 3802 457 3860 et
477 3795 563 3882 petit
585 3796 738 3861 similiter
758 3797 917 3861 iudicium
940 3796 969 3861 si
993 3795 1112 3861 debeat
1134 3794 1212 3859 inde

105 3893 214 3960 dotem
228 3896 348 3962 habere
362 3896 417 3961 uel
431 3919 504 3963 non
549 3898 594 3963 Et
608 3898 686 3985 qnia
698 3899 770 3985 ipsa
783 3898 947 3987 cognoscit
961 3897 1048 3985 quod
1061 3898 1132 3983 ipsa
1146 3918 1213 3961 non

105 3996 166 4063 fuit
180 3998 378 4085 desponsata
391 4000 433 4066 ad
453 4001 598 4067 hostium
617 4002 751 4068 ecclesie
770 4025 830 4067 nec
849 4001 897 4067 ibi
915 4001 1036 4079 dotata,
1051 4000 1212 4067 consider-

134 4148 293 4227 {nunu
318 4152 633 4214 succussatura
682 4153 958 4214 suscitaturum.
993 4154 1020 4204 It
1036 4152 1060 4205 is
1075 4152 1143 4205 Fitz.
1158 4156 1207 4205 Dc-

106 4217 368 4344 ‘hi‘ffw'rysus
681 4221 856 4335 ”iiiiii

136 4347 148 4377 ¹
164 4295 261 4406 stirp&
295 4318 411 4399 Wdrr'rim
421 4364 451 4398 or
461 4358 598 4401 scetantur.
713 4350 724 4383 ⁸
742 4353 773 4400 24
784 4300 866 4401 sines

135 4411 444 4475 ⁴s.m.1d;13.m.3.
476 4416 628 4476 Bractcn,i.
