3167 5075
165 352 390 417 rrrnsnum's
413 365 505 415 mon
526 365 564 414 ru
587 364 758 427 norronn,
780 364 846 414 An.
870 347 964 426 1227,
985 364 1049 413 un
1073 351 1124 415 12.
1168 353 1230 416 631

131 541 271 606 lecerunt
300 539 428 625 Rogero
458 536 581 604 Comiti
609 535 715 625 Bigod
744 545 779 603 et
808 538 851 604 H.
882 537 1005 605 Oomiti
1029 540 1117 626 petri
1136 539 1232 607 istius

131 643 252 730 Rogeri
299 643 343 707 Et
357 643 450 707 Dom.
467 641 539 706 Rex
554 641 635 706 illud
651 641 738 706 idem
753 664 813 727 per
823 641 924 706 breue
939 665 1036 707 suum
1053 644 1233 722 mandauit,

130 747 211 832 quod
240 746 307 810 tale
337 744 410 822 fuit,
439 743 527 830 quod
556 743 727 808 iusticiarii
763 744 971 830 diligenciam
1000 752 1035 810 et
1063 741 1233 811 consilium

130 857 326 935 apponerent
355 849 533 914 secundum
563 848 849 913 consuetudinem¹
878 857 913 914 et
943 850 1049 936 legem
1079 858 1165 915 terre
1195 859 1234 915 ut

130 953 271 1018 hominen¹
301 952 421 1039 Rogeri
449 951 480 1016 le
510 950 615 1039 Bigod
645 951 789 1016 facerent
818 950 925 1016 eidem
954 952 1081 1038 Rogero
1104 953 1233 1019 enodem
1328 944 1333 954 ’

129 1056 376 1122 consuetudines
405 1063 466 1122 etc.
491 1079 555 1142 que
581 1057 685 1120 fecere
715 1063 954 1121 consueuerant
983 1056 1120 1143 Hugoni
1147 1057 1235 1143 petri

128 1159 220 1224 istius
242 1158 364 1245 Rogen‘
387 1165 448 1223 etc.
493 1157 540 1222 Et
562 1166 677 1243 postea
697 1156 785 1222 foeta
806 1164 857 1222 eet
878 1155 1049 1242 inquisicio
1070 1180 1129 1244 per
1152 1158 1234 1224 tales

129 1273 185 1329 etc
211 1263 299 1350 quod
328 1262 493 1348 predictus
520 1262 685 1327 Walterus
710 1269 745 1326 et
770 1261 828 1325 alii
851 1268 910 1326 etc.
936 1261 1083 1326 fecerunt
1112 1261 1235 1328 Comiti

128 1369 252 1454 Rogero
278 1368 308 1432 le
334 1367 439 1454 Bigod
461 1374 607 1452 tempore
629 1387 688 1430 suo
717 1365 801 1430 tales
830 1365 1079 1431 consuetudines
1108 1373 1169 1432 etc
1198 1375 1234 1432 et

129 1471 211 1558 quod
234 1472 391 1537 uiderunt
415 1493 469 1535 eos
495 1471 600 1534 fecere
624 1469 753 1534 eosdem
784 1469 1035 1535 consuetudines
1064 1470 1152 1536 iuste
1179 1472 1235 1536 uel

128 1577 246 1641 iniuste
262 1576 304 1640 R
322 1574 447 1641 Comiti
461 1581 521 1640 etc.
568 1574 611 1639 Et
627 1573 705 1659 quio
724 1574 783 1638 has
803 1582 864 1639 etc.
885 1574 1033 1639 fecerunt
1048 1575 1170 1640 Comiti
1189 1578 1233 1643 H.
1289 1579 1351 1622 ΝΜ·

128 1678 210 1764 petri
236 1686 308 1754 etc,
333 1676 407 1742 ideo
431 1677 552 1741 facient
578 1675 709 1741 edsdem
734 1685 793 1741 etc.
824 1676 970 1762 predicto
999 1678 1126 1764 Rogero
1154 1678 1234 1744 dum

129 1782 223 1847 fuerit
247 1781 333 1846 infru
356 1789 488 1858 etatem,
512 1790 547 1846 et
576 1803 652 1845 cum
681 1781 811 1845 uenerit
832 1779 875 1844 ed
897 1787 1021 1845 etatem
1043 1782 1234 1868 perquirant

128 1906 159 1948 se
174 1906 288 1948 uersus
301 1883 409 1969 ipsum
426 1883 453 1947 si
468 1881 640 1947 noluerint.
660 1879 666 1966 Ι

43 1993 93 2057 uo.
188 1987 302 2051 Assisu
316 1985 410 2050 uenit
426 1984 674 2072 recognitumsi
693 1984 857 2050 Robertus
879 1983 920 2049 de
941 1985 1119 2051 Meeutona
1135 1986 1235 2051 frater
1293 1971 1354 2079 ἓξὲξ

129 2089 285 2155 Willelmi
299 2089 364 2154 fuit
379 2088 509 2154 seisitus
524 2088 560 2152 in
573 2087 735 2152 dominico
749 2110 809 2152 suo
824 2095 883 2152 ete.
899 2086 940 2151 de
960 2088 1023 2174 xvj.
1045 2089 1127 2153 acris
1148 2097 1233 2154 terre
1247 2107 1393 2194 {pacm

128 2201 184 2258 etc.
199 2216 276 2258 cum
292 2201 374 2278 pert.
390 2192 425 2256 in
443 2191 671 2278 Brimingham
691 2190 744 2255 die
765 2198 836 2269 etc,
856 2213 955 2277 quem
978 2199 1099 2255 terram
1118 2191 1235 2256 Petrus
1247 2201 1381 2288 pm&

127 2297 166 2362 de
194 2297 376 2361 Meautona
404 2303 520 2361 tenet·
549 2294 616 2374 Qui
644 2293 739 2359 uenit
766 2302 802 2359 et
827 2294 907 2358 dicit
931 2292 1018 2380 quod
1046 2293 1146 2358 assisa
1170 2317 1236 2358 non
1248 2295 1384 2381 ffiffg„

127 2401 224 2466 debet
254 2399 331 2465 inde
362 2397 440 2476 fieri,
467 2397 545 2483 quie
566 2397 636 2482 ipse
659 2406 709 2462 est
731 2396 819 2462 filius
840 2397 948 2461 fratris
969 2396 1180 2484 primogeniti
1201 2404 1235 2461 et
1247 2388 1376 2482 fflffimff

127 2504 312 2570 Willelmus
335 2502 423 2568 filius
447 2501 555 2569 fratris
580 2501 733 2588 postnati,
758 2500 845 2566 unde
871 2501 959 2568 inter
983 2523 1126 2567 coenon
1150 2501 1236 2567 iacet
1247 2480 1391 2615 {Effluit

127 2609 225 2674 assisa
241 2607 356 2673 mortis
370 2606 583 2672 antecessoris
598 2606 639 2671 de
659 2614 763 2671 morte
784 2606 941 2671 auunculi
963 2607 1024 2685 sui,
1038 2606 1116 2692 quie
1132 2607 1236 2672 mani-
1303 2603 1310 2615 '

127 2714 246 2777 festum
269 2712 423 2797 estquod
443 2710 530 2775 filius
552 2709 660 2773 fratris
681 2709 891 2795 primogeniti
911 2710 1122 2796 propinquior
1143 2710 1237 2777 heren
1331 2756 1349 2794 ¹.

128 2825 176 2881 est
200 2840 301 2903 quam
323 2815 410 2881 filius
432 2813 540 2879 fratris
562 2813 715 2899 postneti.
759 2814 805 2877 Et
826 2814 900 2878 ideo
921 2814 1161 2880 consideratum
1186 2824 1237 2881 est

127 2921 211 3007 quod
241 2921 360 2986 Petrus
391 2927 427 2985 et
456 2916 673 3005 Reginaldus⁸
698 2916 775 2982 inde
801 2917 872 2983 sine
901 2918 964 2998 die,
989 2927 1024 2984 et
1052 2920 1237 2986 Willelmus
1268 2960 1307 3012 ς,

126 3024 160 3089 in
174 3023 405 3104 misericordia,
422 3032 456 3089 et
470 3023 637 3109 perquirat
651 3045 686 3087 se
700 3044 760 3108 per
773 3023 873 3088 breue
889 3022 930 3088 de
944 3023 1076 3088 rectosi
1094 3024 1236 3090 uoluerit
1275 3025 1278 3033 '

128 3138 186 3195 cte

43 3248 93 3315 330·
188 3233 304 3297 Assiso
326 3232 419 3297 uenit
443 3232 471 3297 si
494 3231 693 3295 Adelstenus
715 3230 756 3295 de
780 3231 961 3317 Stiuekeya
983 3240 1079 3317 puter
1099 3232 1236 3297 Roberti
1252 3251 1393 3301 umero

127 3336 204 3401 Brid
234 3335 356 3421 [fratris
381 3334 544 3417 anteneti]
569 3334 635 3398 fuit
660 3333 792 3399 scisitus
813 3334 849 3399 in
871 3334 1031 3399 dominico
1052 3357 1112 3400 suo
1133 3342 1172 3399 ut
1194 3334 1235 3399 de

126 3440 217 3506 feodo
240 3448 302 3505 etc.
325 3440 366 3504 de
388 3439 445 3525 iiij.
468 3438 549 3504 acris
572 3447 656 3503 terre
679 3460 754 3503 cum
776 3447 850 3523 pert
869 3438 905 3503 in
927 3438 1116 3524 Stiuekeya,
1137 3460 1234 3524 quum
1247 3450 1385 3538 {gemm

127 3551 246 3609 terram
263 3543 415 3609 Clemens
430 3542 517 3607 filius
539 3541 677 3607 Galfridi
698 3550 732 3606 et
755 3541 918 3607 Cristiana
932 3563 1013 3604 uxor
1027 3540 1097 3605 eius
1112 3548 1236 3607 tonent.
1248 3548 1392 3631 ffiffiffi„

128 3647 170 3711 Et
185 3646 353 3713 Oristiunu
366 3645 446 3711 dicit
461 3644 548 3731 quod
565 3645 636 3731 ipso
656 3652 706 3709 est
728 3644 837 3730 neptis
857 3643 994 3729 predicti
1014 3642 1150 3708 Roberti
1168 3643 1237 3709 filia
1392 3619 1399 3633 ⁸

128 3750 272 3817 Huberti
290 3750 398 3815 fintrio
419 3749 470 3815 sui
492 3750 583 3834 [licet
605 3748 773 3835 postnati]‚
796 3757 831 3815 et
852 3749 1023 3813 Hubertuo
1043 3756 1138 3833 pater
1158 3770 1237 3813 suun

128 3853 209 3919 obiit
231 3852 364 3919 scisitus
381 3852 422 3918 de
445 3860 532 3918 terra
551 3860 783 3938 postmortem
805 3851 978 3917 Adelsteni
998 3850 1179 3937 patrissui,
1201 3859 1236 3916 et

129 3958 212 4043 petit
242 3957 401 4023 iudicium
426 3957 455 4022 si
480 3956 579 4022 assisa
600 3955 771 4043 procedere
795 3955 913 4021 debeat
934 3955 1021 4020 inter
1041 3963 1176 4041 neptem
1201 3963 1236 4021 et

160 4143 170 4175 ¹
186 4144 306 4194 romet'.
708 4145 856 4194 annotator.
891 4143 1053 4205 Apparently
1074 4141 1108 4191 ho
1129 4141 1238 4193 himself

160 4208 232 4259 ²131.
245 4208 263 4260 f.
277 4207 364 4260 2781).
707 4209 863 4259 remembers
871 4208 1093 4260 thetRobertwas
1102 4206 1148 4257 tho
1159 4207 1237 4267 elder,

161 4274 171 4307 ⁸
187 4276 209 4323 Δ
221 4273 318 4324 second
329 4273 484 4324 deforciant.
707 4274 811 4325 Hubert
832 4273 878 4325 the
898 4288 1013 4336 younger
1030 4288 1079 4324 eon
1097 4274 1125 4323 of
1145 4273 1235 4323 Athel-

161 4340 173 4371 ⁴
189 4339 238 4389 See
250 4340 302 4389 lest
312 4353 379 4389 cese.
413 4339 469 4389 The
479 4338 563 4389 worda
575 4338 656 4403 print-
709 4342 777 4389 stan.

130 4404 161 4455 ed
179 4404 273 4456 within
291 4404 313 4470 []
333 4420 377 4456 ere
399 4402 538 4455 interlined
561 4405 594 4469 by
614 4404 658 4455 the
