3167 5075
330 417 564 480 meamus,
585 419 650 469 nn.
675 405 769 482 1223,
791 418 855 470 un.
878 401 971 473 7-8.
1141 405 1203 470 495

113 586 223 653 scilicet
240 593 367 652 sextam
386 593 515 672 portem
535 585 621 653 feodi
640 584 716 652 dinn
737 586 854 652 militis
868 595 903 652 et
917 596 1065 674 preterca
1079 595 1205 652 sextmn

113 698 226 776 partem
253 689 340 756 feodi
368 689 445 756 dim.
475 688 591 755 militis
620 696 655 754 et
682 697 809 756 sextam
839 699 966 777 postem
996 691 1036 754 xl.
1067 688 1207 754 deusd

113 793 239 860 wodan
263 794 306 860 de
331 793 481 860 Norwico
506 792 591 858 sicut
617 792 687 879 ipse
712 793 839 860 clamat.
885 794 930 858 Et
954 793 1081 860 Alanus
1106 791 1207 858 nichil

113 897 167 962 scit
178 897 280 962 dicere
295 920 395 984 qnare
408 897 509 964 assisa
523 904 697 964 remaneat
742 898 823 964 Dies
838 898 934 964 datus
949 905 999 962 est
1014 897 1048 962 in
1060 897 1206 964 aduentu

112 987 348 1066 iusticinriorum
362 1009 422 1066 etc

53 1109 81 1171 ll.
168 1101 367 1169 'Gilebertus
389 1105 431 1168 de
456 1102 648 1169 Kenteuilla
670 1103 793 1189 optulit
817 1126 851 1170 se
876 1113 991 1190 quarto
1015 1103 1068 1170 dic
1094 1125 1208 1170 uersus

112 1207 282 1274 Gnlfiidum
292 1206 333 1273 de
342 1208 516 1274 Percehsle
525 1208 566 1274 de
577 1209 697 1294 placito
708 1209 795 1295 qnod
806 1209 904 1274 facist
916 1209 947 1274 ei
958 1209 1208 1274 consuetudines

110 1321 140 1377 et
152 1321 236 1378 reeta
250 1312 389 1378 seruicia
403 1335 466 1399 qne
482 1313 514 1378 ei
527 1299 589 1379 etc
611 1312 651 1378 do
672 1313 774 1378 libero
793 1319 982 1378 tenemento
1003 1313 1089 1400 quod
1109 1313 1150 1378 de
1170 1335 1208 1378 eo

111 1423 193 1482 tenet
214 1425 275 1482 etc
321 1417 366 1482 Et
389 1416 554 1483 Gnlfn‘dus
576 1440 642 1482 non
665 1417 760 1482 uenit
783 1426 819 1482 et
844 1417 1044 1482 attechiatus
1070 1417 1135 1482 luit
1160 1416 1210 1481 ita

109 1520 187 1604 quod
200 1520 298 1606 primi
312 1520 414 1608 plegii
428 1520 499 1586 eius
513 1521 596 1586 tales
610 1530 670 1585 etc.
685 1520 876 1586 summoniti
891 1522 1031 1586 fuerunt.
1078 1521 1121 1584 Et
1135 1520 1209 1585 ideo

110 1623 200 1710 plegii
218 1624 270 1690 illi
289 1624 325 1690 in
345 1624 571 1703 misericordie,
591 1633 626 1690 et
645 1624 825 1690 uicecomes
845 1647 910 1690 non
930 1625 1063 1690 omittat
1079 1633 1211 1710 propter

109 1725 286 1793 libertatem
302 1728 335 1794 S.
350 1727 537 1793 Eedmundi
551 1728 630 1815 quin
646 1736 746 1814 ponet
761 1751 837 1793 eum
852 1751 910 1814 per
924 1728 1072 1794 meliores
1087 1727 1210 1814 plegios

108 1829 186 1912 qnod
212 1831 258 1896 sit
294 1838 364 1908 etc,
402 1830 489 1896 unde
525 1830 695 1896 mandunt
732 1830 819 1916 quod
854 1829 1000 1916 precepit
1035 1829 1210 1894 senescallo

108 1933 136 1997 S.
155 1932 341 1999 Esdmundi
360 1932 418 2020 qui
437 1933 539 1998 nichil
558 1932 635 1998 inde
655 1932 741 1998 fecit
787 1933 831 1998 Et
851 1941 1055 1998 summouent
1072 1932 1211 1997 belliuos

107 2035 136 2100 S.
151 2035 337 2103 Radmnndi
350 2037 437 2123 quod
451 2036 519 2102 sint
534 2044 593 2102 etc

54 2138 77 2200 θ.
164 2141 366 2207 'willelmus
380 2140 469 2205 filius
484 2138 658 2204 Benedicti
673 2138 714 2204 de
728 2138 897 2204 Londonie
911 2136 1033 2223 optulit
1047 2159 1081 2204 se
1097 2159 1210 2203 uersus
1285 2171 1328 2202 un.

107 2243 291 2330 Philippum
305 2243 471 2308 Utdcners
484 2243 527 2306 de
541 2240 661 2328 placito
681 2240 767 2327 quod
787 2240 1011 2308 warentizsnet
1031 2240 1063 2306 ci
1083 2248 1210 2306 tanum

106 2357 217 2413 terram
247 2355 310 2413 etc
340 2369 438 2432 quam
467 2353 561 2410 tenet
590 2353 625 2409 et
653 2345 694 2408 de
723 2366 763 2409 eo
791 2353 903 2409 tenere
926 2344 1045 2412 clamat
1067 2351 1102 2408 ct
1124 2343 1210 2410 unde

107 2461 221 2517 cenam
240 2473 337 2516 sunm
356 2450 457 2515 hebet
479 2457 539 2514 otc.
585 2448 629 2513 Et
648 2447 820 2534 Philippus
839 2469 904 2512 non
924 2446 1017 2513 uenit
1037 2457 1071 2512 et
1095 2446 1211 2512 habuit

106 2555 185 2621 diem
215 2580 277 2644 per
308 2554 536 2621 essoniatorem
569 2576 665 2619 suum
698 2562 871 2639 postquem
905 2552 1105 2619 attechietus
1138 2553 1210 2618 fuit.

106 2660 145 2725 Et
162 2660 235 2727 ideo
254 2668 398 2747 ponetur
415 2680 475 2743 per
493 2657 643 2722 meliores
662 2656 787 2744 plegios
809 2655 896 2744 quod
917 2657 962 2721 sit
983 2656 1044 2722 teli
1065 2656 1119 2722 die
1141 2666 1211 2746 etc,

105 2772 137 2827 et
148 2763 327 2829 essonictor
340 2760 485 2845 Philippi
499 2759 647 2845 capiatur
661 2767 721 2825 otc
737 2767 772 2825 et
786 2759 822 2825 in
837 2759 966 2845 plisons
977 2768 1036 2825 etc.

54 2870 74 2934 l.
163 2866 302 2933 'vitalis
318 2866 477 2952 Engnune
492 2864 613 2951 optulit
627 2886 662 2929 se
684 2872 800 2950 quarto
820 2864 874 2931 die
894 2887 1008 2931 uersus
1029 2864 1211 2931 Gelli-idum
1277 2898 1342 2927 nol.

104 2969 141 3034 de
162 2970 292 3036 Fercles
316 2969 357 3034 de
380 2968 501 3055 placito
523 2968 747 3033 nduocscionis
770 2968 903 3033 ecclesie
927 2968 968 3033 de
993 2967 1092 3035 Cotes
1113 2992 1211 3055 quom

104 3072 185 3139 idem
199 3073 324 3139 vitalis
337 3073 458 3138 clamet
471 3094 586 3137 uersus
600 3094 677 3139 eum
692 3081 731 3137 ut
745 3072 798 3137 ius
813 3095 909 3139 suum
924 3081 983 3139 etc.

163 3179 207 3243 Et
228 3176 409 3244 Geulridus
428 3198 494 3240 non
514 3176 609 3241 uenit
628 3185 689 3241 etc
712 3184 748 3240 et
771 3176 945 3241 cduoceeio
969 3184 1066 3264 capto
1088 3177 1153 3245 luit
1176 3178 1212 3245 in

104 3305 232 3348 monum
253 3282 350 3347 Dotn
374 3280 476 3367 Regis
494 3302 553 3365 pro
571 3281 701 3345 defectu
721 3302 819 3365 quem
840 3279 917 3345 fecit
937 3279 972 3346 in
987 3280 1127 3348 crastino
1141 3289 1211 3361 etc,

105 3387 177 3471 quie
193 3386 237 3451 acl
262 3384 351 3451 diem
374 3384 469 3449 illum
493 3406 528 3448 se
551 3383 728 3449 essonieuit
753 3383 929 3450 Gsulnidus
952 3384 994 3453 de
1018 3384 1103 3452 malo
1126 3385 1211 3463 lecti,

105 3490 185 3555 unde
199 3488 324 3555 vitalis
337 3487 438 3574 Pfflfii
452 3486 611 3553 iodicium
624 3488 666 3553 de
681 3487 742 3553 hoc
755 3488 843 3575 quod
858 3487 907 3554 illi
922 3488 1132 3555 essonietores
1146 3512 1212 3557 non

104 3602 264 3658 uenerunt
279 3592 380 3657 tercio
395 3592 448 3656 die
463 3600 541 3656 ente
556 3591 712 3676 placitum
728 3614 787 3677 per
807 3590 893 3677 quod
914 3590 1124 3659 essoniatores
1145 3614 1211 3659 non

103 3702 279 3779 potuerunt
313 3716 427 3759 sonam
456 3692 621 3770 defaltum,
651 3693 738 3758 unde
769 3702 849 3759 tunc
878 3692 1116 3759 consideratum
1146 3694 1211 3763 fuit
1255 3752 1259 3763 ,
1333 3704 1335 3711 ’

104 3797 185 3881 quod
198 3796 376 3863 nduocscio
391 3805 562 3882 caperetur
575 3796 611 3861 in
625 3818 759 3863 menum
773 3795 867 3861 Dom.
883 3794 983 3882 Regis
998 3805 1068 3873 etc,
1079 3804 1113 3862 et
1124 3798 1210 3882 quod
1275 3830 1277 3838 ·

103 3898 185 3965 idem
212 3900 394 3967 Gsufridus
419 3907 680 3965 summoneretur
704 3899 791 3986 quod
821 3908 907 3964 essct
935 3899 981 3971 ud¹
1007 3900 1094 3965 hunc
1123 3901 1211 3971 diem

102 4003 275 4069 auditurus
299 4003 457 4070 indicium
484 4026 589 4070 suum.
633 4003 677 4070 Et
707 4002 871 4077 Gclfridus
900 4002 994 4075 uenit
1023 4004 1128 4089 pn'mo
1157 4004 1211 4073 die

103 4107 212 4191 placiti
226 4116 264 4173 et
279 4107 370 4173 uisus
387 4107 451 4172 fuit
465 4106 501 4171 in
514 4107 625 4184 banco,
640 4114 675 4171 et
689 4105 822 4171 recessit
836 4105 906 4171 sine
928 4104 1070 4184 licencia,
1084 4116 1119 4173 et
1138 4108 1211 4175 ideo

134 4296 240 4345 ¹Lm.
253 4295 280 4344 5.
685 4292 781 4343 second
791 4292 819 4342 ol
830 4290 874 4343 the
886 4294 1107 4347 twoossessbont
1118 4294 1212 4349 vitulis

133 4360 190 4409 ²A.
201 4375 239 4409 m.
251 4361 279 4411 5.
684 4356 753 4409 cited
763 4358 798 4421 by
809 4358 930 4420 Brnolon,
944 4359 963 4408 l.
975 4362 1033 4411 349.

132 4426 283 4475 1Δ.ιιι.5.
316 4423 635 4475 Thissssmstobethe
