3167 5075
369 349 372 352 ’
421 374 902 453 111111,1.1.1113,1.11.
1150 370 1212 439 475

181 563 221 628 Et
241 561 365 628 Priores
386 559 525 646 predicti
547 566 742 646 cognoscunt
764 557 851 642 quod
873 555 1040 642 predictus
1069 554 1215 640 Rogems

124 665 310 750 presentauit
324 663 476 728 ultimam
490 685 659 748 personam
674 660 797 725 scilicet
811 659 994 745 predictum
1010 657 1043 721 Ν
1045 657 1215 722 1011011111

124 770 175 834 Set
200 769 288 834 Prior
316 768 358 833 de
387 767 586 852 Dunstaplia
613 765 695 831 dicit
723 765 810 850 qnod
838 763 926 828 idem
961 763 1107 848 Rogerus
1143 769 1217 846 post

122 871 382 956 presentacionem
397 870 487 936 illam
502 869 594 934 dedit
608 868 742 933 ecclesie
755 890 814 931 sue
828 867 869 932 de
880 865 1078 951 Dunstaplia
1088 864 1217 930 ecclesi-

121 969 250 1040 111610
280 975 317 1040 in
346 975 480 1039 liberam
511 983 580 1049 etc,
609 982 644 1038 et
673 972 749 1037 inde
778 972 899 1057 profert
925 979 1048 1036 cartam
1071 969 1215 1034 eiusdem

121 1079 228 1166 Rogen'
256 1103 320 1166 que
349 1080 471 1145 donum
501 1078 584 1143 illud
611 1086 759 1142 testatur.
806 1077 931 1140 Profert
961 1075 1064 1140 eciam
1093 1083 1216 1140 cartam

121 1183 250 1248 Simonis
264 1183 306 1248 de
321 1182 413 1246 Bello
428 1181 554 1266 Campo
567 1179 717 1266 capitalis
730 1179 854 1244 domini
869 1179 954 1244 feodi
968 1179 1057 1244 illius
1071 1202 1135 1265 que
1155 1187 1214 1244 610.

119 1285 231 1350 Profert
246 1286 350 1351 eciam
364 1293 487 1349 cartam
499 1284 635 1349 Roberti
646 1284 809 1369 quondam
822 1283 1054 1348 Lincolniensis
1067 1283 1216 1369 Episcopi

119 1409 174 1472 que
187 1396 254 1466 etc,
269 1395 305 1452 et
319 1388 379 1453 hac
392 1387 520 1452 racione
534 1386 621 1473 petit
634 1385 704 1472 ipse
719 1385 886 1452 ecclesiam
900 1386 999 1452 illam.

175 1490 217 1555 Et
231 1492 322 1555 Prior
336 1492 377 1556 de
393 1490 596 1576 Nywenham
612 1489 760 1575 quesitus
774 1489 853 1574 quid
868 1488 948 1553 iuris
963 1489 1032 1575 ipse
1047 1489 1166 1554 clamat
1181 1488 1216 1553 in

119 1595 240 1660 ecclesia
261 1594 327 1670 illa,
349 1593 538 1679 dicitquod
560 1616 600 1657 ex
621 1592 706 1657 dono
728 1593 876 1657 Widonis
898 1593 938 1658 de
961 1594 992 1659 S.
1008 1593 1167 1658 Walerico
1182 1603 1216 1660 et

117 1697 248 1763 Albrede
271 1699 381 1764 uxoris
403 1699 473 1763 eius
494 1720 552 1784 per
574 1705 696 1762 certam
719 1719 830 1762 eorum
845 1719 944 1782 quam
959 1697 1088 1782 profert,
1104 1706 1138 1762 et
1153 1720 1216 1783 que

118 1809 247 1867 testatur
277 1803 364 1889 quod
392 1802 456 1888 ipsi
485 1802 582 1866 Wido
611 1809 647 1866 et
676 1800 820 1866 Albreda
848 1811 1073 1866 concesserunt
1096 1802 1157 1866 deo
1182 1809 1216 1866 61

117 1907 240 1972 ecclesie
266 1909 300 1973 S
327 1907 421 1972 Pauli
447 1905 654 1971 Bedefordie¹
680 1914 715 1970 et
741 1905 902 1970 canonicis
929 1905 1131 1991 regularibus
1156 1914 1215 1970 etc.

118 2012 275 2077 ecclesiam
297 2011 338 2076 de
359 2011 514 2076 Abseleia
535 2032 610 2074 cum
633 2018 692 2074 etc.
737 2009 864 2074 Profert
887 2009 989 2073 eciam
1012 2019 1135 2074 cartam
1166 2009 1217 2074 Si-

116 2117 211 2181 monis
232 2116 275 2182 de
298 2115 389 2180 Bello
413 2114 537 2200 Campo
557 2114 707 2200 capitalis
721 2113 845 2178 domini
860 2137 924 2199 que
939 2114 1058 2178 donum
1074 2113 1155 2178 illud
1171 2113 1218 2178 eis

116 2221 284 2286 confirmat
337 2220 462 2284 Profert
499 2219 602 2284 eciam
639 2226 761 2283 cartam
798 2217 949 2303 Hugonis
986 2217 1219 2283 Lincolniensis

116 2323 259 2410 Episcopi
274 2347 338 2410 que
352 2324 474 2390 donum
488 2323 571 2388 illud
587 2323 634 2388 eis
648 2324 826 2388 confirmat.

173 2429 216 2493 Et
236 2428 407 2494 Falkesius
426 2428 612 2514 dicitquod
632 2437 720 2493 certe
741 2427 859 2492 Prioris
879 2428 920 2493 de
938 2426 1137 2512 Dunstaplia
1151 2449 1216 2492 non

114 2532 228 2600 debent
243 2534 276 2600 ei
290 2556 412 2612 nocere,
428 2533 505 2620 quia
518 2531 700 2599 manerium
715 2532 757 2597 de
772 2531 926 2618 Aspeleia
940 2532 1003 2597 fuit
1018 2530 1217 2599 dominicum

115 2638 244 2721 predicti
261 2638 403 2705 Simonis
418 2639 459 2703 de
473 2638 566 2703 Bello
581 2638 714 2722 Campo
730 2636 786 2722 qui
802 2636 884 2701 illud
899 2636 1059 2701 commisit
1074 2636 1219 2722 predicto

113 2739 233 2827 Rogero
252 2742 290 2806 in
310 2741 410 2806 bellia
429 2749 464 2806 et
484 2741 543 2806 tali
558 2740 744 2805 condicione
759 2740 846 2825 quod
860 2739 942 2805 illud
957 2749 1084 2806 teneret
1099 2763 1216 2826 quous·

113 2867 170 2929 que
195 2846 226 2910 ei
250 2844 430 2931 assignaret
456 2845 568 2909 decem
592 2844 726 2907 libratas
751 2853 844 2909 terre.
889 2844 1028 2910 Interim
1054 2852 1217 2910 uenerunt

113 2948 203 3014 wido
219 2959 255 3015 et
270 2949 415 3015 Albreda
429 2956 463 3014 et
477 2946 765 3034 implacitauerunt
783 2947 968 3032 predictum
989 2948 1155 3013 Simonem
1175 2948 1216 3013 de
1253 3002 1257 3011 .

113 3052 198 3119 Bello
221 3055 348 3140 Campo
370 3054 412 3119 de
435 3062 508 3119 tota
529 3061 618 3117 terra
639 3074 700 3116 sua
722 3059 756 3115 et
780 3051 821 3116 de
843 3051 989 3136 predicto
1013 3052 1156 3117 manerio
1175 3052 1217 3118 de

112 3158 269 3235 Abseleia,
293 3166 327 3223 et
350 3157 385 3221 in
408 3164 539 3221 tantum
563 3154 717 3241 processit
742 3153 870 3239 loquela
889 3154 947 3220 illa
960 3154 1115 3220 intereos
1130 3154 1216 3241 quod

112 3260 169 3346 ipsi
183 3263 284 3328 Wido
298 3270 332 3326 et
346 3260 491 3325 Albreda
505 3268 780 3344 recuperauemnt
800 3258 981 3323 manerium
1001 3258 1083 3323 illud
1103 3280 1217 3323 uersus

112 3366 247 3432 eundem
271 3366 438 3431 Simonem
458 3386 517 3450 per
535 3362 736 3427 concordiam
756 3362 917 3427 intereos
937 3363 1064 3438 factam,
1080 3369 1114 3426 et
1128 3360 1217 3425 idem

111 3468 219 3536 Simon
235 3468 316 3535 fecit
330 3466 528 3533 escambium
544 3466 650 3531 eidem
666 3467 793 3552 Rogero
807 3465 848 3529 de
863 3464 975 3529 decem
990 3464 1116 3529 libratis
1130 3472 1216 3529 terre

110 3575 287 3639 secundum
316 3571 575 3647 conuencionem‚
612 3578 645 3635 et
682 3569 809 3635 desicut
845 3568 933 3633 idem
969 3568 1115 3654 Rogerus
1151 3591 1217 3633 non

110 3677 222 3745 habuit
244 3678 324 3743 inde
345 3676 408 3741 nisi
430 3674 609 3740 custodiam
632 3683 666 3739 61
682 3674 828 3760 predicto
842 3674 945 3751 modo,
960 3672 1045 3758 petit
1060 3672 1216 3739 iudicium

110 3783 136 3847 si
148 3792 239 3849 61116
253 3782 399 3848 eiusdem
414 3780 534 3866 Rogeri
547 3780 666 3844 debeat
681 3778 713 3843 ei
726 3800 847 3842 nocere.

171 3888 216 3953 Et
243 3886 336 3951 Prior
361 3884 454 3949 uenit
477 3891 511 3948 61
533 3882 614 3947 dicit
636 3882 722 3968 quod
744 3882 893 3967 Rogems
914 3880 1079 3966 predictus
1100 3880 1218 3946 habuit

110 3991 290 4057 manerium
304 3989 386 4054 illud
400 3988 435 4053 in
450 3987 542 4055 feodo
557 3996 592 4051 et
606 4008 672 4051 non
686 3986 721 4050 11
736 3985 836 4049 baliis
850 3991 885 4048 et
900 3983 935 4047 in
954 3982 1073 4049 seisina
1091 3984 1155 4049 fuit
1176 3984 1218 4051 de

110 4094 322 4159 aduocacione
336 4092 442 4157 illast
456 4088 533 4155 inde
547 4090 633 4176 petit
647 4088 805 4154 iudicium
821 4096 880 4153 etc.

172 4200 217 4265 Et
244 4196 415 4264 Falkesius
438 4192 629 4281 dicitquod
651 4216 716 4260 non
739 4192 849 4257 tenuit
873 4192 936 4259 nisi
959 4215 1018 4279 per
1039 4193 1218 4279 predictam

141 4351 225 4402 ιΤ111
247 4351 337 4415 priory
358 4364 410 4399 was
431 4348 551 4398 removed
573 4348 641 4398 from
691 4348 740 4399 rol.
756 4348 886 4411 1111372.

110 4417 221 4468 Bedford
250 4422 279 4467 to
310 4414 478 4466 Newenham.
529 4414 640 4463 Maneat.
