3167 5075
368 348 432 413 354
561 438 562 443 Ἰ
674 360 825 421 miurus,
847 360 911 411 ao.
937 348 1030 423 1220,
1051 348 1166 411 aaa

368 534 525 614 dedicere,
541 530 778 597 consideratum
794 532 858 597 luit
878 531 965 618 quod
985 532 1094 597 Adam
1113 532 1177 597 iret
1195 532 1272 597 inde
1285 532 1350 597 sine
1361 531 1443 599 dicet

367 639 439 725 ipsa
452 637 654 723 perquireret
668 636 758 702 aliud
772 636 1040 707 breuesiuellet.
1239 706 1243 711 ,

433 743 478 807 Et
493 740 628 807 Mabilia
642 740 736 805 uenit
751 747 785 804 et
800 739 983 826 dicitquod
997 740 1033 805 in
1049 748 1143 826 parte
1161 740 1365 805 recordantur
1380 740 1449 805 bene

368 846 452 911 etin
472 853 565 931 purte
588 866 712 930 parum,
727 843 806 928 quia
825 842 909 909 bene
930 852 1039 929 potest
1061 868 1129 910 esse
1151 844 1238 931 quod
1260 846 1363 910 Adam
1381 844 1452 909 dixit
1538 899 1539 904 ,

367 950 453 1036 quod
468 970 533 1014 non
548 948 657 1013 tenuit
673 955 792 1013 terram
812 946 903 1013 illam
917 956 952 1013 et
966 948 1133 1013 redditum
1146 958 1198 1013 set
1212 949 1298 1035 quod
1312 949 1367 1014 alii
1377 948 1454 1013 illam
1538 933 1539 944 ἵ

367 1062 554 1131 tenuerunt,
569 1062 619 1118 eet
634 1053 705 1139 ipse
719 1054 885 1139 respondit
900 1053 986 1139 quod
1007 1054 1068 1118 hoc
1087 1076 1152 1119 non
1174 1053 1289 1119 debuit
1308 1054 1340 1119 ei
1358 1076 1456 1119 nocere

369 1158 447 1245 quia
461 1158 514 1223 die
529 1179 593 1244 quo
607 1157 707 1222 breue
722 1180 820 1222 auum
834 1156 898 1222 luit
917 1157 1128 1243 inpetratum,
1142 1158 1252 1223 tenuit
1266 1158 1352 1223 idem
1365 1158 1458 1223 Adara

366 1270 471 1327 totam
486 1272 605 1327 terram
620 1268 655 1325 ct
669 1259 858 1338 redditum¹,
869 1260 918 1325 ita
927 1261 1015 1347 quod
1028 1261 1087 1327 illa
1099 1263 1264 1327 occasione
1273 1286 1340 1327 non
1350 1284 1461 1327 reman-

367 1365 413 1433 sit
440 1366 597 1451 placitum
631 1363 722 1443 illud,
751 1364 851 1429 immo
880 1365 958 1451 quia
985 1364 1091 1429 noluit
1120 1365 1152 1429 ei
1180 1364 1372 1451 respondere
1401 1364 1461 1429 sinc

367 1476 510 1533 warauto
534 1488 593 1531 suo
622 1466 663 1530 de
692 1465 768 1531 dote
797 1488 858 1531 sua
886 1465 1012 1532 desicut
1040 1466 1131 1552 prius
1159 1466 1382 1531 adiudicatum
1407 1466 1462 1530 luit

366 1566 402 1635 in
417 1570 529 1635 eedem
545 1569 634 1635 curia
654 1570 740 1655 quod
759 1570 996 1635 nonobstante
1018 1571 1079 1635 hoc
1099 1571 1309 1657 responderet
1330 1594 1368 1636 eo
1387 1571 1462 1657 quod

366 1674 436 1759 ipse
456 1673 563 1739 Adam
586 1672 650 1737 luit
670 1680 833 1739 warantus
855 1696 934 1738 suus
958 1680 1030 1751 etc,
1054 1682 1090 1739 et
1115 1673 1201 1759 quod
1226 1674 1288 1738 tali
1313 1673 1462 1739 occauonc

367 1776 522 1843 remansit
544 1778 702 1863 placitum
724 1778 819 1843 offert
840 1777 975 1862 probare
998 1799 1057 1862 per
1073 1776 1231 1863 quosdam
1250 1778 1415 1843 audientes
1431 1786 1461 1841 ct

366 1880 587 1967 intelligentes
602 1881 658 1968 qui
672 1881 779 1966 parati
793 1888 870 1946 sunt
884 1889 1122 1946 sacramentum
1135 1881 1249 1947 lacere.

433 1985 477 2049 Et
506 1984 644 2071 predicti
673 1984 821 2051 homines
849 1984 964 2050 dicunt
992 1984 1085 2049 salua
1118 1984 1271 2050 libertate
1305 1985 1381 2051 uille
1411 2007 1463 2049 sue

368 2110 465 2175 quam
488 2088 610 2154 habent
630 2112 670 2153 ex
690 2089 775 2154 dono
795 2088 890 2153 Dom.
910 2088 1011 2175 Regis
1033 2087 1121 2174 quud
1144 2088 1211 2153 tale
1234 2097 1285 2155 est
1308 2087 1464 2153 recordum

367 2194 452 2259 sicut
472 2192 535 2279 ipsi
557 2192 680 2271 dicunt,
700 2201 735 2258 et
756 2193 872 2257 dicunt
894 2192 981 2279 quod
1003 2191 1111 2257 Adam
1134 2215 1200 2257 non
1222 2192 1332 2257 tenuit
1354 2200 1466 2257 terram

368 2296 458 2363 illam
481 2292 533 2362 die
557 2319 620 2382 quo
642 2298 742 2363 breue
766 2320 864 2362 auum
886 2306 956 2373 etc,
978 2304 1014 2361 et
1035 2296 1122 2381 quod
1146 2296 1316 2361 recordum
1339 2296 1402 2363 tale
1426 2298 1467 2362 ait
1538 2355 1539 2378 ἶ

367 2403 508 2467 offerunt
542 2400 677 2487 probare
711 2423 771 2487 per
799 2423 916 2487 corpus
944 2400 1113 2465 cuiusdam
1142 2400 1237 2465 liberi
1265 2400 1401 2466 bominis
1429 2400 1467 2465 de

367 2505 480 2571 eadem
503 2504 593 2572 curia
613 2505 774 2572 Johannia
795 2504 935 2582 nornine,
950 2503 1005 2570 uel
1028 2502 1200 2570 defendere
1222 2504 1310 2592 quod
1329 2506 1392 2570 tale
1406 2528 1469 2572 non
1538 2507 1539 2518 ’

367 2618 418 2674 est
431 2609 516 2674 sicut
530 2609 601 2695 ipsa
615 2609 696 2674 dicit
712 2609 797 2674 sicut
811 2609 901 2674 curia
914 2607 1174 2674 considerauerit
1218 2608 1263 2674 Et
1277 2609 1355 2695 quia
1366 2610 1469 2674 Adam

366 2737 431 2779 non
453 2723 503 2780 eat
522 2737 654 2800 presens
674 2722 709 2780 ct
729 2722 889 2779 testatum
911 2720 961 2778 est
983 2712 1070 2799 quud
1090 2711 1155 2778 iuit
1174 2711 1216 2778 ad
1239 2713 1272 2778 S.
1292 2713 1470 2786 Jacobnm'.

366 2825 557 2902 preceptum
572 2825 622 2882 eat
637 2815 822 2882 uicecomiti
837 2815 923 2901 quod
938 2837 1013 2879 eum
1028 2814 1142 2880 uenire
1156 2814 1256 2880 iaciat
1270 2815 1331 2881 tali
1343 2816 1397 2881 die
1412 2829 1470 2882 etc

367 2920 409 2984 ad
429 2920 628 2986 audiendum
651 2920 820 2986 recordum
839 2919 881 2985 de
895 2918 1025 3004 loquela
1038 2927 1098 2984 etc
1114 2939 1178 3006 que
1192 2919 1257 2984 luit
1271 2919 1358 2986 inter
1370 2943 1426 2986 eos
1438 2921 1472 2984 in

366 3023 456 3088 curia
470 3047 530 3088 sua
543 3033 604 3089 etc.
620 3031 654 3088 et
674 3024 715 3088 ad
731 3022 968 3088 ostendendum
983 3045 1083 3107 quare
1099 3044 1165 3086 non
1178 3021 1244 3087 luit
1258 3032 1329 3103 etc,
1339 3032 1374 3088 et
1386 3023 1473 3110 quud
1536 3008 1537 3029 ³

366 3127 479 3192 uenire
508 3127 606 3192 saciat
636 3149 747 3192 omncs
775 3125 938 3212 predictae
967 3134 1118 3190 tenentes
1145 3125 1189 3190 ad
1217 3127 1472 3213 cognoscendum

367 3243 527 3316 quantum
542 3231 764 3317 unusquisque
780 3237 892 3296 teneat
906 3238 967 3297 etc.
1535 3246 1536 3255 ¹

431 3333 609 3400 ”Henrious
623 3334 664 3400 de
680 3334 842 3420 Braybroc
856 3332 978 3419 optulit
996 3354 1032 3397 se
1050 3333 1131 3419 iiiju.
1151 3333 1207 3400 die
1228 3357 1343 3401 uersus
1364 3336 1473 3402 Ricar-

265 3458 280 3486 υ
367 3438 445 3504 dum
468 3438 571 3504 filium
596 3439 757 3504 Simeonis
776 3438 818 3504 de
836 3437 957 3524 placito
981 3437 1069 3523 quod
1091 3439 1316 3506 warentizaret
1339 3442 1373 3507 ei
1396 3441 1476 3507 duas
1534 3460 1535 3501 1

367 3543 512 3632 uirgatae
526 3551 611 3608 terre
625 3566 700 3608 cum
715 3551 797 3630 pert.
812 3542 848 3607 in
861 3541 1004 3607 Burcota
1018 3563 1099 3628 quas
1114 3542 1292 3609 Gaulridua
1303 3545 1335 3610 le
1347 3545 1476 3610 Paruhi·
1534 3556 1535 3567 ¹

367 3669 479 3712 meuer
493 3655 527 3712 ct
543 3645 679 3712 Matillis
694 3644 789 3711 uuor⁴
804 3646 951 3733 Rogems
964 3645 1052 3710 lilius
1067 3645 1211 3712 Simonis
1224 3656 1260 3712 et
1274 3649 1385 3714 Alicia
1398 3671 1477 3713 uxor
1533 3694 1534 3713 t

368 3750 438 3814 eius
462 3749 604 3816 clamant
630 3771 744 3815 uersus
768 3748 877 3834 ipsum
902 3747 1083 3814 Henricum
1111 3770 1172 3836 per
1198 3751 1334 3817 assisam
1364 3752 1478 3818 mortis

366 3855 583 3933 antecessoria,
598 3862 633 3919 et
648 3853 734 3919 unde
749 3853 837 3919 idem
852 3853 1015 3918 Henricus
1029 3855 1161 3920 uocauit
1175 3855 1284 3942 ipsum
1299 3856 1477 3922 Ricardum
1532 3920 1533 3931 ,

366 3957 408 4022 ad
423 3967 603 4023 warantum
618 3967 678 4024 etc
694 3966 727 4023 et
742 3981 823 4044 quas
837 3958 919 4023 duas
938 3965 999 4022 etc.
1014 3965 1050 4022 et
1068 3957 1157 4024 idem
1180 3960 1344 4026 Henricus
1363 3959 1478 4024 amisit

366 4085 424 4148 per
446 4062 600 4126 defaltam
620 4061 722 4148 ipsius
741 4061 873 4127 Ricardi
887 4069 947 4127 etc
992 4061 1037 4126 Et
1051 4061 1211 4128 Ricardus
1224 4086 1290 4128 non
1304 4063 1403 4129 uenit
1418 4072 1479 4127 ete„

399 4198 409 4231 ¹
426 4199 473 4249 flas
484 4199 528 4248 Br.
540 4201 559 4252 l.
573 4201 630 4251 432.
658 4199 829 4264 (lonceivably
839 4200 894 4252 this
975 4200 988 4235 ⁸
1003 4201 1034 4250 A.
1042 4200 1141 4262 m.9d;
1152 4201 1228 4252 lam.
1235 4202 1259 4252 6.
1277 4200 1479 4253 sementes

366 4263 390 4313 is
411 4263 456 4314 the
477 4279 535 4315 case
560 4265 626 4316 cited
651 4267 841 4331 anonymoualy
862 4281 893 4317 aa
942 4267 1110 4330 proooedlnga
1121 4266 1188 4318 (lasa
1200 4268 1273 4326 129³,
1283 4267 1336 4319 aad
1347 4267 1402 4318 tlte
1412 4267 1480 4316 later

367 4331 434 4380 lrorn
447 4329 567 4379 Micca.
580 4331 610 4382 R.
622 4331 694 4384 4-5.
940 4331 1176 4395 pruoaadingslffl.
1188 4332 1207 4381 l.
1220 4334 1276 4382 ἥδ.

398 4393 409 4426 ²
425 4393 606 4457 Compostalla.
974 4397 986 4428 ⁴
1002 4397 1101 4460 Supply
1112 4400 1177 4455 eiua
1188 4397 1221 4459 A,
1231 4398 1263 4448 B.
