<?xml version="1.0" encoding="UTF-8"?>
<!DOCTYPE html PUBLIC "-//W3C//DTD XHTML 1.0 Transitional//EN"
    "http://www.w3.org/TR/xhtml1/DTD/xhtml1-transitional.dtd">
<html xmlns="http://www.w3.org/1999/xhtml" xml:lang="en" lang="en">
 <head>
  <title>
</title>
<meta http-equiv="Content-Type" content="text/html;charset=utf-8" />
  <meta name='ocr-system' content='tesseract 3.04.00' />
  <meta name='ocr-capabilities' content='ocr_page ocr_carea ocr_par ocr_line ocrx_word'/>
</head>
<body>
  <div class='ocr_page' id='page_1' title='image "bractonsnoteboo03maitgoog_0342.png"; bbox 0 0 3167 5075; ppageno 0'>
   <div class='ocr_carea' id='block_1_1' title="bbox 373 371 1246 451">
    <p class='ocr_par' dir='ltr' id='par_1_1' title="bbox 373 371 1246 451">
     <span class='ocr_line' id='line_1_1' title="bbox 373 371 1246 451; baseline -0.006 -12"><span class='ocrx_word' id='word_1_1' title='bbox 373 378 436 451; x_wconf 76' lang='lat'>328</span> <span class='ocrx_word' id='word_1_2' title='bbox 604 386 839 449; x_wconf 74' lang='grc' dir='ltr'>ιιιοιιιιιιιιιε,</span> <span class='ocrx_word' id='word_1_3' title='bbox 860 386 924 436; x_wconf 80' lang='grc' dir='ltr'>ιιι.</span> <span class='ocrx_word' id='word_1_4' title='bbox 948 371 1043 448; x_wconf 77' lang='lat'>1217,</span> <span class='ocrx_word' id='word_1_5' title='bbox 1065 384 1129 437; x_wconf 75' lang='grc' dir='ltr'>ιιι.</span> <span class='ocrx_word' id='word_1_6' title='bbox 1152 373 1246 435; x_wconf 81' lang='lat'><strong>1-2.</strong></span> 
     </span>
    </p>
   </div>
   <div class='ocr_carea' id='block_1_2' title="bbox 262 558 1463 2936">
    <p class='ocr_par' dir='ltr' id='par_1_2' title="bbox 262 558 1462 2936">
     <span class='ocr_line' id='line_1_2' title="bbox 373 558 1454 648; baseline -0.008 -17"><span class='ocrx_word' id='word_1_7' title='bbox 373 574 458 631; x_wconf 82' lang='lat' dir='ltr'>terre</span> <span class='ocrx_word' id='word_1_8' title='bbox 475 586 550 629; x_wconf 89' lang='lat' dir='ltr'>cum</span> <span class='ocrx_word' id='word_1_9' title='bbox 569 569 650 648; x_wconf 89' lang='lat' dir='ltr'>pert.</span> <span class='ocrx_word' id='word_1_10' title='bbox 666 560 701 626; x_wconf 90' lang='lat' dir='ltr'>in</span> <span class='ocrx_word' id='word_1_11' title='bbox 721 561 939 634; x_wconf 79' lang='lat' dir='ltr'>Bokelintona</span> <span class='ocrx_word' id='word_1_12' title='bbox 959 570 999 626; x_wconf 89' lang='grc' dir='ltr'>ιιι</span> <span class='ocrx_word' id='word_1_13' title='bbox 1020 560 1142 631; x_wconf 66' lang='lat' dir='ltr'>dotem,</span> <span class='ocrx_word' id='word_1_14' title='bbox 1153 582 1246 627; x_wconf 81' lang='lat' dir='ltr'>suam</span> <span class='ocrx_word' id='word_1_15' title='bbox 1268 568 1303 625; x_wconf 90' lang='lat' dir='ltr'>et</span> <span class='ocrx_word' id='word_1_16' title='bbox 1325 568 1364 623; x_wconf 91' lang='lat' dir='ltr'>ut</span> <span class='ocrx_word' id='word_1_17' title='bbox 1385 558 1454 623; x_wconf 85' lang='lat' dir='ltr'>illsn</span> 
     </span>
     <span class='ocr_line' id='line_1_3' title="bbox 373 662 1455 737; baseline -0.009 -2"><span class='ocrx_word' id='word_1_18' title='bbox 373 670 460 735; x_wconf 89' lang='lat' dir='ltr'>unde</span> <span class='ocrx_word' id='word_1_19' title='bbox 482 665 639 731; x_wconf 81' lang='lat' dir='ltr'>Riccrdus</span> <span class='ocrx_word' id='word_1_20' title='bbox 661 665 713 730; x_wconf 89' lang='lat' dir='ltr'>uir</span> <span class='ocrx_word' id='word_1_21' title='bbox 734 688 814 730; x_wconf 89' lang='lat' dir='ltr'>suus</span> <span class='ocrx_word' id='word_1_22' title='bbox 835 686 907 729; x_wconf 78' lang='lat' dir='ltr'>cam</span> <span class='ocrx_word' id='word_1_23' title='bbox 929 664 1058 730; x_wconf 80' lang='lat' dir='ltr'>dotauit</span> <span class='ocrx_word' id='word_1_24' title='bbox 1078 672 1139 730; x_wconf 86' lang='lat' dir='ltr'>eto.</span> <span class='ocrx_word' id='word_1_25' title='bbox 1182 664 1226 737; x_wconf 83' lang='lat' dir='ltr'>Et</span> <span class='ocrx_word' id='word_1_26' title='bbox 1241 662 1415 728; x_wconf 88' lang='lat' dir='ltr'>Willelmus</span> <span class='ocrx_word' id='word_1_27' title='bbox 1429 670 1455 726; x_wconf 85' lang='lat' dir='ltr'>et</span> 
     </span>
     <span class='ocr_line' id='line_1_4' title="bbox 373 766 1456 859; baseline -0.007 -22"><span class='ocrx_word' id='word_1_28' title='bbox 373 770 535 859; x_wconf 80' lang='lat' dir='ltr'>Morgeris</span> <span class='ocrx_word' id='word_1_29' title='bbox 558 768 700 833; x_wconf 87' lang='lat' dir='ltr'>ueniunt</span> <span class='ocrx_word' id='word_1_30' title='bbox 726 776 761 833; x_wconf 92' lang='lat' dir='ltr'>et</span> <span class='ocrx_word' id='word_1_31' title='bbox 787 768 902 833; x_wconf 90' lang='lat' dir='ltr'>dicunt</span> <span class='ocrx_word' id='word_1_32' title='bbox 928 768 1014 855; x_wconf 91' lang='lat' dir='ltr'>quod</span> <span class='ocrx_word' id='word_1_33' title='bbox 1033 776 1127 833; x_wconf 79' lang='lat' dir='ltr'>&#39;term</span> <span class='ocrx_word' id='word_1_34' title='bbox 1154 768 1212 833; x_wconf 80' lang='lat' dir='ltr'>illc</span> <span class='ocrx_word' id='word_1_35' title='bbox 1240 776 1290 832; x_wconf 74' lang='lat' dir='ltr'>est</span> <span class='ocrx_word' id='word_1_36' title='bbox 1318 766 1456 831; x_wconf 70' lang='lat' dir='ltr'><strong>hereditas</strong></span> 
     </span>
     <span class='ocr_line' id='line_1_5' title="bbox 372 870 1458 959; baseline -0.007 -18"><span class='ocrx_word' id='word_1_37' title='bbox 372 873 532 941; x_wconf 81' lang='lat' dir='ltr'>Johsnnis</span> <span class='ocrx_word' id='word_1_38' title='bbox 546 872 606 937; x_wconf 87' lang='lat' dir='ltr'>filii</span> <span class='ocrx_word' id='word_1_39' title='bbox 620 872 671 938; x_wconf 88' lang='lat' dir='ltr'>sui</span> <span class='ocrx_word' id='word_1_40' title='bbox 686 881 720 937; x_wconf 90' lang='lat' dir='ltr'>ct</span> <span class='ocrx_word' id='word_1_41' title='bbox 736 872 864 937; x_wconf 88' lang='lat' dir='ltr'>heredis</span> <span class='ocrx_word' id='word_1_42' title='bbox 878 872 1030 959; x_wconf 83' lang='lat' dir='ltr'>Hugonis</span> <span class='ocrx_word' id='word_1_43' title='bbox 1047 872 1167 937; x_wconf 86' lang='lat' dir='ltr'>Turold</span> <span class='ocrx_word' id='word_1_44' title='bbox 1182 880 1217 936; x_wconf 90' lang='lat' dir='ltr'>et</span> <span class='ocrx_word' id='word_1_45' title='bbox 1237 871 1313 936; x_wconf 90' lang='lat' dir='ltr'>inde</span> <span class='ocrx_word' id='word_1_46' title='bbox 1333 880 1389 935; x_wconf 76' lang='lat' dir='ltr'>etc</span> <span class='ocrx_word' id='word_1_47' title='bbox 1423 870 1458 933; x_wconf 85' lang='lat' dir='ltr'>Et</span> 
     </span>
     <span class='ocr_line' id='line_1_6' title="bbox 373 974 1457 1066; baseline -0.005 -24"><span class='ocrx_word' id='word_1_48' title='bbox 373 986 485 1066; x_wconf 82' lang='lat' dir='ltr'>postes</span> <span class='ocrx_word' id='word_1_49' title='bbox 506 976 646 1052; x_wconf 85' lang='lat' dir='ltr'>ueniunt</span> <span class='ocrx_word' id='word_1_50' title='bbox 667 984 701 1041; x_wconf 90' lang='lat' dir='ltr'>et</span> <span class='ocrx_word' id='word_1_51' title='bbox 721 975 836 1041; x_wconf 88' lang='lat' dir='ltr'>dicunt</span> <span class='ocrx_word' id='word_1_52' title='bbox 857 975 945 1062; x_wconf 90' lang='lat' dir='ltr'>quod</span> <span class='ocrx_word' id='word_1_53' title='bbox 965 975 1105 1042; x_wconf 80' lang='lat' dir='ltr'>Oluricis</span> <span class='ocrx_word' id='word_1_54' title='bbox 1122 976 1224 1040; x_wconf 81' lang='lat' dir='ltr'>habet</span> <span class='ocrx_word' id='word_1_55' title='bbox 1237 975 1346 1040; x_wconf 88' lang='lat' dir='ltr'>uirum</span> <span class='ocrx_word' id='word_1_56' title='bbox 1359 974 1457 1059; x_wconf 92' lang='lat' dir='ltr'>dequo</span> 
     </span>
     <span class='ocr_line' id='line_1_7' title="bbox 374 1078 1458 1166; baseline -0.003 -20"><span class='ocrx_word' id='word_1_57' title='bbox 374 1081 464 1147; x_wconf 77' lang='lat' dir='ltr'>nulla</span> <span class='ocrx_word' id='word_1_58' title='bbox 477 1080 602 1145; x_wconf 84' lang='lat' dir='ltr'>mencio</span> <span class='ocrx_word' id='word_1_59' title='bbox 618 1079 705 1144; x_wconf 79' lang='lat' dir='ltr'>facta</span> <span class='ocrx_word' id='word_1_60' title='bbox 718 1087 768 1145; x_wconf 87' lang='lat' dir='ltr'>est</span> <span class='ocrx_word' id='word_1_61' title='bbox 782 1078 818 1143; x_wconf 88' lang='lat' dir='ltr'>in</span> <span class='ocrx_word' id='word_1_62' title='bbox 833 1078 927 1145; x_wconf 89' lang='lat' dir='ltr'>breui</span> <span class='ocrx_word' id='word_1_63' title='bbox 941 1080 1011 1144; x_wconf 90' lang='lat' dir='ltr'>sine</span> <span class='ocrx_word' id='word_1_64' title='bbox 1025 1101 1090 1166; x_wconf 93' lang='lat' dir='ltr'>quo</span> <span class='ocrx_word' id='word_1_65' title='bbox 1103 1080 1220 1151; x_wconf 89' lang='lat' dir='ltr'>nolunt</span> <span class='ocrx_word' id='word_1_66' title='bbox 1240 1080 1272 1145; x_wconf 90' lang='lat' dir='ltr'>ei</span> <span class='ocrx_word' id='word_1_67' title='bbox 1290 1078 1458 1165; x_wconf 86' lang='lat' dir='ltr'>respondere</span> 
     </span>
     <span class='ocr_line' id='line_1_8' title="bbox 262 1182 1458 1271; baseline -0.002 -21"><span class='ocrx_word' id='word_1_68' title='bbox 262 1251 265 1257; x_wconf 83' lang='grc'><em>,</em></span> <span class='ocrx_word' id='word_1_69' title='bbox 374 1184 437 1265; x_wconf 76' lang='lat' dir='ltr'>nisi</span> <span class='ocrx_word' id='word_1_70' title='bbox 456 1184 546 1250; x_wconf 81' lang='lat' dir='ltr'>curin</span> <span class='ocrx_word' id='word_1_71' title='bbox 564 1192 634 1263; x_wconf 84' lang='lat' dir='ltr'>etc,</span> <span class='ocrx_word' id='word_1_72' title='bbox 655 1192 689 1249; x_wconf 88' lang='lat' dir='ltr'>et</span> <span class='ocrx_word' id='word_1_73' title='bbox 713 1182 852 1250; x_wconf 79' lang='lat' dir='ltr'>Clericia</span> <span class='ocrx_word' id='word_1_74' title='bbox 873 1182 934 1248; x_wconf 89' lang='lat' dir='ltr'>hoc</span> <span class='ocrx_word' id='word_1_75' title='bbox 956 1206 1022 1248; x_wconf 89' lang='lat' dir='ltr'>non</span> <span class='ocrx_word' id='word_1_76' title='bbox 1045 1184 1154 1271; x_wconf 89' lang='lat' dir='ltr'>potuit</span> <span class='ocrx_word' id='word_1_77' title='bbox 1178 1184 1327 1250; x_wconf 86' lang='lat' dir='ltr'>dedicere</span> <span class='ocrx_word' id='word_1_78' title='bbox 1351 1193 1383 1249; x_wconf 91' lang='lat' dir='ltr'>et</span> <span class='ocrx_word' id='word_1_79' title='bbox 1402 1184 1458 1248; x_wconf 91' lang='lat' dir='ltr'>ideo</span> 
     </span>
     <span class='ocr_line' id='line_1_9' title="bbox 374 1289 520 1357; baseline -0.007 -1"><span class='ocrx_word' id='word_1_80' title='bbox 374 1292 443 1357; x_wconf 85' lang='lat' dir='ltr'>sine</span> <span class='ocrx_word' id='word_1_81' title='bbox 458 1289 520 1355; x_wconf 88' lang='lat' dir='ltr'>die.</span> 
     </span>
     <span class='ocr_line' id='line_1_10' title="bbox 290 1390 1459 1479; baseline -0.006 -20"><span class='ocrx_word' id='word_1_82' title='bbox 290 1410 303 1427; x_wconf 69' lang='lat'>⁸</span> <span class='ocrx_word' id='word_1_83' title='bbox 328 1457 335 1470; x_wconf 74' lang='grc'><em>,</em></span> <span class='ocrx_word' id='word_1_84' title='bbox 438 1393 550 1458; x_wconf 81' lang='lat' dir='ltr'>Assisn</span> <span class='ocrx_word' id='word_1_85' title='bbox 578 1390 671 1457; x_wconf 90' lang='lat' dir='ltr'>uenit</span> <span class='ocrx_word' id='word_1_86' title='bbox 696 1391 904 1478; x_wconf 73' lang='lat' dir='ltr'>recognitmu</span> <span class='ocrx_word' id='word_1_87' title='bbox 928 1391 1001 1477; x_wconf 89' lang='lat' dir='ltr'>quis</span> <span class='ocrx_word' id='word_1_88' title='bbox 1026 1393 1203 1458; x_wconf 77' lang='lat' dir='ltr'>aduocatos</span> <span class='ocrx_word' id='word_1_89' title='bbox 1225 1400 1370 1479; x_wconf 84' lang='lat' dir='ltr'>tempore</span> <span class='ocrx_word' id='word_1_90' title='bbox 1389 1390 1459 1477; x_wconf 80' lang='lat' dir='ltr'>posis</span> 
     </span>
     <span class='ocr_line' id='line_1_11' title="bbox 316 1495 1458 1585; baseline -0.003 -21"><span class='ocrx_word' id='word_1_91' title='bbox 316 1535 321 1547; x_wconf 94' lang='lat'><em>·</em></span> <span class='ocrx_word' id='word_1_92' title='bbox 374 1496 575 1585; x_wconf 83' lang='lat' dir='ltr'>presentnuit</span> <span class='ocrx_word' id='word_1_93' title='bbox 597 1496 748 1561; x_wconf 81' lang='lat' dir='ltr'><strong>ultimam</strong></span> <span class='ocrx_word' id='word_1_94' title='bbox 770 1517 940 1582; x_wconf 77' lang='lat' dir='ltr'><strong>personam</strong></span> <span class='ocrx_word' id='word_1_95' title='bbox 962 1520 1026 1582; x_wconf 88' lang='lat' dir='ltr'>que</span> <span class='ocrx_word' id='word_1_96' title='bbox 1046 1506 1175 1561; x_wconf 82' lang='lat' dir='ltr'>mortus</span> <span class='ocrx_word' id='word_1_97' title='bbox 1193 1504 1244 1561; x_wconf 89' lang='lat' dir='ltr'>est</span> <span class='ocrx_word' id='word_1_98' title='bbox 1258 1496 1301 1561; x_wconf 80' lang='lat' dir='ltr'>sd</span> <span class='ocrx_word' id='word_1_99' title='bbox 1316 1495 1458 1561; x_wconf 77' lang='lat' dir='ltr'>ecclesium</span> 
     </span>
     <span class='ocr_line' id='line_1_12' title="bbox 375 1598 1459 1685; baseline -0.005 -18"><span class='ocrx_word' id='word_1_100' title='bbox 375 1604 416 1673; x_wconf 89' lang='lat' dir='ltr'>dc</span> <span class='ocrx_word' id='word_1_101' title='bbox 445 1602 612 1667; x_wconf 83' lang='lat' dir='ltr'>Hsmtonu</span> <span class='ocrx_word' id='word_1_102' title='bbox 640 1599 675 1664; x_wconf 89' lang='lat' dir='ltr'>in</span> <span class='ocrx_word' id='word_1_103' title='bbox 707 1598 864 1678; x_wconf 84' lang='lat' dir='ltr'>Arderne,</span> <span class='ocrx_word' id='word_1_104' title='bbox 893 1623 958 1685; x_wconf 87' lang='lat' dir='ltr'>que</span> <span class='ocrx_word' id='word_1_105' title='bbox 992 1610 1088 1667; x_wconf 74' lang='lat' dir='ltr'>uacat</span> <span class='ocrx_word' id='word_1_106' title='bbox 1123 1609 1194 1677; x_wconf 82' lang='lat' dir='ltr'>etc,</span> <span class='ocrx_word' id='word_1_107' title='bbox 1224 1600 1320 1665; x_wconf 88' lang='lat' dir='ltr'>cuius</span> <span class='ocrx_word' id='word_1_108' title='bbox 1347 1600 1459 1664; x_wconf 76' lang='lat' dir='ltr'>uduorn-</span> 
     </span>
     <span class='ocr_line' id='line_1_13' title="bbox 375 1703 1459 1771; baseline 0 -2"><span class='ocrx_word' id='word_1_109' title='bbox 375 1706 500 1771; x_wconf 90' lang='lat' dir='ltr'>cionem</span> <span class='ocrx_word' id='word_1_110' title='bbox 524 1703 709 1769; x_wconf 88' lang='lat' dir='ltr'>Willelmus</span> <span class='ocrx_word' id='word_1_111' title='bbox 734 1704 776 1768; x_wconf 89' lang='lat' dir='ltr'>dc</span> <span class='ocrx_word' id='word_1_112' title='bbox 803 1704 971 1769; x_wconf 81' lang='lat' dir='ltr'>Hnmtone</span> <span class='ocrx_word' id='word_1_113' title='bbox 995 1704 1031 1769; x_wconf 90' lang='lat' dir='ltr'>in</span> <span class='ocrx_word' id='word_1_114' title='bbox 1054 1705 1201 1770; x_wconf 83' lang='lat' dir='ltr'>Arderne</span> <span class='ocrx_word' id='word_1_115' title='bbox 1224 1705 1346 1770; x_wconf 73' lang='lat' dir='ltr'>clamat</span> <span class='ocrx_word' id='word_1_116' title='bbox 1368 1724 1459 1769; x_wconf 80' lang='lat' dir='ltr'>uersus</span> 
     </span>
     <span class='ocr_line' id='line_1_14' title="bbox 375 1805 1460 1894; baseline -0.001 -21"><span class='ocrx_word' id='word_1_117' title='bbox 375 1809 517 1881; x_wconf 83' lang='lat' dir='ltr'>Priorem</span> <span class='ocrx_word' id='word_1_118' title='bbox 545 1807 586 1872; x_wconf 91' lang='lat' dir='ltr'>de</span> <span class='ocrx_word' id='word_1_119' title='bbox 611 1807 855 1873; x_wconf 88' lang='lat' dir='ltr'>Kenillewrthe.</span> <span class='ocrx_word' id='word_1_120' title='bbox 898 1807 965 1887; x_wconf 81' lang='lat' dir='ltr'>Qui</span> <span class='ocrx_word' id='word_1_121' title='bbox 988 1808 1082 1873; x_wconf 88' lang='lat' dir='ltr'>uenit</span> <span class='ocrx_word' id='word_1_122' title='bbox 1105 1817 1140 1873; x_wconf 92' lang='lat' dir='ltr'>et</span> <span class='ocrx_word' id='word_1_123' title='bbox 1163 1808 1243 1873; x_wconf 90' lang='lat' dir='ltr'>dicit</span> <span class='ocrx_word' id='word_1_124' title='bbox 1272 1808 1359 1894; x_wconf 91' lang='lat' dir='ltr'>quod</span> <span class='ocrx_word' id='word_1_125' title='bbox 1380 1805 1460 1872; x_wconf 72' lang='lat' dir='ltr'>assim</span> 
     </span>
     <span class='ocr_line' id='line_1_15' title="bbox 375 1911 1460 1999; baseline -0.005 -20"><span class='ocrx_word' id='word_1_126' title='bbox 375 1922 440 1979; x_wconf 86' lang='lat' dir='ltr'>non</span> <span class='ocrx_word' id='word_1_127' title='bbox 459 1913 557 1979; x_wconf 90' lang='lat' dir='ltr'>debet</span> <span class='ocrx_word' id='word_1_128' title='bbox 577 1911 653 1977; x_wconf 88' lang='lat' dir='ltr'>inde</span> <span class='ocrx_word' id='word_1_129' title='bbox 673 1912 753 1989; x_wconf 87' lang='lat' dir='ltr'>fieri,</span> <span class='ocrx_word' id='word_1_130' title='bbox 772 1911 852 1997; x_wconf 78' lang='lat' dir='ltr'>quin</span> <span class='ocrx_word' id='word_1_131' title='bbox 871 1911 1004 1977; x_wconf 82' lang='lat' dir='ltr'>ecclesio</span> <span class='ocrx_word' id='word_1_132' title='bbox 1024 1912 1082 1977; x_wconf 76' lang='lat' dir='ltr'>illa</span> <span class='ocrx_word' id='word_1_133' title='bbox 1102 1935 1168 1977; x_wconf 89' lang='lat' dir='ltr'>non</span> <span class='ocrx_word' id='word_1_134' title='bbox 1189 1921 1295 1988; x_wconf 73' lang='lat' dir='ltr'>unoet,</span> <span class='ocrx_word' id='word_1_135' title='bbox 1315 1912 1390 1999; x_wconf 80' lang='lat' dir='ltr'>quis</span> <span class='ocrx_word' id='word_1_136' title='bbox 1406 1912 1460 1995; x_wconf 83' lang='lat' dir='ltr'>ipse</span> 
     </span>
     <span class='ocr_line' id='line_1_16' title="bbox 375 2014 1460 2103; baseline -0.002 -20"><span class='ocrx_word' id='word_1_137' title='bbox 375 2025 410 2083; x_wconf 86' lang='lat' dir='ltr'>et</span> <span class='ocrx_word' id='word_1_138' title='bbox 432 2016 490 2083; x_wconf 78' lang='lat' dir='ltr'>alii</span> <span class='ocrx_word' id='word_1_139' title='bbox 508 2014 653 2081; x_wconf 77' lang='lat' dir='ltr'>canonici</span> <span class='ocrx_word' id='word_1_140' title='bbox 675 2023 752 2080; x_wconf 91' lang='lat' dir='ltr'>sunt</span> <span class='ocrx_word' id='word_1_141' title='bbox 772 2015 849 2079; x_wconf 90' lang='lat' dir='ltr'>inde</span> <span class='ocrx_word' id='word_1_142' title='bbox 867 2038 1012 2101; x_wconf 67' lang='lat' dir='ltr'>persona</span> <span class='ocrx_word' id='word_1_143' title='bbox 1057 2016 1101 2081; x_wconf 90' lang='lat' dir='ltr'>Et</span> <span class='ocrx_word' id='word_1_144' title='bbox 1121 2016 1197 2081; x_wconf 89' lang='lat' dir='ltr'>inde</span> <span class='ocrx_word' id='word_1_145' title='bbox 1216 2017 1340 2103; x_wconf 81' lang='lat' dir='ltr'><strong>profert</strong></span> <span class='ocrx_word' id='word_1_146' title='bbox 1359 2025 1460 2081; x_wconf 75' lang='lat' dir='ltr'>curtum</span> 
     </span>
     <span class='ocr_line' id='line_1_17' title="bbox 375 2118 1460 2206; baseline -0.003 -20"><span class='ocrx_word' id='word_1_147' title='bbox 375 2120 533 2186; x_wconf 88' lang='lat' dir='ltr'>Willelmi</span> <span class='ocrx_word' id='word_1_148' title='bbox 557 2119 786 2186; x_wconf 85' lang='lat' dir='ltr'>Oouentrensis</span> <span class='ocrx_word' id='word_1_149' title='bbox 813 2118 979 2206; x_wconf 88' lang='lat' dir='ltr'>Episcopi¹</span> <span class='ocrx_word' id='word_1_150' title='bbox 1005 2143 1070 2206; x_wconf 89' lang='lat' dir='ltr'>quc</span> <span class='ocrx_word' id='word_1_151' title='bbox 1098 2121 1267 2186; x_wconf 81' lang='lat' dir='ltr'>confirmet</span> <span class='ocrx_word' id='word_1_152' title='bbox 1293 2121 1357 2185; x_wconf 92' lang='lat' dir='ltr'>illis</span> <span class='ocrx_word' id='word_1_153' title='bbox 1379 2119 1460 2185; x_wconf 80' lang='lat' dir='ltr'>eccle</span> 
     </span>
     <span class='ocr_line' id='line_1_18' title="bbox 375 2220 1461 2309; baseline -0.005 -18"><span class='ocrx_word' id='word_1_154' title='bbox 375 2225 457 2291; x_wconf 81' lang='lat' dir='ltr'>sium</span> <span class='ocrx_word' id='word_1_155' title='bbox 477 2223 567 2290; x_wconf 79' lang='lat' dir='ltr'>illam</span> <span class='ocrx_word' id='word_1_156' title='bbox 588 2224 624 2289; x_wconf 90' lang='lat' dir='ltr'>in</span> <span class='ocrx_word' id='word_1_157' title='bbox 646 2223 790 2309; x_wconf 89' lang='lat' dir='ltr'>proprios</span> <span class='ocrx_word' id='word_1_158' title='bbox 812 2244 890 2288; x_wconf 87' lang='lat' dir='ltr'>usus</span> <span class='ocrx_word' id='word_1_159' title='bbox 912 2231 972 2289; x_wconf 79' lang='lat' dir='ltr'>etc</span> <span class='ocrx_word' id='word_1_160' title='bbox 1028 2225 1072 2288; x_wconf 87' lang='lat' dir='ltr'>Et</span> <span class='ocrx_word' id='word_1_161' title='bbox 1090 2223 1275 2289; x_wconf 89' lang='lat' dir='ltr'>Willelrnus</span> <span class='ocrx_word' id='word_1_162' title='bbox 1294 2220 1461 2309; x_wconf 87' lang='lat' dir='ltr'>dicitquod</span> 
     </span>
     <span class='ocr_line' id='line_1_19' title="bbox 376 2326 1461 2440; baseline -0.008 -42"><span class='ocrx_word' id='word_1_163' title='bbox 376 2331 405 2399; x_wconf 83' lang='lat' dir='ltr'>si</span> <span class='ocrx_word' id='word_1_164' title='bbox 434 2329 611 2416; x_wconf 83' lang='lat' dir='ltr'>Episcopus</span> <span class='ocrx_word' id='word_1_165' title='bbox 640 2326 845 2392; x_wconf 76' lang='lat' dir='ltr'>confirmauit</span> <span class='ocrx_word' id='word_1_166' title='bbox 877 2326 925 2391; x_wconf 90' lang='lat' dir='ltr'>eis</span> <span class='ocrx_word' id='word_1_167' title='bbox 954 2326 1122 2393; x_wconf 75' lang='lat' dir='ltr'>ecclesium</span> <span class='ocrx_word' id='word_1_168' title='bbox 1155 2328 1246 2393; x_wconf 80' lang='lat' dir='ltr'>illem</span> <span class='ocrx_word' id='word_1_169' title='bbox 1275 2328 1313 2394; x_wconf 91' lang='lat' dir='ltr'>in</span> <span class='ocrx_word' id='word_1_170' title='bbox 1340 2326 1461 2440; x_wconf 80' lang='lat' dir='ltr'>proprios</span> 
     </span>
     <span class='ocr_line' id='line_1_20' title="bbox 376 2429 1462 2517; baseline -0.006 -18"><span class='ocrx_word' id='word_1_171' title='bbox 376 2456 462 2513; x_wconf 87' lang='lat' dir='ltr'>usus,</span> <span class='ocrx_word' id='word_1_172' title='bbox 485 2433 544 2497; x_wconf 81' lang='lat' dir='ltr'>lsoc</span> <span class='ocrx_word' id='word_1_173' title='bbox 571 2430 647 2497; x_wconf 85' lang='lat' dir='ltr'>fecit</span> <span class='ocrx_word' id='word_1_174' title='bbox 669 2430 790 2495; x_wconf 87' lang='lat' dir='ltr'>iniuste</span> <span class='ocrx_word' id='word_1_175' title='bbox 812 2438 848 2495; x_wconf 85' lang='lat' dir='ltr'>ct</span> <span class='ocrx_word' id='word_1_176' title='bbox 871 2438 983 2496; x_wconf 77' lang='lat' dir='ltr'>contra</span> <span class='ocrx_word' id='word_1_177' title='bbox 1005 2432 1259 2517; x_wconf 80' lang='lat' dir='ltr'>appellccionem</span> <span class='ocrx_word' id='word_1_178' title='bbox 1281 2456 1379 2509; x_wconf 78' lang='lat' dir='ltr'>susm,</span> <span class='ocrx_word' id='word_1_179' title='bbox 1399 2429 1462 2516; x_wconf 80' lang='lat' dir='ltr'>quin</span> 
     </span>
     <span class='ocr_line' id='line_1_21' title="bbox 374 2534 1461 2623; baseline -0.007 -20"><span class='ocrx_word' id='word_1_180' title='bbox 374 2539 529 2604; x_wconf 89' lang='lat' dir='ltr'>defuncto</span> <span class='ocrx_word' id='word_1_181' title='bbox 543 2534 670 2623; x_wconf 86' lang='lat' dir='ltr'>Rogero</span> <span class='ocrx_word' id='word_1_182' title='bbox 685 2559 742 2622; x_wconf 83' lang='lat' dir='ltr'>qur</span> <span class='ocrx_word' id='word_1_183' title='bbox 732 2534 874 2600; x_wconf 89' lang='lat' dir='ltr'>ultimo</span> <span class='ocrx_word' id='word_1_184' title='bbox 888 2534 970 2601; x_wconf 87' lang='lat' dir='ltr'>obiit</span> <span class='ocrx_word' id='word_1_185' title='bbox 987 2559 1124 2622; x_wconf 76' lang='lat' dir='ltr'>persona</span> <span class='ocrx_word' id='word_1_186' title='bbox 1142 2538 1288 2604; x_wconf 88' lang='lat' dir='ltr'>eiusdem</span> <span class='ocrx_word' id='word_1_187' title='bbox 1302 2535 1423 2603; x_wconf 75' lang='lat' dir='ltr'>ecclesie</span> <span class='ocrx_word' id='word_1_188' title='bbox 1434 2542 1461 2596; x_wconf 88' lang='lat' dir='ltr'>ct</span> 
     </span>
     <span class='ocr_line' id='line_1_22' title="bbox 375 2638 1463 2729; baseline -0.002 -22"><span class='ocrx_word' id='word_1_189' title='bbox 375 2643 419 2707; x_wconf 78' lang='lat' dir='ltr'>ad</span> <span class='ocrx_word' id='word_1_190' title='bbox 434 2640 708 2729; x_wconf 83' lang='lat' dir='ltr'>presentncioncm</span> <span class='ocrx_word' id='word_1_191' title='bbox 723 2638 869 2704; x_wconf 88' lang='lat' dir='ltr'>eiusdem</span> <span class='ocrx_word' id='word_1_192' title='bbox 883 2638 1049 2719; x_wconf 85' lang='lat' dir='ltr'>Willelmi,</span> <span class='ocrx_word' id='word_1_193' title='bbox 1064 2641 1177 2706; x_wconf 79' lang='lat' dir='ltr'>statim</span> <span class='ocrx_word' id='word_1_194' title='bbox 1194 2641 1392 2728; x_wconf 82' lang='lat' dir='ltr'>presentsuit</span> <span class='ocrx_word' id='word_1_195' title='bbox 1403 2660 1463 2725; x_wconf 85' lang='lat' dir='ltr'>per·</span> 
     </span>
     <span class='ocr_line' id='line_1_23' title="bbox 375 2741 1461 2859; baseline -0.001 -50"><span class='ocrx_word' id='word_1_196' title='bbox 375 2767 487 2809; x_wconf 82' lang='lat' dir='ltr'>sonam</span> <span class='ocrx_word' id='word_1_197' title='bbox 511 2743 605 2808; x_wconf 92' lang='lat' dir='ltr'>Dom</span> <span class='ocrx_word' id='word_1_198' title='bbox 628 2742 786 2859; x_wconf 82' lang='lat' dir='ltr'>Episcopo</span> <span class='ocrx_word' id='word_1_199' title='bbox 808 2750 842 2806; x_wconf 89' lang='lat' dir='ltr'>et</span> <span class='ocrx_word' id='word_1_200' title='bbox 865 2763 940 2806; x_wconf 93' lang='lat' dir='ltr'>cum</span> <span class='ocrx_word' id='word_1_201' title='bbox 963 2741 1033 2828; x_wconf 85' lang='lat' dir='ltr'>ipse</span> <span class='ocrx_word' id='word_1_202' title='bbox 1058 2743 1152 2808; x_wconf 89' lang='lat' dir='ltr'>illum</span> <span class='ocrx_word' id='word_1_203' title='bbox 1177 2744 1279 2810; x_wconf 83' lang='lat' dir='ltr'>nollet</span> <span class='ocrx_word' id='word_1_204' title='bbox 1300 2743 1461 2815; x_wconf 79' lang='lat' dir='ltr'>admittere,</span> 
     </span>
     <span class='ocr_line' id='line_1_24' title="bbox 375 2845 1462 2936; baseline -0.003 -23"><span class='ocrx_word' id='word_1_205' title='bbox 375 2847 555 2936; x_wconf 76' lang='lat' dir='ltr'>appellauit</span> <span class='ocrx_word' id='word_1_206' title='bbox 576 2870 635 2933; x_wconf 92' lang='lat' dir='ltr'>pro</span> <span class='ocrx_word' id='word_1_207' title='bbox 656 2847 726 2911; x_wconf 90' lang='lat' dir='ltr'>iure</span> <span class='ocrx_word' id='word_1_208' title='bbox 749 2869 809 2910; x_wconf 91' lang='lat' dir='ltr'>suo</span> <span class='ocrx_word' id='word_1_209' title='bbox 831 2854 901 2925; x_wconf 79' lang='lat' dir='ltr'>etc,</span> <span class='ocrx_word' id='word_1_210' title='bbox 923 2845 973 2912; x_wconf 81' lang='lat' dir='ltr'>ite</span> <span class='ocrx_word' id='word_1_211' title='bbox 998 2848 1135 2933; x_wconf 89' lang='lat' dir='ltr'>quod&#39;</span> <span class='ocrx_word' id='word_1_212' title='bbox 1109 2872 1139 2912; x_wconf 85' lang='grc' dir='ltr'>ιιι</span> <span class='ocrx_word' id='word_1_213' title='bbox 1164 2849 1243 2935; x_wconf 92' lang='lat' dir='ltr'>qnid</span> <span class='ocrx_word' id='word_1_214' title='bbox 1268 2858 1378 2936; x_wconf 81' lang='lat' dir='ltr'>posteo</span> <span class='ocrx_word' id='word_1_215' title='bbox 1399 2846 1462 2912; x_wconf 89' lang='lat' dir='ltr'>inde</span> 
     </span>
    </p>
   </div>
   <div class='ocr_carea' id='block_1_3' title="bbox 374 2942 1526 3663">
    <p class='ocr_par' dir='ltr' id='par_1_3' title="bbox 374 2942 1526 3558">
     <span class='ocr_line' id='line_1_25' title="bbox 375 2942 1526 3041; baseline -0.005 -23"><span class='ocrx_word' id='word_1_216' title='bbox 375 2960 487 3018; x_wconf 81' lang='lat' dir='ltr'>ectum</span> <span class='ocrx_word' id='word_1_217' title='bbox 501 2951 553 3029; x_wconf 86' lang='lat' dir='ltr'>sit,</span> <span class='ocrx_word' id='word_1_218' title='bbox 569 2952 690 3016; x_wconf 82' lang='lat' dir='ltr'>factum</span> <span class='ocrx_word' id='word_1_219' title='bbox 712 2959 761 3014; x_wconf 90' lang='lat' dir='ltr'>est</span> <span class='ocrx_word' id='word_1_220' title='bbox 781 2958 894 3014; x_wconf 80' lang='lat' dir='ltr'>contro</span> <span class='ocrx_word' id='word_1_221' title='bbox 913 2951 1080 3036; x_wconf 79' lang='lat' dir='ltr'>appellum</span> <span class='ocrx_word' id='word_1_222' title='bbox 1102 2975 1198 3017; x_wconf 89' lang='lat' dir='ltr'>suum</span> <span class='ocrx_word' id='word_1_223' title='bbox 1221 2961 1282 3018; x_wconf 90' lang='lat' dir='ltr'>etc</span> <span class='ocrx_word' id='word_1_224' title='bbox 1326 2953 1368 3018; x_wconf 91' lang='lat' dir='ltr'>Et</span> <span class='ocrx_word' id='word_1_225' title='bbox 1387 2951 1463 3016; x_wconf 88' lang='lat' dir='ltr'>Prior</span> <span class='ocrx_word' id='word_1_226' title='bbox 1524 2942 1526 3041; x_wconf 70' lang='lat' dir='ltr'>l</span> 
     </span>
     <span class='ocr_line' id='line_1_26' title="bbox 376 3046 1525 3142; baseline 0 -22"><span class='ocrx_word' id='word_1_227' title='bbox 376 3057 457 3122; x_wconf 91' lang='lat' dir='ltr'>dicit</span> <span class='ocrx_word' id='word_1_228' title='bbox 471 3056 557 3142; x_wconf 94' lang='lat' dir='ltr'>quod</span> <span class='ocrx_word' id='word_1_229' title='bbox 573 3054 749 3141; x_wconf 83' lang='lat' dir='ltr'>Episcopus</span> <span class='ocrx_word' id='word_1_230' title='bbox 764 3053 825 3118; x_wconf 83' lang='lat' dir='ltr'>lroc</span> <span class='ocrx_word' id='word_1_231' title='bbox 842 3055 906 3120; x_wconf 90' lang='lat' dir='ltr'>rite</span> <span class='ocrx_word' id='word_1_232' title='bbox 928 3055 1015 3133; x_wconf 91' lang='lat' dir='ltr'>fecit,</span> <span class='ocrx_word' id='word_1_233' title='bbox 1029 3056 1107 3141; x_wconf 78' lang='lat' dir='ltr'>quic</span> <span class='ocrx_word' id='word_1_234' title='bbox 1128 3056 1317 3142; x_wconf 78' lang='lat' dir='ltr'>priusquam</span> <span class='ocrx_word' id='word_1_235' title='bbox 1337 3065 1463 3122; x_wconf 76' lang='lat' dir='ltr'>anteoes</span> <span class='ocrx_word' id='word_1_236' title='bbox 1524 3046 1525 3135; x_wconf 80' lang='lat' dir='ltr'>l</span> 
     </span>
     <span class='ocr_line' id='line_1_27' title="bbox 376 3138 1525 3244; baseline -0.003 -18"><span class='ocrx_word' id='word_1_237' title='bbox 376 3183 461 3226; x_wconf 91' lang='lat' dir='ltr'>sores</span> <span class='ocrx_word' id='word_1_238' title='bbox 491 3159 634 3224; x_wconf 87' lang='lat' dir='ltr'>eiusdem</span> <span class='ocrx_word' id='word_1_239' title='bbox 664 3157 820 3222; x_wconf 87' lang='lat' dir='ltr'>Willelmi</span> <span class='ocrx_word' id='word_1_240' title='bbox 847 3158 972 3244; x_wconf 78' lang='lat' dir='ltr'>aliquid</span> <span class='ocrx_word' id='word_1_241' title='bbox 1001 3159 1193 3225; x_wconf 75' lang='lat' dir='ltr'>haberent&#39;</span> <span class='ocrx_word' id='word_1_242' title='bbox 1183 3183 1219 3224; x_wconf 92' lang='grc' dir='ltr'>ιιι</span> <span class='ocrx_word' id='word_1_243' title='bbox 1245 3170 1332 3226; x_wconf 77' lang='lat' dir='ltr'>terra</span> <span class='ocrx_word' id='word_1_244' title='bbox 1357 3160 1409 3224; x_wconf 81' lang='lat' dir='ltr'>ills</span> <span class='ocrx_word' id='word_1_245' title='bbox 1428 3155 1463 3222; x_wconf 84' lang='lat' dir='ltr'>sd</span> <span class='ocrx_word' id='word_1_246' title='bbox 1524 3138 1525 3207; x_wconf 81' lang='lat' dir='ltr'>l</span> 
     </span>
     <span class='ocr_line' id='line_1_28' title="bbox 375 3258 1525 3352; baseline 0.003 -24"><span class='ocrx_word' id='word_1_247' title='bbox 375 3286 473 3350; x_wconf 84' lang='lat' dir='ltr'>quum</span> <span class='ocrx_word' id='word_1_248' title='bbox 488 3262 545 3327; x_wconf 83' lang='lat' dir='ltr'>illa</span> <span class='ocrx_word' id='word_1_249' title='bbox 558 3261 730 3327; x_wconf 80' lang='lat' dir='ltr'>nduococio</span> <span class='ocrx_word' id='word_1_250' title='bbox 744 3261 887 3348; x_wconf 74' lang='lat' dir='ltr'>pertinet</span> <span class='ocrx_word' id='word_1_251' title='bbox 903 3263 1048 3349; x_wconf 75' lang='lat' dir='ltr'>Rogemus</span> <span class='ocrx_word' id='word_1_252' title='bbox 1062 3264 1104 3329; x_wconf 90' lang='lat' dir='ltr'>de</span> <span class='ocrx_word' id='word_1_253' title='bbox 1119 3264 1277 3330; x_wconf 84' lang='lat' dir='ltr'>Molbraio</span> <span class='ocrx_word' id='word_1_254' title='bbox 1291 3265 1347 3352; x_wconf 88' lang='lat' dir='ltr'>qui</span> <span class='ocrx_word' id='word_1_255' title='bbox 1360 3275 1462 3330; x_wconf 78' lang='lat' dir='ltr'>terrm</span> <span class='ocrx_word' id='word_1_256' title='bbox 1524 3258 1525 3317; x_wconf 72' lang='grc' dir='ltr'>ι</span> 
     </span>
     <span class='ocr_line' id='line_1_29' title="bbox 374 3365 1462 3436; baseline 0.002 -4"><span class='ocrx_word' id='word_1_257' title='bbox 374 3368 465 3432; x_wconf 85' lang='lat' dir='ltr'>illam</span> <span class='ocrx_word' id='word_1_258' title='bbox 490 3375 570 3432; x_wconf 90' lang='lat' dir='ltr'>tunc</span> <span class='ocrx_word' id='word_1_259' title='bbox 599 3366 707 3432; x_wconf 88' lang='lat' dir='ltr'>tenuit</span> <span class='ocrx_word' id='word_1_260' title='bbox 733 3365 825 3431; x_wconf 86' lang='lat' dir='ltr'>dedit</span> <span class='ocrx_word' id='word_1_261' title='bbox 850 3367 962 3431; x_wconf 91' lang='lat' dir='ltr'>domui</span> <span class='ocrx_word' id='word_1_262' title='bbox 987 3367 1028 3433; x_wconf 91' lang='lat' dir='ltr'>de</span> <span class='ocrx_word' id='word_1_263' title='bbox 1055 3368 1290 3436; x_wconf 86' lang='lat' dir='ltr'>Kenillewrthe</span> <span class='ocrx_word' id='word_1_264' title='bbox 1315 3367 1462 3435; x_wconf 80' lang='lat' dir='ltr'>ecclesium</span> 
     </span>
     <span class='ocr_line' id='line_1_30' title="bbox 375 3471 1412 3558; baseline 0.004 -24"><span class='ocrx_word' id='word_1_265' title='bbox 375 3471 463 3536; x_wconf 81' lang='lat' dir='ltr'>illum</span> <span class='ocrx_word' id='word_1_266' title='bbox 487 3493 545 3556; x_wconf 90' lang='lat' dir='ltr'>per</span> <span class='ocrx_word' id='word_1_267' title='bbox 568 3478 690 3534; x_wconf 76' lang='lat' dir='ltr'>curtem</span> <span class='ocrx_word' id='word_1_268' title='bbox 714 3493 806 3545; x_wconf 80' lang='lat' dir='ltr'>suam</span> <span class='ocrx_word' id='word_1_269' title='bbox 830 3493 929 3556; x_wconf 79' lang='lat' dir='ltr'>quam</span> <span class='ocrx_word' id='word_1_270' title='bbox 950 3471 1071 3556; x_wconf 83' lang='lat' dir='ltr'>profert</span> <span class='ocrx_word' id='word_1_271' title='bbox 1097 3481 1131 3538; x_wconf 91' lang='lat' dir='ltr'>et</span> <span class='ocrx_word' id='word_1_272' title='bbox 1158 3495 1222 3558; x_wconf 88' lang='lat' dir='ltr'>que</span> <span class='ocrx_word' id='word_1_273' title='bbox 1248 3473 1412 3539; x_wconf 73' lang='lat' dir='ltr'>hoctestc</span> 
     </span>
    </p>

    <p class='ocr_par' dir='ltr' id='par_1_4' title="bbox 375 3573 1462 3663">
     <span class='ocr_line' id='line_1_31' title="bbox 375 3573 1462 3663; baseline -0.003 -23"><span class='ocrx_word' id='word_1_274' title='bbox 375 3576 500 3641; x_wconf 85' lang='lat' dir='ltr'>Profert</span> <span class='ocrx_word' id='word_1_275' title='bbox 522 3573 624 3640; x_wconf 79' lang='lat' dir='ltr'>eciam</span> <span class='ocrx_word' id='word_1_276' title='bbox 647 3583 768 3640; x_wconf 79' lang='lat' dir='ltr'>curtam</span> <span class='ocrx_word' id='word_1_277' title='bbox 792 3573 911 3660; x_wconf 81' lang='lat' dir='ltr'>Rogeri</span> <span class='ocrx_word' id='word_1_278' title='bbox 932 3574 1161 3641; x_wconf 86' lang='lat' dir='ltr'>Oouentrensis</span> <span class='ocrx_word' id='word_1_279' title='bbox 1179 3576 1347 3663; x_wconf 83' lang='lat' dir='ltr'>Episcopi’</span> <span class='ocrx_word' id='word_1_280' title='bbox 1358 3577 1462 3642; x_wconf 88' lang='lat' dir='ltr'>donum</span> 
     </span>
    </p>
   </div>
   <div class='ocr_carea' id='block_1_4' title="bbox 374 3677 1464 4183">
    <p class='ocr_par' dir='ltr' id='par_1_5' title="bbox 374 3677 1464 4183">
     <span class='ocr_line' id='line_1_32' title="bbox 374 3677 1464 3768; baseline 0 -26"><span class='ocrx_word' id='word_1_281' title='bbox 374 3678 456 3743; x_wconf 88' lang='lat' dir='ltr'>illud</span> <span class='ocrx_word' id='word_1_282' title='bbox 485 3677 737 3744; x_wconf 83' lang='lat' dir='ltr'>confirmantem.</span> <span class='ocrx_word' id='word_1_283' title='bbox 782 3677 907 3744; x_wconf 87' lang='lat' dir='ltr'>Profert</span> <span class='ocrx_word' id='word_1_284' title='bbox 932 3679 1035 3744; x_wconf 83' lang='lat' dir='ltr'>eciam</span> <span class='ocrx_word' id='word_1_285' title='bbox 1059 3689 1182 3745; x_wconf 80' lang='lat' dir='ltr'>cartem</span> <span class='ocrx_word' id='word_1_286' title='bbox 1208 3681 1329 3768; x_wconf 86' lang='lat' dir='ltr'>Rogeri</span> <span class='ocrx_word' id='word_1_287' title='bbox 1351 3682 1389 3745; x_wconf 89' lang='lat' dir='ltr'>dc</span> <span class='ocrx_word' id='word_1_288' title='bbox 1410 3679 1464 3742; x_wconf 76' lang='lat' dir='ltr'>Ar-</span> 
     </span>
     <span class='ocr_line' id='line_1_33' title="bbox 374 3780 1463 3872; baseline -0.001 -25"><span class='ocrx_word' id='word_1_289' title='bbox 374 3784 472 3848; x_wconf 88' lang='lat' dir='ltr'>derne</span> <span class='ocrx_word' id='word_1_290' title='bbox 496 3781 598 3867; x_wconf 78' lang='lat' dir='ltr'>petris</span> <span class='ocrx_word' id='word_1_291' title='bbox 623 3781 723 3867; x_wconf 89' lang='lat' dir='ltr'>ipsius</span> <span class='ocrx_word' id='word_1_292' title='bbox 747 3780 904 3847; x_wconf 90' lang='lat' dir='ltr'>Willelmi</span> <span class='ocrx_word' id='word_1_293' title='bbox 929 3781 965 3846; x_wconf 93' lang='lat' dir='ltr'>in</span> <span class='ocrx_word' id='word_1_294' title='bbox 992 3805 1058 3868; x_wconf 84' lang='lat' dir='ltr'>qua</span> <span class='ocrx_word' id='word_1_295' title='bbox 1080 3785 1278 3862; x_wconf 76' lang='lat' dir='ltr'>continetur,</span> <span class='ocrx_word' id='word_1_296' title='bbox 1301 3785 1383 3872; x_wconf 91' lang='lat' dir='ltr'>quod</span> <span class='ocrx_word' id='word_1_297' title='bbox 1404 3783 1463 3867; x_wconf 82' lang='lat' dir='ltr'>ipse</span> 
     </span>
     <span class='ocr_line' id='line_1_34' title="bbox 374 3883 1463 3975; baseline 0 -24"><span class='ocrx_word' id='word_1_298' title='bbox 374 3886 583 3965; x_wconf 80' lang='lat' dir='ltr'>donacionem</span> <span class='ocrx_word' id='word_1_299' title='bbox 606 3883 737 3950; x_wconf 90' lang='lat' dir='ltr'>ecclesie</span> <span class='ocrx_word' id='word_1_300' title='bbox 758 3885 799 3950; x_wconf 89' lang='lat' dir='ltr'>de</span> <span class='ocrx_word' id='word_1_301' title='bbox 815 3886 989 3965; x_wconf 80' lang='lat' dir='ltr'>Hamtons,</span> <span class='ocrx_word' id='word_1_302' title='bbox 1004 3909 1102 3972; x_wconf 79' lang='lat' dir='ltr'>quum</span> <span class='ocrx_word' id='word_1_303' title='bbox 1117 3887 1264 3975; x_wconf 86' lang='lat' dir='ltr'>Rogerus</span> <span class='ocrx_word' id='word_1_304' title='bbox 1277 3890 1319 3954; x_wconf 91' lang='lat' dir='ltr'>de</span> <span class='ocrx_word' id='word_1_305' title='bbox 1334 3887 1463 3969; x_wconf 76' lang='lat' dir='ltr'>Molbrny</span> 
     </span>
     <span class='ocr_line' id='line_1_35' title="bbox 374 3987 1463 4061; baseline 0.006 -6"><span class='ocrx_word' id='word_1_306' title='bbox 374 3990 525 4056; x_wconf 89' lang='lat' dir='ltr'>dominus</span> <span class='ocrx_word' id='word_1_307' title='bbox 545 4010 623 4054; x_wconf 91' lang='lat' dir='ltr'>suus</span> <span class='ocrx_word' id='word_1_308' title='bbox 648 3988 740 4053; x_wconf 85' lang='lat' dir='ltr'>dedit</span> <span class='ocrx_word' id='word_1_309' title='bbox 766 3987 899 4054; x_wconf 89' lang='lat' dir='ltr'>ecclesie</span> <span class='ocrx_word' id='word_1_310' title='bbox 925 3990 966 4055; x_wconf 91' lang='lat' dir='ltr'>de</span> <span class='ocrx_word' id='word_1_311' title='bbox 993 3990 1227 4057; x_wconf 86' lang='lat' dir='ltr'>Kenillewrthe</span> <span class='ocrx_word' id='word_1_312' title='bbox 1252 4001 1288 4057; x_wconf 90' lang='lat' dir='ltr'>et</span> <span class='ocrx_word' id='word_1_313' title='bbox 1312 3988 1463 4061; x_wconf 55' lang='lat' dir='ltr'>cononici&amp;</span> 
     </span>
     <span class='ocr_line' id='line_1_36' title="bbox 375 4093 1462 4183; baseline -0.004 -24"><span class='ocrx_word' id='word_1_314' title='bbox 375 4093 530 4159; x_wconf 88' lang='lat' dir='ltr'>concessit</span> <span class='ocrx_word' id='word_1_315' title='bbox 552 4101 586 4158; x_wconf 88' lang='lat' dir='ltr'>et</span> <span class='ocrx_word' id='word_1_316' title='bbox 612 4115 683 4157; x_wconf 81' lang='lat' dir='ltr'>eam</span> <span class='ocrx_word' id='word_1_317' title='bbox 709 4093 837 4158; x_wconf 82' lang='lat' dir='ltr'>firmam</span> <span class='ocrx_word' id='word_1_318' title='bbox 863 4102 897 4158; x_wconf 90' lang='lat' dir='ltr'>et</span> <span class='ocrx_word' id='word_1_319' title='bbox 922 4093 1142 4161; x_wconf 78' lang='lat' dir='ltr'>inconcussam</span> <span class='ocrx_word' id='word_1_320' title='bbox 1166 4104 1325 4183; x_wconf 91' lang='lat' dir='ltr'>perpetuo</span> <span class='ocrx_word' id='word_1_321' title='bbox 1346 4113 1462 4160; x_wconf 78' lang='lat' dir='ltr'>manem</span> 
     </span>
    </p>
   </div>
   <div class='ocr_carea' id='block_1_5' title="bbox 376 4195 1463 4287">
    <p class='ocr_par' dir='ltr' id='par_1_6' title="bbox 376 4195 1463 4287">
     <span class='ocr_line' id='line_1_37' title="bbox 376 4195 1463 4287; baseline -0.003 -24"><span class='ocrx_word' id='word_1_322' title='bbox 376 4219 451 4263; x_wconf 90' lang='lat' dir='ltr'>cons</span> <span class='ocrx_word' id='word_1_323' title='bbox 452 4195 553 4262; x_wconf 89' lang='lat' dir='ltr'>tituit</span> <span class='ocrx_word' id='word_1_324' title='bbox 531 4195 722 4262; x_wconf 88' lang='lat' dir='ltr'>tProfert</span> <span class='ocrx_word' id='word_1_325' title='bbox 738 4195 840 4261; x_wconf 85' lang='lat' dir='ltr'>eciam</span> <span class='ocrx_word' id='word_1_326' title='bbox 855 4207 977 4264; x_wconf 83' lang='lat' dir='ltr'>curtam</span> <span class='ocrx_word' id='word_1_327' title='bbox 996 4199 1148 4287; x_wconf 87' lang='lat' dir='ltr'>Episcopi</span> <span class='ocrx_word' id='word_1_328' title='bbox 1169 4201 1332 4268; x_wconf 74' lang='lat' dir='ltr'>(leufridi⁸</span> <span class='ocrx_word' id='word_1_329' title='bbox 1350 4200 1463 4266; x_wconf 82' lang='lat' dir='ltr'>Concu·</span> 
     </span>
    </p>
   </div>
   <div class='ocr_carea' id='block_1_6' title="bbox 409 4351 1525 4482">
    <p class='ocr_par' dir='ltr' id='par_1_7' title="bbox 409 4351 1525 4482">
     <span class='ocr_line' id='line_1_38' title="bbox 409 4351 1525 4482; baseline 0.003 -79.072"><span class='ocrx_word' id='word_1_330' title='bbox 409 4351 642 4482; x_wconf 46' lang='lat' dir='ltr'>ldilhcddtco</span> <span class='ocrx_word' id='word_1_331' title='bbox 639 4355 733 4477; x_wconf 50' lang='grc' dir='ltr'>Ἓξ,</span> <span class='ocrx_word' id='word_1_332' title='bbox 736 4370 827 4473; x_wconf 68' lang='lat' dir='ltr'>clo1¹8</span> <span class='ocrx_word' id='word_1_333' title='bbox 795 4358 902 4411; x_wconf 75' lang='lat'>1215</span> <span class='ocrx_word' id='word_1_334' title='bbox 985 4359 1131 4424; x_wconf 67' lang='lat' dir='ltr'>‘cwnrey</span> <span class='ocrx_word' id='word_1_335' title='bbox 1139 4360 1300 4426; x_wconf 76' lang='lat' dir='ltr'>Musohsmp,</span> <span class='ocrx_word' id='word_1_336' title='bbox 1308 4357 1464 4412; x_wconf 68' lang='lat' dir='ltr'>nos—12⁰8</span> <span class='ocrx_word' id='word_1_337' title='bbox 1524 4428 1525 4431; x_wconf 8' lang='grc' dir='ltr'><strong>Ἴ</strong></span> 
     </span>
    </p>
   </div>
   <div class='ocr_carea' id='block_1_7' title="bbox 0 0 1595 5075">
    <p class='ocr_par' dir='ltr' id='par_1_8' title="bbox 0 0 1595 5075">
     <span class='ocr_line' id='line_1_39' title="bbox 0 0 1595 5075; baseline 0 0"><span class='ocrx_word' id='word_1_338' title='bbox 0 0 1595 5075; x_wconf 95' lang='lat' dir='ltr'> </span> 
     </span>
    </p>
   </div>
  </div>
 </body>
</html>
