3167 5075
324 390 387 456 572
621 403 758 464 meran,
781 403 846 452 nn.
872 391 966 466 1226,
987 405 1051 456 aa
1075 394 1128 458 10.

321 573 403 640 obiit
421 573 551 639 seiaitue
570 573 611 640 de
631 573 766 638 aemioio
788 572 854 652 illo,
868 582 903 639 et
924 573 998 658 ideo
1018 573 1048 640 ai
1068 575 1160 640 ouria
1178 575 1423 642 considerauerit

321 679 407 765 quod
422 699 519 764 anper
533 677 592 743 hoo
607 678 726 744 debeat
740 678 932 764 respondere
946 679 1034 744 dicet
1048 679 1146 744 aliud

387 782 431 847 Et
447 781 562 848 Comes
580 782 660 846 dicit
680 782 766 868 quod
786 781 871 868 ipae¹
890 783 1018 846 nullum
1040 783 1215 848 seminium
1234 784 1313 850 facit
1331 785 1425 850 Dona

320 888 414 975 Regi,
429 911 488 953 neo
503 911 659 974 umquam
674 888 760 966 fecit,
775 897 811 952 et
825 888 899 954 ideo
913 898 1004 954 carta
1022 889 1116 956 Dona
1137 889 1238 976 Regia
1251 913 1316 954 non
1330 888 1426 954 debet

321 993 353 1059 ei
366 1015 490 1058 nocere.
1082 1053 1088 1064 .

386 1097 430 1162 Et
459 1097 646 1162 Willelmue
675 1096 755 1163 dicit
781 1096 868 1185 quod
893 1096 988 1164 Dom.
1014 1097 1085 1162 Rex
1109 1096 1219 1162 estin
1244 1095 1365 1162 eeisina
1387 1097 1426 1162 do
1543 1122 1544 1125 ¹

320 1201 456 1265 aeruioio
476 1223 533 1266 suo
551 1201 575 1288 j.
592 1201 715 1278 militia,
736 1209 771 1266 et
788 1202 849 1267 hoo
871 1202 954 1267 bene
975 1210 1070 1288 patet
1091 1201 1170 1287 quia
1190 1210 1261 1266 toto
1285 1209 1427 1287 tempore

319 1325 435 1391 guerre
456 1304 520 1369 fuit
542 1303 577 1369 in
597 1313 702 1369 castro
723 1304 849 1370 Oxonie
868 1304 999 1370 nomine
1014 1304 1103 1370 illius
1116 1303 1255 1380 aemioii,
1269 1312 1304 1368 et
1317 1313 1429 1389 postea

320 1409 384 1474 fuit
398 1407 433 1474 in
445 1407 609 1474 obsidione
622 1408 718 1474 oaatri
734 1407 933 1485 Bedefordio,
945 1416 980 1473 et
994 1407 1096 1472 eciam
1110 1430 1199 1472 nuno
1214 1407 1313 1471 habet
1324 1429 1427 1471 unum

320 1511 459 1576 militem
475 1511 509 1576 in
524 1511 695 1576 Waaoonia
714 1510 749 1574 in
763 1512 901 1576 aeruioio
915 1511 1009 1578 Dom.
1024 1510 1126 1598 Regis
1140 1533 1215 1575 oum
1230 1511 1329 1574 fratre
1346 1512 1429 1576 auo'.
1544 1570 1545 1589 ,

386 1615 430 1680 Et
446 1615 562 1681 Comes
575 1615 661 1701 petit
677 1617 763 1702 quod
777 1615 877 1680 rotuli
889 1623 1068 1702 querantur
1078 1615 1113 1681 in
1124 1615 1244 1700 quibus
1253 1615 1432 1685 seruicium

320 1741 415 1785 suum
434 1720 591 1806 seriptum
613 1720 665 1786 sit.
711 1719 959 1786 consideratum
982 1728 1032 1785 eet
1054 1721 1141 1807 quod
1163 1728 1241 1784 eant
1262 1720 1341 1786 inde
1363 1721 1431 1784 aine

320 1822 374 1888 die
404 1845 505 1908 usque
536 1823 577 1886 ad
607 1831 730 1888 etatem
760 1823 855 1888 Dom.
885 1822 993 1909 Regis,
1022 1831 1057 1888 et
1080 1831 1159 1888 tuno
1180 1823 1210 1887 ei
1228 1823 1324 1890 Dom.
1347 1823 1433 1910 Regi

320 1925 486 2012 placuerit,
501 1924 694 2011 respondeat
709 1926 874 2012 predictus
891 1925 1073 1992 Willelmua
1088 1935 1147 1991 etc.
1545 1996 1546 1999 ,

385 2027 564 2094 'Radulsus
590 2028 631 2094 de
661 2029 748 2115 Bray
776 2028 977 2094 attachiatua
1007 2029 1071 2094 fuit
1099 2028 1142 2094 ad
1170 2027 1433 2114 respondendum

199 2155 227 2184 n
273 2171 279 2184 ·
321 2129 464 2195 Roberto
479 2131 546 2195 filio
561 2131 673 2196 Iuonia
689 2153 789 2218 quare
809 2132 897 2218 oepit
919 2132 1038 2196 catalla
1058 2153 1119 2196 sua
1136 2130 1222 2197 siout
1243 2131 1382 2196 bladum
1400 2142 1435 2196 et

321 2233 386 2298 alia
400 2233 442 2300 ad
458 2233 638 2298 ualeneiam
654 2257 703 2300 xv.
719 2257 825 2312 maro,
840 2235 918 2320 qnia
928 2235 1008 2300 dicit
1023 2235 1110 2322 quod
1124 2235 1194 2321 ipae
1206 2244 1241 2302 et
1251 2236 1435 2301 aemientea

321 2339 374 2404 sui
403 2347 564 2404 uenerunt
593 2340 629 2404 in
658 2340 751 2404 feodo
777 2361 836 2404 suo
865 2348 900 2405 et
928 2339 965 2404 ui
993 2349 1029 2405 et
1056 2340 1156 2405 armis
1179 2348 1436 2426 asportauenmt
1546 2374 1547 2379 κ

321 2442 453 2508 bladum
470 2465 566 2508 auum
581 2451 640 2508 eto.
657 2451 692 2508 et
706 2443 766 2508 hoo
781 2443 876 2508 offert
890 2452 952 2510 eto.

387 2548 431 2611 Et
447 2547 607 2613 Radulfus
621 2548 715 2612 uenit
729 2556 763 2613 et
778 2547 926 2615 defendit
936 2548 1006 2613 uim
1017 2556 1051 2615 et
1062 2548 1215 2614 iniuriam
1226 2558 1261 2615 et
1272 2549 1435 2617 iniustam

322 2651 506 2738 oapeionem
523 2661 557 2717 et
574 2652 654 2717 dicit
675 2652 761 2739 quod
780 2651 868 2717 idem
892 2653 1055 2718 Robertua
1074 2653 1236 2719 commisit
1256 2655 1437 2740 quamdam

322 2766 442 2821 terram
468 2756 597 2821 cuidam
627 2755 768 2843 Rogero‘
801 2756 832 2821 le
861 2757 1019 2821 Bueheler
1046 2757 1090 2823 ad
1117 2758 1254 2836 firmam,
1282 2766 1318 2823 et
1345 2760 1436 2824 idem

322 2860 484 2947 Rogerue⁵
498 2860 684 2925 submersus
703 2860 777 2937 fuit,
792 2869 828 2924 et
849 2859 920 2945 ipso
939 2860 1093 2925 defuncto
1115 2860 1209 2926 uenit
1231 2862 1334 2926 frater
1355 2884 1438 2928 auus

322 2965 468 3052 Rogerue
483 2972 516 3029 et
531 2964 669 3028 intrauit
683 2964 719 3028 in
734 2972 853 3029 terram
869 2964 960 3029 illam
973 2986 1033 3051 per
1043 2966 1297 3036 conuenoionem
1309 2967 1436 3031 foetam

322 3069 409 3135 inter
417 3068 598 3134 Robertum
611 3076 645 3133 et
656 3068 808 3145 Alanum,
820 3076 855 3133 et
867 3076 946 3134 tunc
956 3068 1085 3155 rogauit
1096 3070 1236 3135 eundern
1252 3071 1438 3137 Radulfum

324 3182 361 3237 ut
376 3181 505 3259 caperet
521 3171 697 3237 terminum
713 3193 820 3247 suum,
834 3180 869 3236 et
883 3170 971 3237 idem
990 3172 1150 3237 Radulfus
1166 3174 1208 3237 ad
1232 3174 1438 3259 peticionem

322 3299 414 3343 suam
444 3276 531 3362 oepit
562 3274 803 3347 terramillam
832 3282 867 3339 et
896 3297 969 3341 eam
998 3275 1099 3340 coluit
1121 3285 1156 3341 et
1180 3278 1357 3341 waretauit
1376 3276 1383 3363 Ι
1404 3288 1439 3343 et

322 3382 506 3459 seminauit,
536 3388 569 3445 et
599 3401 695 3464 super
724 3378 784 3443 hoo
814 3379 907 3443 uenit
936 3378 1099 3445 Robertua
1128 3388 1163 3445 et
1196 3380 1275 3445 feeit
1302 3392 1438 3447 metere

322 3484 456 3550 bladum
485 3504 580 3547 suum
611 3490 645 3546 et
671 3481 760 3545 idem
789 3480 951 3547 Radulfua
976 3481 1058 3549 illud
1081 3482 1272 3569 asportauit,
1299 3492 1339 3548 et
1372 3484 1440 3549 alio

323 3588 417 3653 modo
432 3587 532 3652 nichil
548 3587 579 3651 ei
594 3585 738 3652 abstulit.

389 3693 433 3757 Et
449 3692 610 3757 Robertue
625 3690 706 3755 dicit
727 3690 813 3776 quod
833 3712 1002 3777 nunquam
1023 3690 1160 3757 tradidit
1180 3691 1286 3757 Alano
1309 3700 1441 3758 terram

322 3801 411 3866 illam
449 3800 490 3865 ad
527 3800 652 3864 finnam
683 3799 746 3863 nisi
776 3800 837 3864 tali
866 3801 961 3865 modo
990 3801 1077 3887 quod
1106 3801 1195 3865 illam
1224 3801 1347 3867 coleret
1379 3825 1441 3887 pro

322 3904 497 3971 medietate
518 3903 629 3981 bladi⁶,
649 3902 698 3969 ita
719 3902 807 3989 quod
822 3904 969 3989 proximo
990 3912 1172 3990 autumpno
1193 3912 1270 3969 ante
1289 3914 1439 3971 mortem

354 4096 503 4148 ¹William
901 4096 965 4147 with
975 4096 1097 4155 Riohard,
1109 4096 1250 4160 thaking’a
1259 4096 1382 4149 brother.

353 4162 364 4193 ²
380 4162 480 4225 During
498 4162 780 4212 thowaroi1215—6
797 4162 851 4213 end
933 4162 991 4211 ΙΒ.
1002 4178 1038 4214 m
1052 4162 1105 4212 td.

320 4227 397 4288 again
413 4226 486 4277 when
503 4226 610 4277 Fawkea
627 4228 656 4278 oi
670 4228 780 4277 Breautt
797 4243 850 4277 wan
932 4228 944 4260 ⁴
960 4228 1033 4277 Gorr.
1045 4230 1135 4287 Aluan,
1146 4226 1178 4277 B.

320 4292 439 4354 besieged
466 4297 495 4341 ot
522 4292 641 4351 Bedtord.
665 4292 781 4342 Williom
804 4292 849 4342 did
932 4293 943 4325 ⁸
962 4293 1012 4351 Sia.
1025 4294 1060 4352 Βς
1078 4308 1143 4345 oorr.
1156 4295 1253 4343 Alam
1264 4292 1306 4353 (⁶2).

319 4357 412 4419 knight
429 4357 531 4413 serviae.
549 4357 602 4407 und
618 4362 646 4407 nt
663 4357 715 4407 thia
732 4362 849 4407 moment
933 4358 1028 4409 ‘Alea
1046 4374 1100 4409 war
1116 4362 1144 4409 to
1160 4358 1283 4409 oultivuta
1298 4372 1330 4407 u
1347 4372 1368 4408 ι
1385 4373 1442 4407 me

318 4422 350 4472 he
362 4423 410 4472 hae
426 4438 441 4472 a
456 4422 549 4483 knight
564 4422 666 4484 sarving
682 4422 710 4472 in
728 4424 850 4485 Gaseony
901 4427 982 4487 tayer.
