3167 5075
342 359 404 424 616
579 373 741 422 sonions
763 373 865 437 6166,
886 373 951 424 nn.
976 360 1070 436 1222,
1092 373 1156 423 aa
1179 362 1208 424 6.

340 545 414 611 finis
428 546 493 612 fuit
508 547 613 612 166166
628 545 713 612 61661
727 545 911 634 predictum
930 555 990 625 est,
1004 553 1055 612 661
1074 546 1150 611 finis
1170 546 1227 612 illa
1246 568 1314 611 non
1334 546 1442 612 debuit

340 648 371 714 ci
385 671 508 728 666666,
522 649 600 736 quia
614 671 652 714 eo
667 657 813 735 tempore
827 671 892 735 quo
906 649 980 714 11616
995 650 1101 714 iactus
1114 649 1187 727 fuit,
1202 648 1267 714 fuit
1281 649 1352 735 ipse
1366 650 1443 714 1666
1537 706 1538 709 ,

340 761 464 818 etatem
493 761 528 818 et
557 753 592 818 in
622 752 783 818 Hibernia
808 761 844 818 et
869 751 946 818 inde
967 752 1118 840 producit
1139 761 1261 818 sectam
1284 752 1362 820 etc¹.
1405 754 1442 818 Et

340 857 499 923 Radulfus
522 879 587 922 non
610 857 719 943 potuit
745 855 806 922 hoc
831 855 987 932 dedicere,
1011 863 1046 922 et
1066 856 1141 922 ideo
1161 858 1317 943 procedat
1338 856 1441 932 assisa,
1537 902 1538 907 η

339 961 417 1048 quia
431 961 532 1028 nichil
546 959 680 1027 6161661ς
695 984 735 1026 ex
746 959 997 1047 parte-ciusdem
1008 960 1194 1026 Alexandri
1234 961 1279 1026 Et
1288 961 1442 1026 Rcdulta

340 1068 381 1132 de
397 1066 502 1133 Oham
517 1073 552 1132 61
566 1066 624 1131 6111
638 1075 698 1132 etc.
707 1074 854 1151 ‘quatuor
868 1064 989 1128 milites
999 1064 1191 1128 summoniti
1204 1065 1248 1129 ad
1261 1062 1441 1151 eligendum

341 1169 395 1256 xij.
419 1169 540 1235 milites
557 1169 644 1235 inter
663 1170 792 1235 eosdem
814 1167 990 1234 Ricardum
1012 1176 1048 1232 et
1069 1167 1248 1233 Radulfum
1270 1177 1342 1245 etc,
1362 1168 1442 1233 unde

341 1273 429 1339 idem
444 1273 603 1364 Radulfus
619 1273 676 1360 qui
694 1282 811 1340 166666
830 1281 881 1338 661
900 1271 1009 1358 posuit
1028 1295 1064 1337 sc
1085 1272 1120 1337 in
1143 1295 1298 1360 magnam
1315 1273 1441 1338 assisam

342 1386 377 1444 et
391 1377 491 1464 peciit
505 1379 761 1466 recognicionem
775 1377 847 1442 fieti
868 1377 943 1463 quis
962 1399 1074 1442 eorum
1093 1376 1199 1442 maius
1212 1377 1265 1442 ius
1279 1377 1441 1442 habentia

343 1489 429 1548 terra
450 1481 514 1560 iila,
536 1490 698 1548 uenerunt
721 1491 755 1548 ct
777 1483 947 1568 elegerunt
968 1481 1051 1546 tales
1073 1489 1133 1546 etc
1177 1481 1259 1546 Dies
1278 1481 1378 1546 datus
1397 1489 1442 1545 661

343 1594 402 1650 616.
448 1585 641 1652 0666661611
655 1594 733 1651 6661
747 1594 782 1652 61
798 1586 921 1651 habent
936 1583 1163 1671 oirogmphum
1178 1593 1238 1650 etc

407 1687 519 1753 Assisa
529 1688 622 1754 uenit
633 1688 838 1775 recognitum
846 1689 874 1752 61
885 1689 993 1753 Adam
1004 1688 1248 1753 Ρ66616616ι166
1258 1688 1442 1775 etRogerus

342 1791 429 1857 filius
442 1792 465 1858 J
466 1788 602 1857 ohannis
616 1793 737 1858 iniuste
749 1801 782 1858 ct
793 1792 864 1858 sine
876 1792 996 1858 iudicio
1006 1791 1253 1886 disseisinerunt
1267 1793 1440 1857 Robertum

342 1897 446 1961 filium
467 1896 625 1962 Willelmi
646 1897 687 1962 de
709 1896 914 1984 Birlingbam
936 1897 978 1961 (16
999 1896 1101 1961 libem
1123 1904 1312 1962 tenemento
1333 1919 1391 1961 sno
1409 1895 1441 1959 in
1537 1928 1538 1933 1

343 1999 546 2087 Birlingham
560 2009 633 2088 post
649 2009 708 2067 etc.
746 2001 790 2066 Et
805 2000 912 2067 Adam
927 2009 962 2066 et
972 2001 1119 2088 Rogems
1130 2001 1271 2065 ueniunt
1285 2009 1319 2065 et
1334 1999 1441 2064 dicunt

343 2103 429 2189 quod
443 2104 543 2170 666166
556 2126 621 2169 666
635 2103 734 2169 debct
753 2104 830 2170 inde
848 2105 928 2183 fieri,
948 2104 1027 2190 quia
1044 2104 1133 2169 idem
1152 2105 1260 2169 Adam
1282 2127 1332 2168 xx
1352 2103 1441 2168 66616

343 2207 514 2273 transactis
528 2207 615 2294 cepit
629 2215 748 2273 terram
769 2208 859 2273 illam
879 2208 915 2273 in
933 2207 1143 2296 maritagium
1164 2231 1240 2272 cum
1261 2229 1359 2272 uxore
1376 2229 1441 2281 sua

343 2317 378 2374 et
393 2308 509 2375 habuit
523 2311 564 2375 (16
579 2333 618 2375 ea
632 2331 756 2397 pueros,
801 2311 966 2376 Defuncto
979 2333 1057 2376 uero
1078 2333 1177 2377 uxore
1196 2310 1268 2376 eius
1284 2309 1391 2375 166611
1407 2332 1440 2374 sc

343 2412 379 2476 in
404 2421 491 2479 terra
511 2413 576 2492 illa,
598 2437 638 2479 ea
658 2414 785 2480 racione
807 2415 895 2501 quod
915 2415 1017 2481 habet
1037 2437 1176 2502 pucrum
1197 2415 1240 2481 (16
1259 2437 1356 2479 uxore
1375 2435 1438 2479 666

344 2516 389 2581 Et
404 2524 482 2583 tunc
493 2518 586 2583 uenit
601 2518 762 2585 Robertua
777 2526 813 2585 et
831 2520 928 2585 eiecit
950 2543 1035 2598 enm,
1057 2527 1092 2585 61
1109 2519 1179 2607 ipse
1197 2542 1265 2585 non
1285 2517 1390 2585 tenuit
1406 2540 1439 2581 se

344 2620 542 2688 dissaisitum
557 2622 657 2688 immo
672 2624 797 2709 recepit
812 2633 932 2689 terram
945 2625 1046 2703 illam,
1059 2633 1094 2691 et
1108 2625 1216 2691 adbuc
1234 2626 1285 2690 ita
1296 2631 1392 2700 tenet,
1405 2632 1439 2687 61

345 2722 445 2788 nichil
474 2725 592 2791 clamat
621 2726 685 2791 6161
713 2726 748 2791 16
770 2726 844 2795 6116
868 2750 928 2793 sna
950 2736 1088 2793 tantum
1134 2728 1178 2792 Et
1204 2728 1362 2792 Robertus
1380 2724 1437 2789 hoc

345 2835 452 2893 totum
467 2830 638 2917 cognoscit,
653 2838 688 2895 et
701 2830 775 2897 ideo
797 2831 854 2896 alii
873 2830 944 2897 sine
964 2831 1018 2897 dic
1038 2840 1073 2897 et
1092 2831 1255 2896 Robertns
1276 2831 1310 2896 in
1323 2827 1438 2894 misci-

345 2933 459 2999 cordia
1367 2960 1370 2965 ·

410 3037 522 3103 Aasisa
545 3038 638 3104 66611
663 3038 869 3126 recognitum
892 3039 922 3105 si
946 3039 1125 3106 Nicholnus
1153 3040 1241 3106 filius
1270 3037 1383 3126 Rogeri
1405 3044 1440 3102 61

346 3142 428 3207 16166
443 3149 502 3208 etc.
518 3142 639 3209 iniuste
657 3151 716 3209 eta
738 3142 985 3209 disseisiuerunt
1005 3144 1178 3211 Clariciam
1199 3167 1264 3231 que
1286 3144 1348 3209 snit
1364 3163 1440 3207 uxor
1537 3205 1538 3216 ,

346 3246 465 3333 Rogeri
479 3246 519 3312 (16
534 3247 636 3311 Β6666
650 3254 709 3312 etc.
728 3246 769 3313 de
790 3246 891 3312 libero
910 3255 1099 3313 tenemento
1117 3270 1177 3313 suo
1198 3248 1235 3313 in
1257 3245 1440 3333 Shepedcna

346 3357 419 3435 post
442 3350 500 3415 611’
528 3358 587 3415 etc.
633 3351 677 3415 Et
702 3350 868 3415 Galfridus
892 3352 994 3416 unus⁸
1019 3359 1081 3417 etc.
1106 3352 1200 3418 uenit
1225 3361 1262 3418 61
1284 3375 1348 3418 666
1370 3349 1439 3414 6611

346 3454 438 3540 aequi
459 3478 533 3519 cum
555 3454 648 3519 sociis
669 3454 744 3532 6616,
767 3462 802 3519 61
823 3454 897 3520 ideo
918 3455 988 3541 ipse
1013 3463 1047 3521 et
1072 3454 1174 3543 plegii
1199 3455 1251 3521 661
1277 3455 1317 3521 (16
1340 3475 1439 3541 prose·

347 3558 474 3644 quando
496 3558 531 3623 in
553 3558 776 3623 misericordia
823 3559 866 3623 Et
888 3559 945 3624 alii
966 3568 1154 3645 sequuntur.
1199 3560 1245 3625 Et
1270 3558 1438 3624 Nicholans
1537 3589 1538 3626 1

347 3669 382 3726 61
416 3662 583 3729 16166666
618 3662 756 3727 6661661
785 3670 821 3728 61
854 3662 969 3729 (116661
1005 3662 1104 3728 nichil
1139 3686 1240 3749 quare
1273 3663 1375 3729 666166
1390 3682 1441 3725 rc-
1537 3663 1538 3682 ¹

348 3774 487 3845 maneat,
509 3774 544 3831 et
574 3766 631 3831 6111
659 3789 724 3831 666
754 3774 832 3858 aunt
861 3766 1000 3848 inuenti,
1022 3776 1058 3831 et
1071 3766 1153 3833 ideo
1174 3767 1322 3854 capiatur
1339 3764 1439 3831 assisa
1537 3821 1538 3852 ¹

347 3869 515 3935 Juratores
529 3871 642 3936 dicunt
658 3871 744 3957 quod
758 3871 821 3957 ipsi
836 3894 902 3936 666
917 3872 1162 3937 (11666161666161
1181 3894 1236 3937 666
1252 3872 1335 3937 sicut
1346 3871 1440 3935 breue

348 3972 436 4051 dicit,
460 3974 537 4059 quia
558 3974 621 4061 ipsi
642 3997 811 4061 nunquam
832 3974 909 4041 inde
931 3974 1034 4039 seisiti
1055 3975 1198 4053 fuerunt,
1220 3983 1255 4040 61
1275 3972 1344 4039 ideo
1369 3968 1439 4035 alii‘

349 4076 425 4143 inda
440 4077 510 4143 6166
524 4078 586 4157 (116,
601 4085 635 4144 61
650 4078 723 4145 61111
737 4080 772 4145 16
787 4079 1004 4146 misericordia
1017 4102 1076 4166 pro
1089 4080 1170 4145 falso
1183 4080 1317 4165 clamooe
1330 4084 1384 4142 eta

381 4265 391 4299 1
408 4264 452 4313 Br.
464 4264 483 4314 1.
495 4265 543 4316 136
554 4266 579 4319 b.
958 4271 970 4304 ⁴
984 4270 1156 4323 Dctomiants.

382 4330 392 4362 ²
409 4328 529 4381 Richard.
956 4336 1122 4387 ⁶Plaintitto.

382 4394 393 4427 ³
409 4394 557 4458 1616161111
566 4400 613 4449 661
624 4396 718 4451 named
730 4398 817 4451 above.
