3167 5075
464 443 693 506 1111111110.
719 429 813 504 1225,
834 440 897 491 aa
921 428 949 492 9.
1217 429 1256 493 75

161 640 228 683 cum
243 640 289 695 eo,
297 617 380 682 item
395 616 508 681 eodem
522 615 619 681 modo
633 615 662 680 si
676 614 802 680 deferat
812 609 935 691 breuia,
949 612 1011 678 ita²
1026 613 1061 677 in
1076 621 1258 699 autumpno

160 721 288 787 sanabit
302 722 436 787 bladum
451 720 575 785 domini
589 720 641 785 sui
654 740 713 805 per
722 720 746 805 j.
762 718 850 783 diem
864 717 906 782 ad
921 717 1030 783 cibum
1045 740 1119 783 cum
1134 726 1259 783 caretta

159 827 185 891 si
198 825 347 891 habuerit
367 832 402 890 et
422 823 529 902 infra',
544 824 625 888 item
648 844 713 887 non
735 828 845 908 potest
866 821 968 886 filiam
989 844 1082 887 suam
1104 820 1258 887 maritare

158 933 222 997 sine
236 931 372 997 licencia
386 930 510 996 domini
524 928 584 1007 sui,
600 936 635 993 et
649 950 760 993 omnes
775 928 856 993 istas
870 928 1121 993 consuetudines
1134 926 1259 993 faciunt

158 1058 263 1101 omnes
297 1034 414 1099 uillani
449 1033 594 1098 eiusdem
629 1033 720 1098 Petri
754 1032 796 1097 de
826 1032 940 1097 eadem
970 1032 1057 1097 uilla
1101 1032 1189 1097 Item
1218 1032 1259 1097 da

157 1140 282 1226 Agnete
317 1161 423 1204 sorore
458 1137 590 1203 Ricardi
619 1138 647 1202 si
676 1136 768 1201 dedit
797 1136 1001 1202 merchetum
1030 1136 1144 1201 dicunt
1173 1136 1260 1222 quod

157 1245 310 1309 nesciunt.
356 1244 400 1308 Et
434 1242 555 1331 quesiti
590 1243 749 1330 quomodo
784 1242 892 1307 sciunt
927 1241 1014 1328 quod
1050 1242 1149 1307 debet
1183 1241 1261 1307 dare

156 1350 355 1415 merchetum
381 1355 416 1413 et
438 1348 466 1413 si
487 1356 704 1412 antecessores
724 1346 856 1411 Ricardi
881 1368 1037 1432 umquam
1059 1344 1183 1431 aliquid
1204 1344 1260 1410 de-

156 1451 296 1530 derunt⁸‚
318 1451 434 1515 dicunt
456 1449 543 1535 quod
563 1449 708 1515 Oriatina
729 1458 836 1514 mater
860 1448 931 1513 11111
956 1448 1048 1513 dedit
1073 1449 1161 1534 xviij.
1187 1448 1259 1514 den

156 1550 366 1640 proquodam
381 1576 481 1640 puero
496 1576 593 1639 quern
609 1553 726 1635 habuit
745 1553 786 1619 de
808 1553 947 1639 quodam
968 1554 1151 1633 molendin’,
1166 1562 1200 1619 et
1219 1554 1261 1619 de

156 1660 220 1725 filia
239 1658 393 1745 Hugonis
412 1658 520 1723 clerici
542 1680 605 1745 que
628 1657 706 1723 data
728 1656 793 1722 fuit
815 1656 856 1722 de
880 1657 994 1722 eodem
1016 1665 1204 1723 tenemento
1226 1658 1260 1743 ij

157 1763 209 1828 101.
234 1771 269 1827 et
298 1763 342 1827 de
371 1783 477 1826 sorore
503 1760 650 1826 eiusdem
679 1760 785 1826 Alicio
815 1762 878 1847 xvj.
905 1761 979 1827 den.
1022 1762 1140 1827 Postea
1167 1762 1262 1827 uenit

157 1866 312 1931 Ricardus
339 1874 374 1931 et
398 1866 563 1953 cognoscit
591 1888 702 1931 omnes
730 1866 811 1931 istas
840 1866 1089 1932 consuetudines
1118 1875 1154 1932 et
1176 1866 1262 1954 quod

156 1968 296 2033 uillanus
332 1976 390 2033 eat.
437 1967 481 2032 Et
515 1967 589 2033 ideo
624 1967 742 2034 Petrus
771 1968 848 2033 inde
878 1968 1010 2055 quietus
1039 1978 1074 2034 et
1102 1969 1261 2036 Ricardus

156 2072 373 2137 committitur
397 2071 429 2136 ei
454 2080 494 2136 ut
519 2072 661 2143 uillanus
683 2096 761 2139 suus
783 2081 819 2138 et
840 2072 884 2138 sit
905 2073 941 2137 in
962 2073 1182 2139 misericordia
1203 2096 1261 2160 pro

157 2174 233 2241 falso
248 2176 398 2240 clamore.
414 2175 513 2239 finem
529 2174 606 2239 fecit
621 2175 694 2240 etc⁴

218 2280 383 2367 Margeria
406 2302 469 2365 que
496 2279 560 2344 fuit
583 2302 664 2344 111101
689 2279 821 2345 Radulfi
846 2280 887 2345 de
916 2280 1006 2345 Diua
1033 2280 1120 2365 petit
1149 2302 1262 2346 uersus

155 2382 321 2471 Rogerum
344 2382 384 2447 de
406 2382 525 2468 Torpel
547 2382 682 2447 terciam
704 2391 832 2469 partem
855 2383 941 2448 feodi
960 2383 1037 2449 dim.
1052 2383 1167 2448 militis
1187 2407 1262 2450 curn

154 2495 232 2572 pert
259 2486 296 2552 in
325 2484 433 2571 corby
457 2493 498 2550 ut
527 2485 638 2552 dotem
668 2508 761 2551 suam
790 2486 878 2553 unde
908 2486 1073 2574 predictus
1102 2486 1263 2555 Radulfus

154 2590 317 2677 quondam
332 2589 386 2654 uir
399 2611 477 2654 suus
492 2611 564 2654 eam
579 2589 708 2655 dotauit
723 2599 782 2656 etc.
799 2591 852 2656 die
868 2600 928 2657 etc.

216 2693 261 2758 Et
286 2693 436 2779 Rogerus
455 2692 549 2756 uenit
569 2700 604 2756 et
624 2692 705 2758 dicit
727 2694 814 2780 quod
829 2717 956 2781 semper
970 2696 1091 2782 optulit
1106 2696 1136 2761 ei
1151 2695 1262 2762 dotem

153 2815 242 2860 suam
262 2804 300 2860 et
324 2793 432 2859 adhuc
451 2795 547 2858 offert
570 2802 621 2858 set
641 2793 713 2880 ipsa
732 2796 839 2861 noluit
858 2797 1000 2883 recipere
1020 2799 1099 2884 quia
1111 2799 1183 2885 ipsa
1196 2821 1261 2864 non

153 2901 259 2984 potuit
280 2898 402 2963 habere
427 2898 638 2963 medietatem
656 2900 679 2985 j.
697 2899 845 2984 capitalis
865 2901 1008 2988 mesagii.
1053 2903 1096 2966 Et
1111 2903 1183 2989 ipsa
1201 2904 1262 2968 hoc

153 3001 306 3087 cognouit
332 3009 366 3064 et
390 2999 463 3066 ideo
483 3000 518 3065 in
538 3000 757 3066 misericordia
770 3024 829 3088 pro
845 3003 924 3067 falso
939 3004 1076 3070 clamore
1091 3014 1125 3070 et
1140 3006 1263 3072 habeat

154 3103 304 3168 seisinam
320 3126 413 3168 suam
428 3104 469 3169 de
484 3104 586 3169 tercia
599 3112 691 3190 parte
707 3126 781 3168 cum
797 3107 995 3191 competenti
1009 3109 1174 3196 mesagi0⁶.

46 3208 121 3274 1043.
214 3209 421 3295 ο1111311111
450 3211 557 3296 Bagot
585 3231 644 3295 per
672 3216 876 3274 attornatum
905 3233 1000 3276 suum
1030 3213 1117 3298 petit
1150 3237 1263 3279 uersus

155 3310 321 3398 Rogerum
337 3312 457 3376 Marcel
472 3311 559 3398 quod
581 3311 650 3398 ipse
673 3312 838 3399 acquietet
861 3335 933 3377 eam
955 3314 995 3378 de
1018 3316 1155 3381 seruicio
1176 3318 1263 3402 quod

155 3413 324 3478 Hilisanta
339 3415 379 3478 de
396 3413 570 3480 staffordia
584 3414 688 3500 erigit
702 3415 744 3479 ab
759 3437 799 3480 ea
816 3414 857 3481 de
877 3417 978 3482 libero
998 3425 1185 3484 tenemento
1205 3443 1264 3486 suo

155 3515 238 3602 quod
260 3517 303 3582 de
328 3539 366 3581 eo
388 3517 497 3581 tenuit
518 3517 553 3581 in
573 3517 752 3581 Blumhilla
766 3525 828 3582 etc.
841 3519 928 3583 unde
943 3518 1030 3583 idem
1045 3520 1192 3608 Rogerus
1207 3523 1264 3609 qui

155 3623 282 3687 medius
305 3629 358 3687 eat
380 3621 467 3687 inter
488 3643 542 3686 101
564 3622 655 3686 illam
677 3621 862 3707 acquietare
885 3622 983 3687 debet
1005 3632 1065 3691 etc.
1081 3633 1119 3689 ut
1134 3624 1214 3690 dicit
1230 3635 1264 3692 et

156 3727 239 3792 unde
254 3725 407 3814 queritur
421 3726 507 3812 quod
522 3749 581 3812 per
595 3725 758 3791 defectum
771 3726 916 3792 eiusdem
928 3727 1047 3814 Rogeri
1059 3729 1265 3816 distringitur

156 3839 213 3896 eto.
228 3831 279 3896 ita
293 3830 383 3916 quod
397 3829 482 3916 ipsa'
497 3853 555 3916 pro
569 3831 691 3895 releuio
706 3830 809 3916 ipsius
824 3831 944 3917 Rogeri
966 3833 1052 3918 quod
1074 3834 1143 3919 ipse
1166 3836 1265 3901 debet

156 3933 281 4022 Rogero
296 3935 340 4000 de
356 3934 388 3998 la
403 3934 552 4000 Schuehe
567 3956 626 4020 pro
641 3934 754 3999 codem
770 3943 958 4001 tenemento
974 3938 1060 4023 quod
1079 3939 1150 4025 ipsa
1172 3950 1265 4007 tenet

186 4085 196 4117 ¹
214 4087 286 4137 Oorr.
299 4089 370 4137 item.
735 4086 899 4137 duellinthc
905 4087 993 4138 villain
1002 4092 1262 4150 tenementisbond.

187 4151 198 4184 ²
213 4151 346 4267 11311111
357 4167 429 4202 corne
439 4150 515 4202 other
531 4151 625 4203 details
640 4167 685 4203 arc
737 4153 784 4268 ΝΞ
795 4153 840 4204 Β1.
851 4153 870 4202 f.
882 4153 913 4205 97
925 4153 950 4204 b.
979 4155 1043 4205 Thia
1051 4156 1075 4205 is
1085 4157 1152 4210 Fita.
1163 4161 1262 4218 Docet,

159 4217 247 4266 omitte
787 4253 793 4266 .

188 4281 330 4332 ²Observa
349 4280 619 4332 1111111111Ιαί1011
641 4281 685 4331 tha
769 4281 826 4332 οΒ.
839 4284 941 4335 111511.
974 4285 1095 4348 Braoton
1109 4286 1181 4348 tat,
1197 4288 1263 4339 cites

159 4347 279 4397 1111111111.
737 4347 831 4398 alater
841 4353 912 4411 stage
923 4350 952 4400 of
960 4350 1015 4400 thia
1025 4351 1121 4404 action

188 4413 263 4462 ⁴8oe
279 4411 479 4467 13111194.
513 4410 649 4461 11110111Ιὰ
660 4413 689 4462 01
770 4412 899 4478 ⁷supply
908 4417 1081 4480 distriaaitur,
1094 4417 1126 4468 B.

160 4477 236 4528 11111
250 4477 339 4528 iathar
355 4477 408 4528 and
423 4475 494 4528 bond
510 4476 613 4528 mother
629 4477 687 4528 who
