3167 5075
302 430 418 481 conen
439 430 538 493 scor,
560 428 623 479 nn.
650 412 808 493 rect-e,
830 430 893 482 sn
916 417 965 481 22.
1122 415 1185 483 243

95 622 220 687 eumque
234 609 320 667 esset
334 601 375 666 de
389 598 549 666 audiendo
563 599 683 666 iudicio
697 622 756 666 suo
770 609 831 667 etc
850 599 856 687 Ι
875 608 987 667 utrum
1007 602 1035 667 si
1052 603 1185 669 comite·
1244 622 1301 673 out

93 715 140 772 tus
154 707 276 774 Geetrie
291 705 458 772 diuidetur
471 705 558 771 inter
577 706 750 793 participes
770 706 912 773 debeant
930 707 993 794 ipsi
1011 708 1186 795 participes

93 818 191 876 tencre
219 810 365 899 singulos
392 818 502 895 pertee
530 809 571 875 dc
600 809 693 875 Dom.
725 808 817 897 Rege
850 809 886 876 in
919 811 1027 898 cepite
1061 814 1115 878 uel
1143 812 1185 878 de

91 914 242 979 Willelmo
268 914 311 979 de
336 910 489 978 Fortibus
510 912 568 999 qui
593 906 693 977 hebet
716 912 912 978 eesnceciom
935 922 971 979 et
993 914 1093 980 debet
1116 936 1184 981 esse

92 1018 195 1083 Comes
216 1026 255 1083 ut
277 1016 342 1104 ipsi
363 1016 536 1104 participes
557 1015 680 1095 dicunt,
701 1025 738 1081 et
762 1018 849 1082 undo
875 1017 968 1083 Dom.
991 1018 1063 1084 Rex
1086 1021 1186 1106 peciit

90 1118 233 1187 indicium
259 1123 290 1187 si
313 1122 447 1188 deberet
470 1120 586 1208 partiri
611 1122 665 1187 uel
690 1144 764 1199 non,
787 1130 824 1187 et
848 1124 949 1209 peciit
971 1124 1034 1189 sibi
1057 1124 1186 1191 allocari

91 1225 165 1311 quod
177 1225 247 1311 ipse
260 1224 381 1290 habuit
399 1244 499 1289 unam
519 1232 645 1310 pertem
665 1222 789 1321 scilicet
809 1226 968 1292 Jobnnnis
988 1226 1030 1292 de
1049 1228 1186 1294 Belliolo

90 1340 119 1393 et
138 1332 241 1396 uxoris
267 1352 337 1407 sne,
358 1336 393 1395 et
415 1329 480 1394 iste
501 1328 666 1415 proposito
690 1337 799 1394 essent
824 1330 866 1395 ed
891 1330 1073 1417 predictum
1099 1332 1186 1399 diem

89 1433 165 1519 epod
178 1433 381 1499 Londoniem
395 1454 502 1498 cerem
516 1433 783 1520 Archiepiscopis‚
796 1432 963 1522 Episcopis
977 1444 1012 1501 ct
1023 1438 1186 1525 Magneti-

88 1534 140 1600 bus
167 1536 289 1623 Anglie
319 1544 354 1601 et
379 1534 511 1601 consilio
535 1536 629 1601 Dom.
655 1536 763 1623 Regis,
786 1559 897 1603 omnes
922 1538 1075 1604 dixerunt
1100 1541 1187 1628 quod

88 1660 241 1727 nunqnam
272 1639 430 1705 uiderunt
459 1639 559 1704 telem
593 1660 713 1717 cesum,
742 1658 802 1703 nec
837 1640 1008 1707 constabat
1041 1642 1097 1721 eis,
1126 1664 1186 1739 nec

87 1740 240 1805 sciuerunt
270 1739 301 1804 si
330 1738 455 1825 aliquid
484 1737 705 1803 contineretur
733 1738 767 1801 in
797 1747 889 1804 certe
920 1740 1110 1807 libertatum
1144 1743 1186 1808 do

87 1842 261 1908 huiusmodi
280 1862 367 1921 casu,
382 1864 442 1907 nee
462 1840 637 1907 uoluerunt
656 1841 799 1908 indicere
819 1864 877 1928 per
896 1846 1047 1932 exemplo
1064 1846 1187 1911 usitate

86 1943 115 2009 in
128 1947 273 2032 pmtibus
295 1946 526 2024 transmarinis,
541 1968 602 2011 nec
621 1946 656 2010 in
675 1946 746 2011 iure
767 1946 902 2032 eclipto¹
922 1948 1064 2035 aliquem
1085 1950 1185 2015 telem

85 2070 182 2115 ectum
212 2051 379 2117 uidemnt.
426 2050 470 2114 Et
498 2050 572 2115 ideo
600 2050 642 2115 de
671 2072 827 2116 consensu
853 2052 999 2117 omnium
1029 2052 1184 2119 heredum

85 2153 170 2219 dctus
191 2163 242 2221 est
265 2155 315 2220 eis
341 2154 410 2219 dies
436 2154 512 2219 telis
537 2163 596 2221 etc.
619 2175 725 2220 comm
752 2150 845 2222 Dom.
870 2157 961 2244 Rege
987 2156 1184 2245 ubicumque

87 2256 175 2323 luerit
188 2256 264 2324 etc'
1071 2268 1075 2276 ’

48 2372 55 2421 t
140 2362 337 2449 Preccptum
359 2362 424 2426 suit
445 2358 576 2427 bellicis
596 2360 638 2426 de
663 2362 837 2428 Andouere
861 2362 947 2449 quod
972 2363 1014 2427 ed
1042 2364 1184 2449 primum

83 2463 252 2531 aduentum
292 2465 387 2531 Dom.
417 2463 518 2552 Regis
547 2462 634 2551 opud
665 2461 902 2529 Olerendonem
931 2464 1014 2529 scire
1040 2466 1184 2529 fecerent

84 2569 166 2637 Dorn
178 2573 264 2660 Regi
277 2591 380 2658 quere
393 2570 606 2636 detinuerunt
618 2565 781 2634 Ebornrdo
793 2569 971 2635 Teutonico
981 2569 1183 2636 Willelmum

84 2673 118 2737 de
139 2671 349 2741 Ambrebirie
370 2670 522 2738 uotiuum
545 2680 582 2736 et
606 2671 785 2758 fugitiuum
815 2691 911 2737 enum
941 2673 1069 2739 desicut
1095 2674 1183 2739 idem

83 2775 189 2842 clamet
203 2801 285 2842 cum
299 2775 342 2842 ed
356 2783 488 2861 tempus
501 2783 536 2839 et
551 2776 662 2840 horem
678 2784 718 2839 ut
730 2774 813 2840 dicit
826 2783 886 2841 ete.

139 2879 181 2944 Et
194 2879 307 2945 Adam
323 2878 365 2944 de
380 2878 518 2943 Menisco
537 2885 573 2942 et
587 2877 644 2942 elii
658 2877 773 2943 bellini
787 2877 828 2942 de
845 2869 1025 2944 Andowere
1045 2879 1184 2944 ueniunt

83 2987 112 3044 et
130 2983 241 3049 dieunt
264 2981 355 3068 qnod
377 2981 544 3068 predictus
561 2981 746 3046 Willelmus
767 2980 942 3068 aliquando
963 3002 1099 3048 monens
1120 2984 1184 3048 fuit

82 3085 158 3169 apud
171 3087 357 3152 Wiltonem
372 3092 407 3150 et
422 3084 486 3149 fuit
501 3091 657 3150 mercctor
671 3084 830 3148 itinerans
848 3091 884 3149 ct
903 3085 1075 3150 mariteuit
1093 3107 1128 3151 se
1148 3087 1183 3150 in

82 3187 150 3254 cillo
164 3190 206 3257 do
219 3189 399 3256 Andouerc
419 3186 549 3254 cuidem
569 3188 708 3266 mulieri,
723 3197 758 3253 et
779 3189 865 3254 infre
884 3211 1007 3254 annum
1029 3190 1064 3253 in
1086 3210 1184 3276 quem

82 3307 111 3354 se
123 3295 293 3360 moritauit
307 3294 403 3358 uenit
417 3293 504 3357 idem
520 3285 704 3357 Eborerdus
719 3303 754 3358 et
768 3294 870 3379 peciit
883 3313 958 3359 enm
973 3302 1014 3358 nt
1032 3295 1182 3358 netinum

82 3405 110 3460 ct
126 3397 308 3485 fugitiuum
329 3417 434 3474 suum,
448 3405 500 3461 set
519 3396 612 3461 illum
632 3397 810 3461 noluerunt
828 3397 860 3462 ei
880 3393 1016 3463 liberere
1036 3397 1095 3462 ne'
1112 3398 1185 3462 ausi

82 3499 203 3566 luerunt
216 3503 291 3567 sinc
305 3507 462 3588 precepto
474 3501 568 3566 Dom.
583 3499 691 3588 Regis

137 3607 256 3672 Postea
270 3606 366 3671 uenit
380 3605 468 3670 idem
484 3605 667 3674 Rbomrdus
682 3605 824 3672 remittit
839 3616 876 3672 et
894 3608 1044 3694 quietum
1063 3609 1184 3673 clamet

82 3707 165 3774 Dom.
179 3710 268 3796 Regi
283 3717 319 3774 et
334 3701 508 3773 heredibus
521 3709 590 3774 suis
603 3709 786 3795 predictum
803 3708 1004 3776 Willelmum
1023 3731 1097 3775 cum
1112 3718 1185 3776 tote

81 3815 204 3898 sequela
216 3823 280 3878 etc

48 3973 52 3988 ,
138 3915 298 3983 Ricardus
320 3915 362 3981 de
384 3915 483 3980 Wilrs
503 3916 590 4001 petit
611 3935 724 3981 uersus
745 3913 905 3981 Jeeobum
929 3916 970 3980 de
994 3916 1127 3982 Solariis
1149 3926 1184 3982 et
1236 3934 1309 3975 orons

82 4016 270 4107 liergcricm
284 4039 418 4084 uxorem
433 4019 505 4084 eius
518 4027 553 4084 et
567 4020 731 4107 Rogemm
746 4019 787 4084 dc
804 4019 936 4084 Soleriie
951 4028 986 4083 et
998 4021 1022 4085 J
1023 4021 1184 4086 ohannem

81 4143 205 4190 uxorem
229 4126 302 4191 eius
325 4124 507 4189 manerium
529 4123 570 4188 de
592 4124 693 4190 Wike
713 4145 787 4188 cum
810 4133 890 4210 pert.
914 4124 1001 4188 unde
1022 4121 1185 4191 Jordenus

82 4239 168 4311 peter
180 4250 263 4295 snus
278 4230 343 4294 fuit
357 4228 488 4294 eeisitus
503 4237 649 4316 tempore
665 4229 706 4294 H.
724 4229 826 4316 Regis
839 4229 896 4315 qui
911 4251 996 4294 nune
1011 4237 1137 4296 estete.

110 4401 307 4453 ‘TbeRomen
318 4401 376 4452 lew.
691 4401 788 4452 3(ἳοττ.
802 4416 854 4452 nec.

110 4465 120 4496 ²
136 4467 207 4518 Mors
218 4469 250 4518 ol
259 4467 413 4525 thisbelou,
426 4465 489 4517 csse
502 4467 574 4518 127³.

993 4570 1098 4634 16-‘2
