3167 5075
395 431 535 496 masau,
558 435 623 486 su.
647 423 741 498 1226}
763 437 827 486 aa
851 424 909 487 10:
1139 424 1202 492 547

112 609 177 674 iude
197 610 272 687 ficii,
288 609 365 696 quia
380 610 447 696 ipsi
461 617 613 697 parentes
630 617 717 689 sumu,
732 619 766 676 et
780 611 844 698 ipsi
859 611 1016 679 Ricardus
1029 621 1066 678 et
1081 613 1207 685 aditha.

112 735 167 777 nou
187 711 305 778 hebent
327 713 507 801 inguessum
529 715 564 779 in
583 715 741 802 shoppam
762 715 854 780 illam
873 715 937 782 nisi
956 739 1015 803 per
1028 719 1206 803 quemdam

110 817 278 884 iohannem
295 819 367 906 Gog
381 819 540 884 balliuum
555 819 634 884 uille
649 818 689 884 dc
711 819 922 906 Kingcstona
961 822 1005 886 Et
1019 822 1203 891 Willelmus

110 930 192 1006 pater
210 922 310 1008 ipsius
331 923 471 988 Aueline
494 923 611 989 habuit
633 923 808 1009 quamdam
830 923 969 1009 placiam
991 932 1118 990 uastam
1132 931 1206 1011 “pen

110 1025 268 1111 quemdam
294 1026 479 1092 Johanncm
503 1025 662 1092 balliuum
685 1027 727 1092 dc
751 1026 957 1113 Kingesaona
977 1035 1123 1114 tempore
1145 1028 1205 1101 Ra.

108 1127 185 1194 cardi
199 1129 306 1217 Regis,
321 1131 362 1196 de
378 1154 443 1218 qua
456 1131 562 1217 plaeia
576 1132 634 1196 illa
650 1131 774 1217 shoppa
793 1140 853 1209 est,
868 1139 903 1196 et
922 1131 996 1198 ideo
1016 1144 1082 1197 mon
1103 1133 1204 1198 debet

107 1231 283 1298 amisainde
299 1234 377 1302 fieri.
1187 1245 1206 1296 “,

164 1337 205 1402 Et
218 1337 377 1404 Ricardus
392 1346 427 1403 et
442 1338 565 1404 Editha
578 1348 776 1426 cognoscunt
790 1339 874 1405 bene
889 1339 976 1426 quod
996 1361 1060 1405 uon
1079 1340 1206 1410 habue‘.

107 1447 175 1503 runt
195 1441 374 1528 ingressum
393 1440 457 1506 nisi
475 1461 535 1527 per
547 1440 732 1526 predictum
745 1442 769 1507 J
770 1440 931 1507 ohannem
947 1441 1020 1529 Gog
1033 1442 1200 1508 balliuum.

106 1542 143 1606 Et
167 1543 241 1628 quia
266 1543 363 1608 amb'o
386 1553 584 1630 cognoscunt
612 1543 775 1630 predictos
798 1543 961 1630 ingressus
984 1566 1043 1630 per
1065 1543 1202 1609 balliucs
1245 1615 1250 1624 ‚
1313 1564 1337 1622 ’ἡ

106 1646 183 1724 uille,
204 1648 443 1715 consideratum
467 1657 517 1714 est
541 1648 628 1734 quod
651 1648 743 1714 nulla
765 1648 866 1713 assisa
889 1648 933 1713 sit
958 1647 1045 1712 inter
1069 1670 1132 1725 eos,
1151 1657 1204 1713 set
1254 1695 1258 1702 -
1321 1684 1328 1702 ι

105 1749 217 1838 shoppa
229 1752 290 1818 illa
304 1760 338 1818 et
353 1752 557 1840 mesuagium
577 1752 728 1838 capiatur
740 1751 776 1817 in
790 1775 925 1816 manum
940 1753 1033 1817 Dom
1049 1752 1150 1838 Regis
1165 1761 1203 1816 ut

105 1851 170 1918 inda
190 1855 247 1922 fiac
268 1857 440 1922 comodum
462 1879 567 1934 suum,
583 1866 616 1921 et
635 1855 814 1920 uicecomes
836 1855 916 1920 scire
939 1854 1037 1920 saciat
1058 1855 1202 1920 ualoram

103 1959 170 2024 θτθ.ι
1110 1975 1114 1980 ·
1199 2002 1203 2023 .

48 2069 71 2134 ⁸6.
157 2061 358 2128 'Herbertus
373 2061 413 2128 de
429 2061 562 2127 Alnen''
578 2070 612 2127 et
627 2059 823 2126 Godefridus
837 2059 878 2124 de
893 2059 1015 2125 Waure
1030 2059 1204 2126 attachiati
1281 2083 1296 2112 θ

101 2165 239 2233 hiemat*
254 2167 298 2233 ad
313 2167 574 2253 respondendum
590 2188 690 2253 quare
710 2166 859 2231 fecerunt
872 2164 972 2236 finem
987 2183 1094 2229 coram
1108 2164 1202 2229 iusti·

100 2268 195 2336 ciariis
220 2270 311 2357 apud
329 2270 660 2336 'Westmonaatmium
682 2270 724 2336 dc
746 2267 891 2334 manerio
916 2267 958 2333 da
982 2268 1204 2354 Dunyuetona

100 2393 165 2438 cum
192 2382 275 2460 pert.
307 2395 366 2459 per
395 2395 492 2460 quem
522 2374 621 2438 finem
651 2372 739 2438 idem
771 2370 967 2438 Godefridus
995 2369 1139 2436 reddidia
1167 2380 1204 2452 ea

99 2478 247 2545 concessit
284 2478 392 2545 eidem
426 2478 591 2543 Herberto
625 2476 809 2543 manerium
837 2476 929 2555 illud,
958 2475 1086 2541 desicut
1114 2475 1201 2541 idem

101 2582 286 2649 Godefridus
316 2580 398 2647 illud
426 2604 492 2646 non
521 2580 638 2646 habuit
667 2580 730 2647 nisi
759 2579 803 2645 ad
836 2580 1015 2646 terminum
1044 2580 1114 2645 uite
1144 2601 1202 2644 sue

99 2694 220 2753 tantum
242 2687 310 2753 nisi
331 2687 484 2753 heredem
504 2686 640 2752 haberet
659 2685 700 2751 de
724 2708 855 2771 corpore
876 2708 944 2763 sac,
966 2684 1053 2750 ande
1074 2684 1202 2750 nullum

101 2788 191 2855 habea
205 2799 244 2856 ut
260 2790 389 2857 dicitur.

155 2896 199 2959 Et
229 2894 416 2959 Herbertus
442 2893 634 2979 dicitquod
659 2892 849 2958 iusteiecit
874 2892 974 2957 finem
1003 2892 1097 2957 illum
1126 2892 1204 2977 quia

100 2996 218 3065 inuenit
239 2998 428 3085 predictum
450 2996 662 3063 Godefm'dum
683 2996 833 3061 saisitum
848 2995 890 3061 de
905 3004 992 3061 terra
1005 2996 1063 3061 illa
1076 3004 1110 3061 et
1125 3018 1201 3059 eum

98 3100 312 3186 implacitauit
334 3103 370 3167 iu
394 3101 484 3167 cuiia
505 3100 609 3166 Ducis
632 3100 801 3165 Louennie
822 3100 972 3186 capitalis
996 3098 1120 3165 domini
1144 3121 1203 3186 per

100 3226 246 3294 maguum
263 3216 404 3294 tempus,
420 3216 454 3272 et
469 3214 583 3293 postea
596 3204 632 3270 iu
647 3206 806 3271 comitatu
826 3227 886 3292 per
907 3205 1040 3291 longum
1062 3212 1202 3288 tempus,

98 3318 128 3373 et
140 3320 252 3396 postea
266 3311 303 3377 in
318 3310 408 3376 curia
427 3310 521 3375 Dom.
545 3309 645 3396 Regis
664 3310 700 3374 in
723 3317 855 3373 tantum
877 3309 965 3393 quod
985 3307 1073 3372 idem
1096 3306 1201 3372 Gode·

98 3414 190 3482 fridus
212 3415 326 3503 posuit
348 3437 384 3480 se
405 3414 442 3479 in
464 3436 617 3501 maguam
637 3413 779 3490 assisam,
795 3419 830 3477 aa
851 3434 926 3477 cum
947 3410 1047 3477 assisa
1068 3410 1202 3475 deberet

97 3518 162 3604 capi
182 3520 270 3586 inter
292 3542 347 3585 eos
368 3519 446 3585 iecit
467 3519 556 3584 idem
579 3516 773 3583 Godcfiidus
793 3517 893 3582 finem
913 3515 1016 3594 illum,
1029 3523 1201 3602 postquam

97 3618 205 3689 habuit
221 3624 422 3710 languorem,
437 3629 472 3687 at
486 3643 656 3707 nunquam
669 3620 768 3685 sciuit
781 3620 891 3705 ipsum
906 3617 1117 3684 Godefridum
1132 3640 1202 3682 esse

96 3725 280 3794 meandum
303 3750 362 3793 nec
385 3728 492 3795 adhuc
517 3727 588 3806 scit,
614 3735 665 3792 set
690 3727 799 3812 ipsum
828 3724 957 3790 inuenit
985 3724 1134 3789 saisitum
1159 3723 1203 3788 da

96 3830 201 3897 eodem
227 3832 374 3897 manerio
400 3840 435 3897 ct
458 3854 534 3897 eum
560 3830 780 3917 implacitauit
805 3830 891 3895 sicut
915 3828 1009 3893 illum
1038 3828 1097 3912 qui
1124 3826 1201 3892 inde

96 3932 181 4001 dedit
195 3945 230 4002 et
246 3935 398 4002 uendidit
413 3934 455 4002 ad
474 3936 680 4003 uoluntatem
703 3958 797 4001 suam
819 3943 854 3999 et
876 3934 954 3999 facit
975 3932 1017 3997 de
1037 3942 1124 3997 term
1145 3932 1202 3999 illa

125 4120 619 4185 ¹Thabailiffpresumadtogivea·
671 4122 698 4174 1t
719 4136 803 4173 seems
824 4122 883 4173 that
907 4137 923 4174 a
944 4122 1050 4173 bastmd
1070 4136 1120 4173 can
1139 4124 1202 4187 only

96 4184 542 4302 amicam
671 4187 1201 4308 assuescamus

125 4288 319 4377 'Aieneunsst
672 4291 822 4368 mentioned
839 4316 868 4369 in
884 4317 931 4369 tha
946 4269 1040 4381 gislintc
1054 4268 1121 4369 liiii]0
1153 4320 1201 4369 See

125 4380 135 4413 ⁴
149 4381 313 4446 Apparently
330 4382 393 4447 they
414 4396 479 4435 aare
499 4382 622 4434 attached
674 4384 718 4434 Br.
730 4384 747 4433 i.
763 4384 796 4433 20
806 4383 831 4434 b.
1022 4403 1025 4408 >
1073 4418 1077 4425 ι

96 4448 120 4494 st
136 4446 178 4498 the
194 4448 249 4500 suit
267 4448 296 4499 oi
312 4448 356 4502 the
366 4448 440 4501 Duke
451 4448 479 4500 of
494 4448 621 4500 Louvain.

1007 4551 1113 4613 35—2
