3167 5075
495 416 636 479 ιιιιιιι,
657 416 721 467 ιι).
747 404 842 480 1225,
862 418 927 469 ιιι
950 406 977 469 9.
1241 409 1291 470 85·

30 592 129 656 1055.
238 592 401 679 'Rogerus
420 590 461 657 dc
484 590 664 679 Breytonc'
681 592 768 679 petit
786 613 901 657 uersus
915 590 1118 657 Willelmum
1135 592 1177 658 de
1191 593 1284 659 Bello
1339 604 1406 645 M

172 696 298 784 Campo
318 698 360 783 xj.
377 697 471 763 hides
490 706 575 763 terre
595 720 670 762 cum
690 706 772 784 pert.
788 697 824 762 in
846 698 1012 784 Breytonu
1031 706 1067 763 ει
1087 697 1124 763 in
1145 699 1285 786 Helper·

170 800 288 887 thorpo
314 809 353 865 ut
378 799 430 865 ius
453 822 558 878 suum,
584 798 671 865 unde
702 800 861 865 Osbertus
886 799 1091 885 predecessor
1115 823 1194 866 suus
1218 802 1284 868 fuit

170 904 302 969 seisitus
326 912 365 969 ut
389 904 430 969 de
456 904 549 969 feodo
572 910 606 969 et
628 904 698 969 iure
720 912 755 968 et
777 904 813 969 in
834 903 995 970 dominico
1021 913 1167 992 tempore
1189 908 1281 974 Dom.

171 1006 308 1073 Henrioi
330 1006 431 1093 Regis
452 1006 510 1092 qui
532 1005 596 1071 fuit
617 1004 714 1070 uuus⁸
737 1006 831 1070 Dum
855 1006 956 1093 Regis
977 1006 1043 1072 scil.
1065 1030 1151 1073 anuo
1172 1016 1208 1073 et
1229 1008 1283 1074 die

170 1134 237 1197 quo
251 1111 333 1176 obiit
348 1110 504 1197 cupiendo
524 1110 600 1175 inde
621 1109 752 1196 expleta
771 1109 814 1175 ed
834 1110 1015 1175 ualencism
1034 1133 1085 1176 xm
1100 1111 1156 1177 sol.
1172 1126 1231 1177 etc
1247 1121 1284 1178 ει

169 1215 212 1279 de
227 1215 297 1301 ipso
314 1215 453 1282 Oeberto
467 1215 635 1281 deseendit
649 1214 701 1280 ius
716 1222 801 1280 terre
821 1214 911 1280 illius
929 1215 1057 1303 Rogero
1076 1216 1145 1282 filio
1165 1238 1233 1295 suo,
1247 1225 1283 1282 et

169 1318 212 1385 de
236 1321 364 1407 Rogero
390 1320 529 1385 Osberto
553 1319 620 1385 filio
646 1341 705 1385 suo
726 1326 761 1385 et
783 1319 825 1386 de
847 1318 987 1387 Osberto
1007 1320 1072 1407 ipsi
1094 1320 1221 1408 Rogero
1242 1329 1283 1386 ut

169 1423 239 1489 filio
253 1434 288 1489 et
303 1423 414 1491 heredi
429 1448 497 1491 suo.

237 1529 282 1593 Ει
310 1528 495 1593 Willelmus
527 1527 608 1593 dicit
644 1527 732 1615 quod
768 1552 834 1594 non
869 1527 970 1596 debet
1005 1529 1048 1596 sd
1084 1530 1145 1596 hoc
1180 1530 1281 1597 breue

167 1630 362 1717 respondere
377 1630 455 1717 quie
474 1630 533 1696 ubi
551 1632 661 1719 posuit
680 1631 716 1697 in
736 1632 811 1697 uisu
831 1654 890 1696 suo
909 1654 965 1697 sex
985 1632 1078 1697 hides
1098 1640 1183 1698 terre
1205 1655 1281 1698 cum

168 1743 252 1821 pert.
267 1734 303 1799 in
325 1735 489 1821 Braytons
508 1734 596 1800 idem
616 1735 764 1823 Rogerus
786 1742 880 1800 tenet
901 1734 1023 1801 ibidem
1046 1758 1145 1801 unam
1167 1735 1279 1801 hidem

168 1846 257 1901 terre
286 1836 321 1903 in
349 1836 511 1902 dominico
540 1845 575 1902 ει
611 1837 647 1903 in
684 1837 926 1923 Helperthorpe
962 1860 1027 1903 non
1064 1845 1157 1903 tenet
1192 1838 1279 1905 idem

168 1940 356 2004 willelmus
384 1940 449 2004 nisi
477 1948 618 2027 quotuor
642 1939 735 2005 hides
762 1947 848 2005 terre
871 1947 906 2005 et
932 1962 1031 2005 unum
1057 1940 1219 2027 uirgatam
1245 1950 1281 2007 et

168 2042 338 2109 Johannes
360 2042 400 2107 de
423 2042 552 2108 Beuille
573 2049 666 2108 tenet
688 2050 754 2107 tres
776 2044 922 2130 uirgatae
941 2050 1027 2107 terre
1046 2065 1121 2107 cum
1141 2050 1222 2128 pert
1238 2041 1280 2107 de

168 2147 294 2213 eisdem
308 2170 336 2211 v.
353 2146 438 2212 hidis
452 2155 487 2212 et
500 2146 589 2213 ideo⁴
603 2170 669 2212 non
683 2154 776 2213 tenet
790 2146 832 2211 de
853 2169 891 2212 eo
910 2168 970 2211 nec
989 2146 1025 2212 in
1044 2146 1204 2211 dominico
1218 2154 1280 2214 etc.

169 2262 207 2318 et
221 2252 295 2318 ideo
308 2275 373 2317 non
387 2252 463 2317 uult
476 2252 669 2338 respondere
683 2250 747 2317 nisi
761 2251 852 2317 curie
865 2250 1125 2317 considereuerit.

237 2356 283 2420 Et
308 2356 454 2443 Rogems
475 2355 556 2421 dicit
578 2355 664 2441 quod
686 2377 801 2421 reuera
821 2362 914 2419 tenet
933 2354 957 2439 j.
982 2352 1093 2419 hidem
1118 2363 1204 2420 terre
1228 2363 1281 2421 set

168 2460 356 2526 Willelmus
371 2460 440 2526 sine
454 2460 512 2526 illa
525 2468 618 2525 tenet
633 2482 688 2525 sex
705 2459 798 2526 hides
812 2466 897 2525 terre
912 2459 947 2524 in
962 2458 1130 2546 Drcytons
1144 2468 1179 2525 et
1195 2460 1280 2526 bene

167 2564 320 2631 coneedit
341 2563 428 2651 quod
449 2565 615 2630 Johennes
637 2563 679 2630 de
701 2565 831 2630 Beuilla
854 2571 945 2630 tenet
967 2563 1003 2628 in
1028 2564 1280 2651 Helperestrope

167 2679 237 2735 tres
258 2668 404 2755 uirgetes
425 2675 476 2734 set
497 2691 563 2734 non
584 2676 662 2734 sunt
683 2668 724 2734 de
746 2669 812 2734 illis
832 2692 860 2734 ι.
878 2668 971 2734 hidis.
1017 2669 1061 2732 Et
1083 2668 1230 2755 quesitus
1251 2668 1280 2734 si

167 2774 253 2839 uelit
268 2795 302 2838 se
317 2773 393 2838 inde
408 2795 526 2859 ponere
541 2795 639 2859 super
652 2773 792 2859 petriam
808 2773 868 2838 teli
882 2771 977 2838 modo
992 2771 1079 2858 quod
1093 2772 1121 2837 si
1135 2772 1279 2860 recogni-

167 2884 243 2942 tum
258 2876 358 2941 fuerit
372 2876 458 2964 quod
473 2875 658 2942 Willelmus
672 2899 737 2942 non
757 2884 871 2942 teneat
889 2876 953 2942 nisi
973 2883 1112 2963 quatuor
1132 2875 1225 2940 hides
1245 2884 1280 2942 et

163 2980 190 3066 j.
206 2979 370 3066 uirgutem
384 2979 519 3045 emittet
533 2979 698 3066 querelem
713 3001 807 3044 suam
824 2979 860 3044 in
874 2986 1079 3065 perpetuum,
1094 2977 1174 3042 dicit
1193 2978 1279 3064 quod

168 3105 246 3159 non,
260 3090 311 3147 set
324 3084 410 3170 petit
425 3083 594 3149 licenciam
607 3082 779 3148 recedendi
799 3082 840 3148 de
859 3082 962 3159 breui,
977 3090 1012 3147 et
1032 3081 1132 3147 hebet
1152 3089 1186 3146 ει
1205 3081 1279 3148 ideo

169 3185 356 3252 Willelmus
370 3187 440 3253 sine
454 3187 529 3253 die‘.

236 3288 409 3356 ‘Ricardue
423 3291 510 3356 filius
521 3289 652 3357 Osberti
662 3290 880 3356 summonitus
891 3290 955 3356 fuit
966 3291 1008 3356 ud
1019 3291 1277 3378 respondendum

168 3393 327 3459 Matillidi
341 3393 381 3460 de
402 3395 624 3483 Kyngoswills
642 3395 740 3460 matri
760 3395 897 3461 Hemici
915 3395 957 3461 de
979 3396 1201 3484 Kyngeswille
1222 3396 1280 3484 qui

168 3507 221 3564 εει
251 3497 336 3563 infru
363 3506 486 3563 etatem
516 3499 717 3585 quemfecit
743 3507 875 3565 uastum
901 3507 935 3564 et
957 3499 1211 3566 destruccionem
1237 3499 1279 3566 de

167 3601 321 3668 domibus
335 3623 416 3688 ques
429 3609 523 3668 tenet
537 3603 572 3667 in
586 3601 734 3668 custodie
752 3603 793 3668 de
816 3601 999 3668 hereditate
1021 3602 1124 3689 ipsius
1143 3603 1279 3668 Hemici

166 3707 205 3772 in
221 3705 407 3771 Culewrthe
421 3707 463 3771 sd
479 3707 763 3774 exheredsciouem
778 3707 881 3792 ipsius
896 3706 1031 3772 Hemici
1045 3715 1080 3772 ει
1099 3707 1187 3772 unde
1206 3707 1279 3794 ipse

168 3807 309 3874 Mstillis
323 3809 470 3895 queritur
483 3809 570 3896 quod
584 3810 671 3877 idem
683 3810 842 3876 Rioardus
855 3809 1034 3875 erudiceuit
1047 3817 1083 3875 ει
1096 3812 1279 3896 ueportcuit

167 3914 283 3980 domos
298 3921 332 3978 ει
345 3913 482 4002 gardino
495 3913 583 3980 curie
598 3913 699 4000 ipsius
714 3913 851 3980 Hemici
864 3913 932 3980 scil.
947 3913 1047 3979 talem
1062 3922 1098 3980 et
1112 3913 1228 3980 tslem'
1242 3923 1278 3981 et

206 4129 216 4161 ¹
233 4127 264 4179 B.
279 4142 314 4178 m.
327 4129 349 4180 9.
750 4125 806 4177 The
813 4125 974 4177 emendant
981 4126 1080 4177 rernm
1088 4125 1134 4176 the
1143 4125 1275 4192 jeopsrdy.

205 4191 216 4224 ¹
232 4195 304 4242 Gorr.
334 4195 471 4254 Dreinos,
499 4193 530 4244 B.
581 4193 698 4257 Dreytcn
782 4192 794 4227 ⁸
810 4193 841 4243 B.
855 4206 891 4241 m.
902 4194 919 4242 8
930 4191 956 4241 d.

170 4257 349 4321 Besuehsmp.
781 4257 862 4308 'soil
872 4259 896 4320 j.
908 4258 1240 4321 domumdcpetroetculcc
1252 4263 1279 4307 ει

204 4323 216 4356 ³
233 4323 333 4386 supply
343 4325 398 4380 cul.
409 4325 442 4374 B.
749 4339 831 4373 orum
843 4324 911 4372 altar
922 4323 1005 4372 domm
1017 4324 1159 4384 oepcrtuur't
1174 4329 1199 4370 et
1215 4337 1278 4372 coru-

205 4389 217 4422 ⁴
233 4389 291 4441 Orn.
305 4389 371 4451 idco,
384 4389 416 4441 B.
751 4390 831 4439 ιιιιιιι
841 4395 866 4438 ιι
876 4389 993 4438 uendidit
1004 4402 1060 4437 oum
1072 4393 1125 4436 toto
1133 4395 1218 4448 petru,
1230 4387 1261 4436 Β.

204 4453 354 4514 'Bructom
371 4454 391 4504 f.
408 4454 466 4515 tet,
482 4453 546 4508 cites
563 4453 616 4506 thia
633 4467 699 4506 cose.
