3167 5075
247 1914 326 1963 [195111

377 357 441 421 298
697 402 706 419 ..
785 366 1076 418 uaemumnous

374 542 450 607 inde
473 541 559 619 fecit,
582 548 616 607 et
638 548 760 606 cartam
787 563 886 627 quam
908 541 1025 607 habuit
1047 565 1068 606 a
1087 540 1233 627 predicto
1254 542 1454 607 Willelmode

374 648 628 734 Kassingetorpe
644 646 676 711 ei
690 669 764 711 cum
780 654 870 713 carta
884 646 1095 711 suotradidit
1114 656 1148 711 et
1163 648 1198 711 in
1212 647 1332 713 saisina
1344 647 1402 711 fuit
1413 670 1455 733 per

374 758 440 814 tres
462 749 531 814 dies
553 758 626 835 post
647 758 795 826 mortem,
809 748 941 824 scilicet,
956 748 1037 814 dicti
1059 749 1216 826 Gauiridi,
1234 759 1270 814 et
1291 758 1368 815 tunc
1383 750 1454 814 uenit

372 853 513 919 balliuus
537 851 639 939 ipsius
666 852 824 915 Willelmi
852 851 893 915 de
924 852 1176 939 Kamingetorpe
1201 861 1236 916 et
1261 852 1409 917 remansit
1429 852 1454 915 in

373 957 468 1021 domo
483 980 557 1021 cum
578 956 648 1041 ipso
667 955 833 1019 Willelmo
852 955 920 1019 filio
940 955 1076 1020 Roberti
1095 978 1154 1042 per
1174 979 1224 1021 xv.
1245 956 1324 1033 diae,
1345 968 1378 1019 et
1395 966 1455 1019 tunc

372 1059 465 1125 uenit
481 1061 665 1125 Willelmus
680 1058 845 1145 predictus
867 1057 916 1123 et¹
936 1059 1005 1124 uim
1023 1060 1131 1145 ipsum
1153 1059 1259 1124 eiecit.
1302 1060 1347 1123 Et
1360 1057 1457 1144 quesiti

372 1165 401 1229 ei
420 1163 586 1250 predictus
609 1162 785 1228 Gausridus
805 1162 870 1226 fuit
888 1162 923 1225 in
943 1163 1030 1228 bona
1043 1163 1201 1227 memoria
1215 1162 1345 1248 quando
1358 1162 1456 1225 dunum

372 1267 455 1332 illud
469 1267 556 1344 iecit,
570 1266 684 1331 dicunt
700 1266 787 1351 quod
798 1265 919 1330 habuit
938 1267 1057 1331 bonam
1077 1267 1266 1332 memoriam
1288 1275 1323 1331 et
1342 1266 1375 1330 in
1391 1266 1457 1329 bona

372 1370 528 1437 memoria
542 1370 722 1456 assignauit
738 1369 845 1433 eidem
859 1369 1024 1434 Willelmo
1044 1378 1164 1434 terram
1178 1370 1269 1434 illam
1284 1369 1401 1434 scilicet
1413 1368 1456 1452 iiij.

371 1478 508 1543 bouatas
538 1484 630 1539 terre.
677 1475 720 1539 Et
750 1474 828 1559 quia
856 1474 1043 1539 continetur
1071 1474 1106 1538 in
1135 1482 1226 1539 carta
1253 1474 1404 1539 Willelmi
1426 1472 1457 1536 de

373 1580 627 1665 Kassingetorpe
643 1577 729 1663 quod
743 1577 836 1643 dedit
852 1586 970 1643 terram
991 1579 1081 1643 illam
1101 1578 1248 1663 predicto
1269 1578 1416 1644 Gaufrido
1431 1587 1457 1640 et

371 1683 545 1772 assignatis
581 1683 649 1748 suis
685 1689 720 1748 et
750 1682 935 1747 Willalmus
970 1684 1134 1768 cognoscit
1170 1692 1295 1747 cartam
1325 1704 1408 1747 suram
1431 1688 1457 1744 et
1528 1725 1529 1728 κ

371 1789 530 1853 iuratores
553 1786 668 1851 dicunt
693 1787 779 1872 quod
804 1786 892 1851 idem
916 1786 1092 1852 Gaufridus
1117 1786 1255 1851 eandem
1280 1794 1397 1851 terram
1419 1807 1457 1849 aa

371 1892 516 1978 signauit
532 1889 676 1975 predicto
696 1890 863 1954 Willelmo
882 1888 887 1975 Ι
906 1898 984 1953 ante
999 1898 1136 1954 mortem
1159 1912 1253 1955 suam
1272 1890 1352 1955 dum
1366 1889 1456 1955 fuitin

370 1997 450 2085 ligia
478 2002 640 2082 potestate
667 2016 727 2058 sua
751 1993 801 2057 ita
826 1994 912 2079 quod
934 1986 1055 2057 habuit
1078 1992 1198 2057 bonam
1221 1994 1412 2070 memoriam,
1432 1999 1458 2054 et

373 2100 459 2186 quod
474 2121 531 2184 per
545 2098 799 2184 assignacionem
814 2096 906 2161 illam
920 2097 984 2161 fuit
1004 2097 1092 2161 idem
1107 2098 1293 2162 Willelmus
1313 2098 1349 2162 in
1362 2097 1459 2163 saisina

374 2227 432 2290 per
451 2212 517 2268 tres
537 2202 734 2287 septimanas
756 2202 885 2265 racione
905 2201 1004 2287 primi
1025 2201 1119 2266 doni'
1139 2201 1243 2288 ipsius
1262 2202 1413 2267 Willelmi
1427 2199 1458 2263 de

374 2307 628 2393 Kassingetorpe
650 2327 709 2390 per
728 2313 852 2369 cartam
871 2305 1011 2390 predicti
1031 2305 1188 2371 Willelmi
1211 2306 1269 2393 qui
1290 2329 1356 2372 non
1374 2306 1458 2370 solum

373 2418 493 2475 terram
516 2410 606 2475 illam
624 2409 716 2474 dedit
738 2409 884 2495 predicto
907 2409 1063 2473 Gaufrido
1084 2418 1135 2474 set
1157 2409 1332 2496 assignatis
1352 2409 1419 2483 suis,
1433 2418 1459 2471 et

373 2512 576 2600 recognitum
591 2520 641 2578 cst
655 2535 715 2598 per
728 2512 886 2577 iuratores
901 2513 988 2598 quod
1003 2513 1179 2578 Gaufridus
1190 2514 1269 2580 fecit
1279 2513 1459 2601 assignatum

374 2618 415 2683 de
441 2617 554 2682 eodem
579 2615 742 2681 Willelmo
768 2616 837 2680 filio
863 2615 1008 2692 luberti,
1039 2616 1288 2682 Consideratum
1319 2626 1367 2682 eet
1389 2613 1460 2702 quod

374 2731 462 2787 terra
476 2722 532 2787 illa
546 2721 611 2786 fuit
627 2722 765 2786 liberum
786 2729 1012 2786 tenementum
1029 2720 1132 2807 ipsius
1152 2721 1320 2800 Willelmi,
1339 2731 1372 2786 et
1389 2717 1460 2807 quod

374 2827 558 2891 Willelmus
587 2825 627 2890 de
657 2824 912 2911 Kassingetorpe
942 2824 1063 2888 iniuste
1092 2824 1271 2891 disseisiuit
1297 2848 1371 2891 eum
1390 2825 1460 2889 sicut

374 2929 474 2995 breue
489 2928 569 2994 dicit
584 2936 619 2992 et
633 2927 820 2992 Willelmus
834 2928 875 2993 de
890 2927 1145 3014 Kassingetorpe
1160 2929 1195 2993 in
1209 2929 1425 2996 misericordia

440 3033 567 3098 ’Assisa
588 3032 681 3097 uenit
703 3032 908 3118 recognitura
929 3031 958 3096 si
979 3032 1054 3096 talis
1076 3031 1198 3098 iniuste
1219 3042 1281 3099 etc
1303 3031 1460 3099 dieseisiuit

376 3136 476 3201 talem
498 3136 538 3201 de
562 3135 661 3199 libero
684 3143 872 3199 tenemento
893 3157 952 3200 suo
974 3145 1044 3214 etc,
1059 3145 1094 3202 et
1116 3137 1202 3201 unde
1225 3138 1371 3224 queritur
1389 3134 1460 3222 quod

375 3239 550 3305 dissaisiuit
569 3261 645 3304 eum
665 3238 705 3302 de
721 3239 745 3324 j.
767 3239 847 3326 uirg.
866 3248 951 3304 terre
972 3262 1047 3304 cum
1066 3249 1147 3326 pert.
1164 3248 1223 3306 etc.
1239 3250 1275 3305 et
1295 3243 1378 3306 unde
1395 3239 1461 3304 dicit

375 3343 460 3429 quod
483 3343 557 3408 talis
579 3351 760 3406 antecessor
782 3343 864 3407 obiit
885 3343 961 3408 inde
981 3345 1121 3422 saisitus,
1135 3354 1170 3408 et
1190 3345 1261 3410 ille⁴
1278 3345 1387 3410 statim
1400 3352 1459 3430 post

374 3457 511 3512 mortem
526 3447 596 3512 eius
611 3447 719 3533 posuit
734 3469 767 3511 sa
782 3447 818 3510 in
833 3456 1059 3513 tenementum
1073 3448 1165 3526 illud,
1180 3449 1265 3515 etin
1284 3451 1396 3515 saisina
1408 3446 1459 3510 fuit

373 3576 431 3638 per
446 3561 576 3618 tantum
597 3561 735 3637 tempus
750 3550 852 3616 donee
874 3552 949 3616 talis
969 3576 1046 3617 eum
1065 3553 1186 3619 iniuste
1206 3553 1284 3619 inde
1304 3551 1460 3620 disseisiuit

373 3665 433 3724 ete.

439 3761 482 3825 Et
497 3757 587 3824 talis⁵
600 3759 693 3823 uenit
708 3766 742 3823 et
757 3759 837 3824 dicit
852 3761 938 3846 quod
951 3761 1075 3826 nullam
1090 3762 1167 3828 fecit
1181 3762 1214 3828 ei
1227 3763 1384 3839 iniuriam,
1396 3759 1460 3847 quia
1528 3810 1529 3841 3

405 3888 532 3951 ¹Supply
538 3904 593 3951 per.
951 3889 1019 3939 from
1035 3904 1052 3938 a
1066 3889 1125 3940 roll.
1158 3889 1184 3940 It
1198 3890 1312 3940 consiste
1326 3891 1354 3942 of
1367 3889 1459 3950 serpo
1528 3900 1530 3929 ι

406 3953 487 4002 ’·”Τ11θ
504 3955 664 4016 assignment
680 3969 762 4004 seems
778 3953 901 4016 regarded
951 3955 1059 4003 thetical
1066 3969 1124 4004 ease
1130 3958 1178 4018 put
1184 3955 1238 4006 and
1244 3955 1383 4005 discussed.
1407 3951 1459 4001 Thia

375 4018 516 4069 somewhat
532 4034 562 4068 aa
576 4034 613 4067 we
627 4020 717 4082 regurd
733 4034 768 4069 an
780 4020 900 4081 appoint-
951 4019 1005 4069 and
1016 4019 1061 4068 tha
1072 4023 1123 4069 tuo
1134 4025 1196 4069 next
1206 4021 1304 4071 entries
1318 4037 1361 4072 are
1374 4019 1460 4068 written

375 4088 447 4134 ment
458 4082 669 4147 uuderapower.
706 4084 761 4133 The
783 4086 901 4144 assignes
952 4084 1459 4147 bydiuerenthendratdinerentumat

375 4150 399 4199 is
416 4148 444 4197 in
461 4147 495 4210 by
511 4149 580 4198 tores
596 4149 625 4198 of
645 4149 690 4198 the
706 4149 755 4212 gift
778 4149 854 4199 made
874 4155 901 4198 to
951 4165 968 4200 a
985 4149 1065 4199 blank
1081 4165 1144 4212 page
1161 4151 1190 4201 of
1206 4151 1252 4202 the
1268 4151 1395 4203 bookhas
1410 4147 1460 4198 uus

376 4215 421 4264 the
442 4214 560 4276 assigner
582 4214 633 4263 and
649 4214 691 4264 his
713 4215 823 4276 assigno.
864 4217 901 4264 Aa
951 4214 1144 4265 baenatilized.

377 4285 404 4329 to
420 4278 522 4340 thegitt
538 4282 565 4328 to
582 4278 715 4329 abaetard
731 4280 783 4329 and
800 4279 844 4328 hie
859 4295 900 4330 aa·
983 4279 1201 4343 ‘Theplaintiffl

377 4345 456 4404 signs,
470 4359 511 4394 eea
522 4343 565 4392 Br.
579 4343 596 4393 1.
609 4347 641 4394 20
652 4344 677 4402 b,
689 4346 737 4394 412
746 4345 770 4393 b.
983 4346 996 4378 ⁸
1012 4345 1067 4395 'Pha
1078 4345 1231 4397 deforciant.

409 4411 419 4440 ³
437 4409 536 4472 Olearly
553 4408 606 4458 this
623 4414 697 4474 entry
708 4411 731 4460 is
746 4414 793 4461 not
811 4411 901 4474 copied
