3167 5075
321 402 438 453 consu
459 402 559 464 scon,
582 402 646 452 nn.
671 388 831 465 1235—6,
852 402 915 453 na
939 388 989 455 20.
1142 390 1206 455 163

123 572 303 659 desponsata
349 574 392 639 Et
407 575 485 661 quie
498 597 564 639 non
578 584 687 662 potest
702 584 848 641 constare
868 575 909 641 de
928 576 1069 642 ueritate
1088 577 1151 643 nisi
1170 578 1206 643 in

122 678 199 742 ouria
230 678 461 757 cristianitatis,
492 679 550 743 fiat
587 679 762 766 inquisicio.
824 680 903 746 Ideo
936 681 1126 747 mandatum
1156 690 1207 748 est

120 782 251 869 episcopo
266 784 483 850 Lincolniensi
497 784 584 871 quod
598 785 741 871 inquirat
753 785 928 852 ueritatem
940 794 1051 851 utrum
1062 786 1207 874 predicta
1219 784 1370 874 fflgf

119 884 229 951 leticia
262 888 306 953 sit
343 888 536 975 desponsata
572 889 735 977 legittime
772 892 826 955 uel
863 913 937 970 non,
965 899 1001 957 et
1032 892 1206 959 ueritatem
1220 881 1314 921 ‘m‘

119 988 263 1075 significet
288 992 382 1058 Dom.
407 992 492 1080 Regi
516 1001 576 1061 ete
626 994 670 1059 Et
693 993 833 1083 Egidius
859 1004 894 1062 et
916 996 1017 1063 Alina
1038 997 1115 1064 inde
1137 998 1207 1064 sine
1220 1022 1271 1063 ωι

117 1091 162 1157 die
184 1092 281 1159 donec
303 1117 363 1181 per
385 1095 572 1182 episcopum
598 1096 660 1162 loci
685 1097 869 1163 constiterit
894 1097 935 1163 de
960 1098 1110 1166 ueritate
1163 1100 1208 1165 Et

119 1196 239 1283 llgidius
254 1206 290 1264 et
303 1198 403 1264 Alina
416 1198 533 1265 inde
507 1223 577 1266 siue
592 1200 645 1266 die
660 1209 719 1267 etc.

31 1320 85 1383 143
173 1304 309 1371 Thomas
331 1305 586 1371 Archidieconus
608 1305 747 1373 Tottone
770 1308 970 1375 attachiatus
991 1309 1057 1374 fuit
1077 1309 1119 1374 ad
1144 1331 1208 1375 res·
1256 1313 1337 1357 ΒΜ

117 1408 312 1493 pendendum
341 1409 480 1475 Ricardo
508 1410 549 1476 de
577 1410 705 1477 Oumbe
730 1434 830 1497 quare
860 1412 970 1477 tenuit
994 1412 1184 1499 placitum
1173 1435 1209 1479 m

115 1513 194 1579 ιιιιιι
213 1515 438 1581 cristianitatis
459 1514 500 1581 de
523 1515 604 1581 laico
626 1514 719 1581 feodo
740 1515 844 1603 ipsius
867 1516 999 1583 Ricardi
1023 1517 1059 1583 in
1082 1518 1210 1585 comba

115 1624 216 1682 contro
243 1618 498 1734 prohibicionem
523 1618 616 1683 Dom.
644 1619 744 1708 Regis
770 1627 806 1685 et
834 1619 922 1685 unde
948 1621 1095 1708 queritur
1123 1620 1209 1708 quod

114 1720 206 1786 trahit
233 1744 311 1787 enm
341 1720 375 1785 in
405 1722 562 1807 placitum
591 1720 632 1787 de
662 1721 802 1809 quodam
831 1744 933 1808 paruo
961 1731 1055 1809 prato
1079 1731 1150 1802 etc,
1174 1730 1374 1824 dmm

113 1823 252 1892 similiter
270 1825 315 1891 ad
336 1825 597 1912 respondendum
619 1848 717 1913 quare
741 1827 819 1893 lecit
840 1850 916 1893 eum
938 1827 1011 1915 capi
1031 1850 1090 1914 per
1110 1828 1210 1894 breue
1222 1828 1368 1916 ΨΒ

112 1926 196 1995 Dom.
226 1931 328 2019 Regis
364 1953 422 2018 per
458 1930 571 1997 falsam
609 1932 850 2020 suggestionem
886 1932 1088 2021 suggerendo
1124 1932 1210 2019 quod
1223 1921 1366 2056 ffffiff

111 2035 327 2119 perseuerauit
340 2036 377 2101 in
391 2036 724 2102 excommunicacione
739 2058 799 2123 per
817 2037 858 2103 xl
874 2035 944 2103 dies
958 2044 1018 2101 etc.
1062 2036 1147 2101 Et
1122 2036 1209 2102 simi-
1222 2016 1341 2103 hiem
1288 2063 1374 2104 ωιω

113 2136 181 2202 liter
207 2139 367 2205 Ricardus
395 2162 532 2226 persone
557 2142 774 2208 summonitus
800 2142 864 2207 fuit
887 2140 929 2207 ad
952 2140 1209 2227 respondendum
1240 2110 1374 2197 aio-isidis

110 2264 201 2327 quare
227 2252 362 2311 secutus
385 2245 449 2310 fuit
473 2244 631 2332 placitum
655 2253 715 2311 etc.
769 2244 815 2310 Et
840 2244 1095 2311 Archidieconus
1117 2203 1375 2347 uenitffi'iil‘*

110 2346 299 2415 etdefeudit
314 2356 374 2415 etc.
390 2358 426 2414 et
440 2349 534 2467 quod·
548 2370 612 2414 non
632 2350 742 2415 tenuit
761 2349 919 2436 placitum
940 2349 981 2415 de
1001 2350 1110 2437 aliquo
1128 2298 1318 2415 laicoffli'*
1222 2344 1367 2440 fflpwffl

108 2450 217 2517 feodo
207 2454 313 2540 rpsius
329 2452 461 2519 Ricardi
480 2453 557 2541 quin
578 2461 708 2541 pratum
728 2452 812 2518 illud
834 2454 875 2519 de
896 2476 961 2541 quo
981 2454 1128 2542 queritur
1146 2476 1212 2519 non
1223 2441 1359 2526 mr?

108 2567 153 2621 est
185 2559 306 2624 laicum
341 2559 515 2625 feodum
505 2559 607 2646 1psius
644 2557 777 2624 Ricardi
813 2567 864 2624 set
900 2560 1003 2625 libera
1038 2560 1213 2626 elemosina
1224 2531 1375 2674 idemq&

108 2663 268 2746 pertinens
290 2661 334 2730 ad
358 2663 526 2729 ecclesiam
546 2663 587 2728 de
608 2663 706 2728 Wika
726 2670 761 2728 et
780 2661 868 2728 unde
883 2663 1018 2729 ecclesia
1031 2662 1088 2728 illa
1102 2662 1363 2762 scisitarmdtne

109 2774 207 2833 estet
228 2768 296 2834 fuit
318 2789 340 2832 a
360 2767 475 2832 multis
496 2767 792 2854 retrotemporibus,
811 2777 846 2833 et
867 2790 942 2834 cum
963 2768 1033 2854 ipae
1054 2767 1336 2835 Ricardusm

107 2873 268 2956 spoliasset
303 2870 472 2938 ecclesiam
505 2871 595 2937 illam
626 2870 667 2937 de
698 2871 811 2937 eodem
846 2880 947 2958 prato,
977 2871 1019 2936 ad
1048 2873 1260 2958 querelam

107 2979 231 3046 rectoris
245 2978 384 3046 ecclesie
398 2976 545 3043 eiusdem
560 2985 599 3042 ut
613 2977 776 3043 iusticiam
796 2977 845 3046 eis
862 2978 1030 3044 exhiberet
1044 2999 1102 3064 pro
1116 2977 1213 3044 officii

107 3083 153 3146 sui
173 3082 297 3161 debito,
315 3083 395 3149 fecit
416 3105 493 3148 eum
514 3081 609 3148 citari
630 3081 853 3168 sollempniter
875 3090 909 3146 et
931 3081 1009 3167 quis.
1029 3103 1213 3168 comparere

107 3187 204 3254 noluit
218 3197 271 3256 set
286 3187 525 3255 contumaciter
538 3209 573 3252 se
588 3186 775 3251 absentenit
785 3193 860 3272 post
870 3186 1018 3272 primam,
1028 3186 1213 3266 secundam,

107 3302 138 3358 et
161 3295 297 3361 terciam
325 3293 531 3360 uocacionem
558 3292 636 3358 iecit
661 3314 737 3358 eum
763 3292 1034 3358 excommunicari
1057 3313 1115 3378 pro
1138 3314 1213 3358 con·

107 3399 243 3466 tumacie
267 3421 341 3475 sua,
363 3405 398 3464 et
421 3398 498 3484 quia
518 3396 742 3483 perseuerauit
763 3395 922 3461 Ricardus
944 3396 1022 3462 fecit
1043 3419 1118 3462 eum
1140 3397 1213 3484 oapi

108 3507 162 3566 etc
189 3509 224 3567 et
260 3503 350 3568 bene
386 3498 533 3565 defendit
569 3499 655 3586 quod
683 3519 749 3564 non
778 3498 888 3564 tenuit
916 3498 1072 3584 placitum
1101 3507 1214 3566 contre

107 3606 359 3689 prohibicionem
388 3625 503 3670 uersus
531 3625 607 3669 eum
636 3603 721 3668 sicut
751 3624 864 3669 uersus
892 3624 969 3668 eum
1002 3603 1060 3690 qui
1087 3604 1212 3669 nullam

107 3719 220 3777 sectam
234 3709 391 3799 producit
405 3707 469 3773 nisi
483 3707 662 3794 simplicem
677 3727 798 3772 uocem
819 3705 825 3793 Ι

165 3816 284 3882 Postea
310 3813 406 3880 uenit
429 3811 588 3878 Ricardus
612 3819 647 3877 et
671 3811 753 3877 dicit
776 3810 863 3898 quod
886 3819 1017 3898 pratum
1042 3810 1125 3876 illud
1147 3811 1212 3878 fuit

107 3919 201 4006 petris
214 3919 268 3987 sui
283 3927 322 3985 et
337 3916 414 3982 inde
429 3916 512 3982 obiit
526 3915 656 3982 seisitus
675 3924 711 3981 et
730 3915 801 4001 ipse
820 3936 948 4001 semper
966 3914 1055 3980 fuit
1043 3937 1080 3980 ιιι
1093 3916 1212 3983 ιιιιιιιι

136 4063 146 4096 ²
161 4065 277 4128 Perhaps
288 4064 311 4116 ιι
329 4061 426 4114 should
440 4062 472 4112 be
487 4069 516 4112 ιιι
532 4063 634 4112 uidetur
684 4061 738 4112 olo
749 4059 847 4110 chnroh
858 4058 988 4111 sndmera
999 4059 1086 4110 henh-
1088 4059 1210 4122 elmoign.

107 4133 224 4195 saprade
240 4133 329 4182 eodem
347 4129 461 4179 Ricardo
479 4129 632 4191 Capellam
684 4125 849 4178 Ιιι1237ιιιι
859 4125 1119 4204 ciergyusrssxoitcd
1131 4075 1210 4176 eboni

109 4201 270 4261 atanprste
287 4195 337 4246 the
356 4194 486 4244 reference
506 4207 587 4242 seems
606 4196 634 4242 to
685 4189 994 4254 thecassolonehlapu
977 4192 1076 4267 'terit
1086 4192 1210 4241 Μαιε-

108 4259 137 4310 be
150 4265 179 4312 to
194 4262 260 4314 (lese
278 4261 332 4312 547
348 4259 506 4320 concerning
521 4255 635 4308 Riohard
681 4257 758 4321 sord:
777 4271 820 4306 ιιι
830 4255 1014 4306 sedeciastical
1025 4253 1210 4318 gricrencesin

108 4323 153 4377 ebs
152 4326 220 4392 plain
248 4327 278 4378 ol
306 4323 450 4376 Lidlord'
441 4339 470 4373 m
489 4273 633 4386 gsomerset,
686 4321 757 4371 Arm
768 4321 879 4384 Burton,
892 4335 918 4384 p.
930 4321 993 4381 2663
1010 4319 1058 4371 bnt
1072 4321 1143 4371 ubet
1157 4320 1211 4372 had

109 4341 570 4448 emmerammianos,
584 4388 634 4437 dis·
686 4386 824 4462 happened
850 4358 912 4436 dhes
937 4390 984 4438 not
1006 4386 1078 4438 there
1099 4399 1210 4451 appear.

110 4455 264 4522 tinguiming
281 4458 399 4508 ιιιιιιιιι
414 4453 459 4506 the
473 4454 559 4504 doner
576 4453 636 4504 land
686 4465 738 4502 ιιιι
749 4451 771 4501 ιι
782 4451 836 4501 this
846 4451 923 4501 cass?

1020 4554 1124 4615 11-2
