3167 5075
477 418 618 483 nram,
640 417 705 469 nn.
731 404 826 480 1225,
847 417 911 468 aa
935 402 964 467 9.
1225 398 1268 467 87

153 594 232 659 fecit
247 593 279 659 ei
293 592 335 659 de
351 614 379 656 v.
396 589 511 657 marcis
524 598 561 657 ot
575 588 617 655 ix.
633 588 688 654 sol.
702 610 761 675 pro
776 596 870 654 uasto
884 587 941 653 illo
959 595 1033 665 etc,
1046 596 1082 654 et
1103 587 1177 654 ideo
1195 587 1267 675 ipsc

152 696 275 762 habeat
288 694 441 761 saisinam
455 714 556 759 suam.

18 802 112 869 1057.
220 800 422 885 'Margareto
450 796 519 861 fllia
549 794 735 861 Walerandi
764 794 852 880 petit
881 815 994 859 uersus
1029 794 1195 861 Abbatem
1223 794 1265 861 de
1320 804 1384 845 Mn

151 901 369 969 Gerwedona¹
384 901 464 965 dues
479 922 581 964 cerne
599 907 683 963 terre
698 920 772 962 cum
788 906 869 984 pert
881 897 916 962 in
931 897 1036 983 Oleby
1050 906 1089 963 ut
1103 898 1155 965 ius
1168 921 1265 965 suum

152 1006 243 1073 unde
257 1006 404 1093 Bogerus
419 1026 501 1069 enus
516 1025 594 1069 suus
609 1003 673 1068 fuit
687 1002 818 1067 seisitus
832 1010 872 1066 ut
886 1000 927 1067 de
941 1002 1012 1067 inre
1027 1010 1088 1069 etc

221 1110 266 1173 Et
280 1108 393 1173 Abbrm
408 1107 502 1172 uenit
517 1115 551 1171 et
566 1106 646 1171 dicit
662 1106 747 1192 quod
759 1128 824 1170 non
834 1104 934 1170 debet
944 1105 1021 1171 inde
1032 1106 1064 1171 ci
1074 1105 1265 1191 respondere

152 1216 235 1302 quia
248 1215 320 1300 ipsa
334 1213 435 1279 habet
455 1234 559 1277 unum
579 1212 712 1277 fratrem
733 1212 850 1277 uiuum
871 1219 907 1277 et
928 1234 1044 1276 senum
1066 1211 1267 1277 Rennulfum

153 1318 287 1385 nomine
304 1317 362 1403 qui
376 1338 511 1404 presens
523 1322 574 1381 est
589 1314 698 1381 etheo
713 1314 803 1379 idem
817 1314 987 1400 cognoscit.

223 1423 267 1488 Et
289 1423 476 1508 Margareta
497 1419 577 1485 dicit
601 1418 688 1505 quod
710 1440 825 1483 reuera
850 1418 1035 1485 Ronnulfus
1061 1426 1111 1483 est
1137 1417 1267 1483 fratres⁸

152 1548 235 1591 suns
249 1532 300 1589 set
315 1524 383 1611 ipse
398 1523 541 1609 suscepit
556 1522 707 1587 habitum
721 1521 888 1608 religionis
902 1521 965 1607 xvj.
980 1520 1074 1586 annis
1095 1520 1266 1587 transactis

152 1630 190 1695 in
205 1629 301 1693 domo
316 1628 357 1693 de
373 1626 567 1693 Geruedena
581 1633 616 1690 et
630 1625 704 1691 ideo
719 1626 779 1691 hoc
795 1648 860 1691 non
875 1625 975 1691 debet
989 1626 1021 1692 ei
1035 1631 1175 1691 nocere·

221 1733 267 1797 Et
282 1732 394 1797 Abbos
410 1730 490 1795 dicit
510 1730 597 1817 quod
617 1746 784 1817 nunquam
805 1729 948 1796 reddidit
967 1752 1003 1795 se
1023 1739 1057 1795 et
1077 1730 1106 1795 si
1124 1728 1267 1795 reddidit

153 1858 190 1900 se
205 1834 275 1921 ipse
291 1834 391 1899 habet
406 1833 490 1898 filios
505 1841 539 1897 et
555 1832 647 1898 filias.

223 1940 268 2004 Et
304 1939 490 2025 Margarete
526 1938 586 2003 hoc
623 1937 787 2025 cognoscit
824 1946 859 2002 et
895 1937 1066 2025 producit⁴
1093 1936 1267 2023 quemdam

154 2043 322 2129 Rogemm
338 2049 490 2127 nepotem
508 2062 604 2105 suum
620 2036 753 2107 fratrem
765 2041 923 2105 Willelmi
937 2042 1146 2129 primogeniti
1160 2041 1269 2107 fratris

153 2146 260 2231 ipsius
286 2143 450 2211 Rnnnulfi.
494 2144 539 2209 Et
561 2143 636 2209 ideo
665 2144 742 2209 inde
772 2144 843 2209 sine
872 2144 926 2209 die
955 2153 992 2210 ct
1020 2146 1206 2232 Margareta
1232 2144 1269 2211 in

154 2248 385 2315 misericordia.
702 2330 705 2335 Ι

222 2352 416 2419 ⁶Gaufridus
437 2351 572 2415 Peuerel
596 2351 683 2437 petit
705 2374 819 2417 uersus
841 2351 1030 2418 Hubertum
1050 2353 1092 2419 de
1112 2354 1266 2419 Warhnm

154 2458 242 2546 quod
260 2464 373 2522 teneat
388 2456 419 2521 ei
434 2454 684 2520 conuencionem
704 2455 793 2520 inter
812 2477 866 2520 eos
886 2457 1006 2521 factam
1027 2457 1068 2523 de
1091 2459 1267 2525 medietate
1300 2531 1304 2540 ¹

155 2561 297 2627 manerii
326 2559 367 2624 de
397 2557 676 2624 Rumbaldeswico
705 2580 780 2623 cum
810 2560 1020 2645 pertinenciis
1055 2562 1143 2628 unde
1179 2563 1267 2629 idem

155 2666 337 2734 (lanfridus
355 2666 477 2751 profert
498 2671 621 2730 certam
643 2663 746 2749 ipsius
768 2664 913 2729 Huberti
934 2687 997 2752 que
1019 2675 1162 2732 testatur
1182 2669 1268 2754 quod

156 2769 334 2836 conuencio
364 2769 450 2833 facta
479 2776 529 2833 est
557 2768 645 2832 inter
671 2767 779 2853 ipsum
806 2768 999 2833 Gausridum
1025 2777 1060 2834 et
1085 2772 1267 2856 predictum

156 2873 351 2938 Hubertum
381 2879 417 2936 et
441 2869 653 2934 Eustachiam
679 2891 813 2934 uxorem
843 2870 913 2934 eius
941 2871 1041 2936 filiam
1072 2873 1269 2939 Godehonde

156 2978 324 3064 qnondam
350 2975 459 3042 uxoris
488 2974 569 3039 dicti
599 2974 748 3038 Gausridi
774 2974 839 3040 scii
867 2975 954 3061 quod
982 2976 1064 3042 dicti
1093 2977 1269 3043 Gausridus

157 3083 332 3148 Hubertus
361 3089 397 3146 et
427 3072 603 3145 Eustochiae
632 3079 730 3144 simul
759 3080 1044 3146 commorabuntur
1071 3081 1107 3146 in
1136 3081 1269 3168 capitali

158 3185 303 3272 mesngio
326 3184 367 3250 de
390 3183 502 3248 Wikes
525 3190 559 3246 et
582 3182 621 3246 de
645 3181 795 3247 omnibus
816 3182 1026 3267 pertinenciis
1048 3184 1153 3248 tocius
1177 3193 1268 3249 tene·

158 3288 265 3353 menti
280 3286 496 3352 communiter
510 3284 753 3350 exhibebuntur
764 3296 799 3349 et
809 3285 904 3350 liberi
916 3288 1113 3371 prefatorum
1125 3286 1269 3352 Huberti

158 3401 193 3456 et
215 3389 392 3455 Eustochie
414 3388 570 3475 quamdiu
590 3388 723 3474 pacifice
745 3388 936 3453 commorari
956 3389 1129 3466 noluerint,
1143 3389 1172 3454 si
1191 3412 1269 3455 uero

157 3494 336 3582 contigerit
365 3516 420 3558 eos
449 3492 555 3558 uelle⁶
583 3493 773 3558 commorari
803 3493 890 3558 idem
921 3493 1091 3558 Hubertus
1116 3494 1212 3559 faciet
1238 3495 1270 3560 ei

156 3600 281 3664 habere
307 3597 518 3662 medietatem
545 3597 623 3661 uille
650 3596 691 3660 de
715 3595 830 3659 Wikes
854 3595 890 3660 in
915 3595 1066 3661 omnibus
1090 3596 1181 3662 saluo
1205 3598 1270 3663 sibi

157 3701 294 3787 capitali
313 3700 465 3786 mesagio,
483 3699 570 3764 unde
589 3698 676 3764 idem
699 3698 874 3764 Gaufridus
894 3698 979 3783 petit
999 3697 1085 3784 quod
1104 3699 1218 3766 reddet
1237 3701 1269 3766 ei

158 3804 374 3872 medietatem
388 3804 473 3868 sicut
487 3804 641 3869 intereos
656 3803 818 3868 conuenit.

226 3910 272 3974 Et
287 3909 458 3974 Hubertus
472 3907 566 3973 uenit
580 3915 615 3972 et
629 3907 709 3973 dicit
725 3906 811 3993 quod
826 3928 892 3981 non
911 3904 1009 3971 debet
1028 3907 1071 3972 ad
1091 3907 1151 3973 hoc
1169 3909 1268 3975 breue

160 4015 354 4102 respondere
370 4014 448 4101 quia
461 4014 561 4078 breue
576 4013 731 4101 originale
746 4034 806 4098 per
825 4011 912 4098 quod
930 4010 1141 4097 inplacitetus
1155 4013 1219 4077 fuit
1233 4013 1268 4077 in

196 4185 253 4234 ¹13.
265 4199 301 4234 m.
312 4187 334 4236 9.
740 4182 799 4232 who
809 4181 937 4244 produces
947 4182 1039 4246 Rogat.
1073 4183 1125 4236 She
1141 4183 1204 4235 thus
1217 4183 1269 4235 dis·

196 4249 362 4302 ’danudon
406 4249 437 4299 in
480 4246 688 4300 Leioestershire.
741 4262 833 4312 provee
843 4247 890 4296 har
900 4262 958 4297 own
969 4249 1036 4302 title.

165 4316 339 4366 Honestrol.
352 4317 376 4376 5,
389 4331 415 4378 p.
431 4315 489 4364 328.
773 4311 943 4361 'Basso

197 4383 208 4414 ³
224 4381 294 4432 corr.
300 4385 394 4446 from,
409 4379 441 4429 B.
773 4377 784 4410 ⁰
802 4377 874 4426 Corr.
885 4379 960 4440 nolle,
973 4379 1004 4428 B.

197 4447 208 4479 ⁴
224 4447 258 4498 So
268 4448 299 4499 B.
336 4443 486 4509 Seemingly
496 4443 518 4495 it
529 4443 553 4495 is
563 4443 691 4509 Margaret
