3167 5075
325 371 389 438 642
431 435 434 444 ,
503 435 506 440 ,
556 366 784 435 rmmnum'e
806 384 899 434 man
920 384 959 433 1u
980 383 1193 444 remman,

391 559 437 626 Et
456 560 644 626 Alexander
658 559 752 626 uenit
768 568 803 626 et
817 559 898 624 dicit
912 559 999 646 quod
1017 558 1167 645 predicta
1184 557 1351 623 Beatrieia
1371 577 1439 622 non
1555 592 1556 613 κ

324 665 424 730 debet
452 663 529 730 inde
560 665 670 730 dotem
700 664 830 742 habere,
859 664 936 751 quia
969 664 1135 750 predictus
1170 662 1337 728 Henrioue
1372 683 1440 726 non

325 767 442 833 habuit
456 776 577 832 terram
592 767 682 832 illam
699 766 785 832 unde
801 767 911 831 dotem
925 766 1011 852 petit
1025 766 1089 831 nisi
1103 765 1147 831 ad
1166 764 1347 830 terminum
1367 763 1440 828 uite

326 893 384 936 sue
406 880 546 939 tantum.
591 872 635 936 Et
657 870 733 936 inde
755 873 878 957 profert
900 871 1063 958 quoddam
1084 871 1243 956 seriptum
1265 867 1355 956 quod
1376 868 1440 933 hoc

200 1023 204 1034 .
326 981 468 1038 tentatur
483 981 543 1039 etc.

392 1078 436 1142 Et
450 1077 609 1142 Rioherue
624 1085 659 1142 et
676 1076 841 1142 Beatrieia
862 1076 977 1141 dieunt
997 1075 1084 1162 quod
1106 1075 1264 1162 seriptum
1287 1073 1372 1140 illud
1391 1073 1441 1138 eie

325 1201 440 1245 nocere
455 1201 520 1244 non
534 1179 644 1258 debet,
660 1178 738 1264 quia
749 1179 934 1244 Willelmue
944 1178 986 1243 de
995 1178 1144 1243 Vallibue
1154 1187 1249 1263 pater
1257 1177 1441 1242 Alexandri

326 1281 450 1347 dimisit
478 1280 623 1368 predicto
653 1282 796 1347 Henrioo
821 1282 912 1347 illam
937 1289 1057 1346 terram
1085 1281 1121 1346 in
1144 1281 1248 1357 feodo,
1272 1279 1325 1345 ita
1348 1280 1441 1366 quod

326 1385 436 1450 tenuit
459 1408 532 1450 eam
554 1392 626 1450 tota
647 1384 720 1450 uita
740 1384 845 1470 ipsius
865 1384 1031 1462 willelmi,
1054 1392 1089 1449 et
1110 1384 1175 1449 fuit
1196 1384 1232 1449 in
1253 1384 1375 1449 neieina
1396 1383 1441 1448 de

327 1489 442 1554 eadem
471 1498 559 1555 terra
581 1489 635 1553 die
661 1511 725 1576 quo
751 1511 825 1554 eam
850 1487 1060 1575 desponeauit
1081 1488 1132 1554 ita
1153 1487 1242 1575 quod
1263 1510 1338 1554 eam
1358 1486 1442 1552 inde

326 1592 439 1659 dotare
452 1594 572 1681 potuit·

392 1696 436 1760 Et
467 1695 653 1762 Alexander
681 1695 776 1760 uenit
805 1703 841 1760 et
869 1694 951 1760 dioit
979 1694 1065 1781 quod
1093 1702 1182 1760 terra
1209 1694 1268 1759 illa
1295 1693 1361 1760 fuit
1396 1693 1442 1758 de

326 1800 499 1887 maritagio
513 1800 628 1866 matris
643 1823 710 1877 sue,
726 1807 761 1864 et
775 1799 804 1864 si
818 1806 913 1885 pater
926 1822 1005 1864 enus
1019 1799 1151 1887 aliquod
1169 1799 1292 1864 donum
1311 1797 1443 1864 alinde

326 1903 463 1981 feoiaeet,
492 1903 553 1968 hoo
575 1903 655 1968 fecit
680 1902 811 1980 iniuste,
834 1910 870 1967 et
892 1902 973 1968 dieit
998 1903 1086 1990 qnod
1107 1903 1143 1968 in
1164 1903 1238 1968 uita
1257 1901 1363 1988 patria
1387 1902 1443 1966 sni

164 2035 303 2078 neuneu
326 2014 492 2094 receperat
506 2007 673 2094 predictus
688 2006 851 2072 Henrioue
871 2015 994 2072 cartam
1013 2008 1055 2074 de
1074 2007 1221 2094 predicto
1239 2005 1445 2082 Alexandro.

164 2083 306 2172 mlta
325 2117 377 2176 eet
390 2109 432 2176 de
446 2109 557 2196 aliqua
570 2110 635 2175 alia
649 2117 740 2175 carta
753 2109 855 2174 nichil
868 2110 938 2176 ecit.

391 2216 436 2281 Et
449 2215 588 2302 predicti
600 2215 761 2282 Rioherue
775 2223 810 2282 et
824 2215 989 2281 Beatricia
1006 2236 1067 2280 neo
1086 2223 1210 2281 certam
1228 2238 1289 2281 nee
1309 2215 1447 2302 aliquid

326 2317 416 2382 aliud
430 2317 608 2384 ostendunt
623 2319 709 2405 quod
724 2319 812 2384 idem
827 2320 991 2385 Henrioue
1007 2320 1104 2385 aliter
1118 2329 1205 2386 eeeet
1223 2321 1393 2396 feoffatus,
1409 2331 1449 2386 et

325 2420 398 2486 ideo
428 2421 663 2487 consideratum
696 2430 747 2488 eet
776 2423 863 2508 quod
891 2422 1077 2488 Alexander
1096 2423 1182 2488 inde
1209 2423 1278 2488 sine
1310 2423 1379 2501 die,
1408 2435 1448 2489 et

325 2523 484 2591 Rioherus
498 2533 533 2591 et
547 2525 712 2591 Beatrioia
725 2525 760 2592 in
774 2526 995 2593 misericordia
1009 2535 1069 2593 eta

323 2904 518 2978 PLAOITA
540 2910 597 2976 ΕΤ
618 2909 776 2977 ASSISE
798 2908 860 2977 DE
882 2909 1059 2979 ULTIMO
1084 2910 1272 2979 ITINERE
1300 2912 1346 2980 M
1376 2914 1447 2982 DE

410 3012 738 3081 PATTESHULLA
775 3015 831 3081 ET
869 3016 1105 3084 SOCIORUM
1142 3016 1338 3084 SUORUM
1387 3020 1446 3086 IN

411 3116 648 3185 COMITATU
677 3117 901 3187 EBORAOP.

192 3408 285 3471 1344·
387 3380 499 3446 Aueiae
523 3379 616 3445 uenit
641 3379 849 3467 reoognitura
872 3381 901 3446 si
926 3376 1090 3447 Robertua
1117 3381 1208 3448 filine
1235 3374 1367 3449 Thema
1398 3385 1445 3451 de

201 3505 264 3547 neor.
324 3481 549 3571 Shielingtona
568 3483 689 3549 iniusto
704 3491 764 3549 eto.
780 3484 959 3550 disseieinit
977 3485 1163 3551 Johannem
1182 3486 1224 3551 de
1238 3486 1385 3575 Midhop
1399 3490 1446 3557 de

323 3590 423 3655 libero
438 3596 625 3655 tenemento
639 3612 698 3655 auo
712 3589 747 3655 in
762 3589 975 3655 Welbretona
988 3599 1063 3677 poet
1073 3591 1179 3657 ultim'
1194 3601 1255 3657 ete

388 3691 432 3755 Et
451 3691 614 3757 Robertus
635 3692 729 3756 uenit
751 3700 786 3757 et
807 3692 888 3757 dioit
909 3692 997 3779 quod
1017 3694 1119 3760 assisa
1139 3716 1205 3759 non
1228 3695 1332 3761 debet
1356 3696 1445 3765 inde

322 3793 400 3871 fieri,
415 3794 493 3880 quia
507 3795 568 3860 iste
584 3796 750 3862 {lohannes
770 3797 893 3882 profert
915 3798 1049 3862 assisam
1071 3799 1112 3864 de
1134 3798 1267 3865 redditu
1290 3810 1448 3887 quatuor

322 3897 378 3961 eol.
393 3895 434 3961 de
449 3904 637 3962 tenemento
651 3896 686 3962 in
702 3898 940 3977 Weetbretona,
955 3908 992 3965 et
1010 3898 1138 3966 desieut
1159 3900 1329 3967 Johanne·
1351 3902 1446 3971 dicit

323 4000 409 4086 quod
431 3999 471 4067 de
493 4010 681 4069 tenemento
699 4002 756 4068 illo
775 4003 875 4069 debet
889 4003 1023 4069 reddere
1038 4005 1070 4069 ei
1084 4004 1141 4091 iiij.
1157 4006 1213 4071 sol
1229 4028 1290 4093 per
1302 4030 1386 4076 ann.
1401 4034 1446 4076 eo

355 4208 366 4241 ¹
383 4208 447 4259 This
469 4210 580 4261 allusion
597 4212 650 4263 will
666 4212 698 4263 be
713 4212 850 4266 dieeumed
898 4214 1026 4267 northern
1037 4217 1155 4269 enuntia·
1166 4218 1220 4268 end
1230 4221 1444 4275 mmmm

323 4272 408 4323 inthe
419 4274 600 4327 Intmduotion
611 4281 639 4328 to
650 4278 704 4328 thie
715 4278 789 4329 book.
898 4280 964 4331 been
985 4282 1015 4331 in
1037 4282 1131 4333 oironit
1151 4282 1248 4347 during
1268 4284 1316 4335 the
1345 4288 1442 4341 whole

356 4338 367 4369 ³
383 4338 558 4391 Gommieeion
574 4342 603 4391 in
619 4342 679 4395 Rot.
697 4344 736 4393 01.
753 4344 805 4395 vol.
822 4346 847 4405 θ,
898 4350 1011 4398 autumn
1022 4346 1078 4399 and
1087 4348 1179 4400 winter
1189 4350 1219 4399 ol
1229 4350 1332 4401 moll.

322 4418 349 4467 p.
373 4404 429 4455 151.
461 4404 596 4459 Pateehull
612 4422 665 4461 uae
681 4412 740 4461 seut
757 4412 785 4460 to
802 4409 847 4461 the
