3167 5075
422 379 560 447 assuas,
582 363 648 434 ani
672 372 765 444 1223,
787 386 849 434 aa.
874 371 901 435 7.
1149 370 1210 429 481

127 561 155 615 et
174 551 301 618 dimidio
323 562 384 619 etc
408 562 444 619 et
466 557 553 641 petit
574 555 774 642 arreragium
798 555 886 620 illud.
932 554 975 620 Et
994 553 1118 618 Leti'cia
1132 553 1212 618 dicit

125 655 200 738 quod
212 656 308 721 nichil
322 665 415 722 tenet
429 681 490 724 nec
503 681 648 744 unquam
663 659 772 724 tenuit
786 659 827 724 de
842 658 987 744 predicto
1002 655 1167 734 Henrico¹,
1178 665 1212 721 et

123 757 187 823 ideo
199 783 260 824 non
273 763 348 826 uult
362 763 554 848 respondere
569 763 632 828 nisi
646 762 736 828 curia
750 761 1008 827 considerauerit
1028 759 1033 840 Ι

179 864 218 929 Et
232 865 383 931 Warinus
397 867 579 953 dicitquod
599 867 670 952 ipsa
688 866 810 930 iniuste
830 865 910 931 dicit
930 863 1017 951 quod
1036 886 1099 928 non
1120 871 1211 928 tenet

121 964 314 1055 decoquis
337 969 520 1035 Willelmus
542 969 584 1035 de
608 968 861 1036 Oheueleswella
884 967 940 1054 qui
964 967 1027 1032 fuit
1050 975 1211 1032 warantus
1294 1019 1299 1027 .

122 1069 250 1136 eiusdem
273 1073 398 1139 laeticie
417 1074 458 1138 de
478 1082 566 1139 terra
585 1074 642 1138 illa
661 1096 760 1160 quam
781 1073 852 1159 ipsa
872 1080 963 1138 tenet
983 1072 1016 1136 in
1035 1072 1145 1135 dotem
1169 1094 1210 1136 ex

119 1173 192 1238 dono
204 1176 334 1242 Ricardi
348 1178 412 1243 uiri
426 1177 478 1244 sui
493 1179 595 1264 patris
610 1178 755 1242 eiusdem
770 1176 936 1254 Wiilelmi,
950 1174 1028 1240 fecit
1046 1174 1208 1260 quoddam

118 1279 302 1344 escambium
324 1303 399 1344 cum
421 1281 535 1346 eodem
557 1281 689 1345 Warino
710 1279 752 1344 de
767 1287 838 1343 tota
852 1287 938 1343 terra
952 1277 1065 1342 suade
1080 1277 1208 1343 Chauc-¹

118 1381 244 1448 leswella
256 1407 315 1470 pro
330 1408 397 1450 una
411 1384 490 1450 hida
504 1393 588 1450 terre
603 1407 677 1449 cum
692 1392 773 1470 pert
785 1383 821 1447 in
833 1383 1000 1448 Garfordia
1011 1403 1108 1468 quam
1120 1379 1207 1444 idem

117 1483 254 1552 Wan'nus
268 1488 394 1554 dimisit
413 1488 520 1554 eidem
540 1488 704 1554 Willelmo
724 1496 758 1553 ct
778 1510 837 1573 pro
856 1487 967 1552 decem
991 1485 1106 1550 marcis
1126 1507 1207 1570 quas

115 1589 142 1652 ei
154 1590 240 1658 dedit
253 1593 352 1657 simul
366 1616 440 1658 cum
455 1593 514 1658 illa
526 1593 606 1658 hida
624 1601 719 1670 terre,
741 1600 775 1656 et
795 1591 916 1677 profert
936 1590 1097 1677 quoddam
1118 1611 1206 1674 cyro·

113 1693 262 1778 graphum
294 1696 477 1760 confectum
506 1695 593 1760 inter
621 1718 674 1761 eos
703 1694 790 1782 quod
819 1702 968 1767 testatur,
999 1693 1084 1779 quod
1118 1691 1205 1756 idem

113 1798 300 1862 escambium
322 1799 371 1863 ita
391 1799 514 1864 factum
536 1807 588 1864 est
609 1799 696 1863 inter
721 1821 775 1864 eos
801 1798 861 1863 tali
886 1797 981 1862 modo
1007 1797 1092 1884 quod
1117 1795 1205 1861 idem

113 1899 286 1968 Willelmus
310 1925 351 1968 ex
376 1925 508 1968 assensu
535 1911 569 1969 et
594 1904 765 1968 uoluntate
791 1902 949 1968 Willelmi
977 1902 1017 1967 de
1049 1903 1205 1967 Senecurt

110 2005 247 2089 ‹apitalis
261 2007 386 2072 domini
400 2009 452 2073 sui
466 2031 506 2073 er
521 2016 591 2073 toto
606 2030 640 2073 sc
654 2008 779 2074 dimisit
793 2008 834 2072 de
850 2017 936 2072 terra
949 2029 1008 2072 sua
1022 2006 1062 2071 de
1079 2006 1203 2072 Gheue·

111 2106 239 2176 leswella
253 2121 291 2176 et
305 2134 377 2176 eam
392 2112 526 2177 Warino
540 2111 679 2176 Bostard
693 2121 728 2176 et
748 2111 921 2176 heredibus
942 2111 1008 2175 suis
1030 2109 1084 2173 uel
1104 2109 1204 2196 assig-

109 2211 186 2276 natis
213 2215 372 2280 concessit
402 2215 437 2280 in
465 2224 671 2302 perpetuum,
700 2215 876 2280 tenendam
904 2213 945 2279 de
975 2213 1138 2278 Willelmo
1163 2211 1204 2276 de

107 2313 257 2383 Senecurt
284 2327 319 2383 et
344 2321 386 2384 de
415 2319 588 2385 heredibus
616 2319 684 2384 suia
712 2340 770 2404 per
798 2319 886 2382 idem
915 2317 1088 2382 seruicium
1118 2315 1203 2401 quod

107 2427 315 2487 antecessores
335 2422 386 2488 sui
405 2423 447 2487 de
466 2422 632 2487 Willelmo
652 2423 810 2488 Senecurt
831 2430 865 2487 et
885 2421 926 2486 de
949 2421 1203 2486 antecessoribus

105 2523 165 2589 suis
183 2534 371 2603 tenuenmt
390 2526 554 2593 reddendo
574 2550 770 2614 perannum
795 2535 926 2591 tantum
950 2533 1010 2591 etc.
1034 2548 1091 2611 pro
1115 2524 1202 2589 omni

106 2635 167 2705 etc,
189 2639 225 2695 et
249 2654 309 2717 pro
333 2632 394 2696 hac
416 2632 603 2697 dimissione
627 2640 687 2696 etc.
711 2632 798 2696 idem
814 2630 966 2696 Warinus
985 2630 1076 2695 dedit
1097 2628 1202 2695 eidem

105 2728 262 2796 Willclmo
285 2740 347 2797 etc.
371 2731 482 2797 decem
506 2754 631 2796 marcas
653 2740 713 2797 etc.
738 2740 773 2796 et
796 2754 895 2795 unam
919 2730 1029 2796 hidam
1056 2739 1140 2795 terre
1166 2731 1201 2795 in

104 2830 283 2900 Garsfordia
305 2844 364 2900 etc.
390 2836 564 2900 tenendam
588 2836 650 2900 sibi
674 2843 708 2899 et
731 2834 904 2899 heredibus
929 2834 996 2899 suis
1021 2834 1062 2899 de
1088 2834 1200 2899 eodem

103 2935 228 3004 Warino
263 2949 324 3004 etc
354 2939 517 3005 reddendo
545 2963 604 3025 per
631 2962 753 3005 annum
780 2948 839 3005 etc.
867 2940 907 3005 xi
934 2941 1005 3005 den.
1043 2940 1202 3005 ·Adicitur

102 3040 197 3107 eciam
215 3045 251 3107 in
272 3043 470 3129 cyrographo
489 3043 576 3129 quod
600 3067 660 3109 nec
684 3043 771 3108 idem
795 3043 979 3108 Willelmus
1001 3066 1060 3108 nec
1083 3044 1200 3130 aliquis

102 3140 251 3209 heredum
277 3167 409 3210 sucrum
435 3144 471 3209 in
495 3153 662 3231 posterum
687 3145 812 3231 aliquid
837 3146 871 3209 in
896 3146 1022 3231 prefata
1047 3154 1133 3211 terra
1158 3148 1199 3211 de

101 3246 354 3335 (iheueleslegha
372 3271 432 3314 nec
450 3248 486 3313 in
506 3248 641 3314 seruicio
661 3248 806 3314 eiusdem
826 3257 911 3314 terre
928 3249 1050 3336 aliquid
1071 3250 1198 3337 exigere

99 3359 208 3433 potest.
254 3352 382 3417 Profert
396 3352 499 3417 eciam
514 3361 636 3417 cartam
651 3353 790 3438 predicti
804 3352 962 3419 Willelmi
980 3354 1020 3419 de
1041 3353 1198 3419 Senecurt

98 3456 240 3540 capitalis
263 3456 388 3521 domini
410 3456 511 3543 quod¹
532 3458 700 3523 confirmat
730 3458 836 3522 eidem
859 3456 991 3523 Warino
1020 3457 1197 3522 secundum

98 3558 277 3643 predictum
299 3560 535 3646 cyrographum
556 3560 754 3625 escambium
775 3561 867 3639 illud,
889 3570 924 3625 et
946 3582 1010 3645 que
1039 3558 1197 3624 testatur⁸

96 3662 178 3729 idem
206 3665 397 3730 Willelmus
424 3667 466 3730 de
497 3665 732 3752 Gheueleslega
759 3688 826 3730 una
855 3687 929 3729 cum
958 3664 1107 3750 homagio
1138 3686 1196 3729 suo

96 3766 214 3833 dimisit
228 3792 266 3835 se
281 3769 324 3833 de
338 3777 425 3833 terra
439 3770 504 3846 illa,
524 3777 560 3833 et
580 3770 669 3833 illam
690 3770 869 3856 resignauit
888 3770 923 3833 in
943 3790 1075 3832 manum
1095 3790 1196 3845 suam,

95 3878 126 3932 et
138 3874 224 3957 quod
242 3881 320 3959 post
338 3873 592 3961 resignacionem
607 3873 696 3937 illam
711 3874 834 3958 recepit
852 3872 1038 3958 homagium
1059 3871 1196 3957 predicti

95 3970 214 4041 Warini
229 3976 275 4041 de
290 3975 404 4041 cadem
419 3985 514 4053 terra,
528 3998 603 4040 cum
617 3976 767 4040 omnibus
782 3984 841 4039 etc.
863 3974 992 4039 tenend'
1016 3984 1075 4039 etc.
1096 3974 1137 4039 de
1157 3996 1195 4039 eo

94 4086 148 4143 ctu
178 4102 238 4165 per
269 4078 312 4142 xi
341 4079 396 4145 soh
442 4078 540 4144 Unde
569 4078 655 4143 idem
686 4078 839 4143 Warinus
863 4078 1005 4142 ostendit
1029 4078 1114 4164 quod
1137 4100 1196 4163 per

93 4190 192 4247 (artas
207 4183 285 4247 illas
299 4191 348 4247 est
363 4182 432 4268 ipse
447 4182 482 4247 in
497 4182 615 4247 seisina
629 4182 669 4246 de
684 4181 830 4267 predicta
850 4190 936 4246 terra
957 4181 997 4245 de
1021 4182 1194 4247 Cheueles·
