3167 5075
373 378 438 443 268
591 390 708 441 consu
731 392 830 453 rinos,
852 392 917 441 an.
942 377 1100 453 1ἳ38-9,
1122 392 1185 441 aa
1210 380 1260 442 23.

368 582 426 625 suo
448 560 483 625 in
505 561 659 625 suburbio
681 561 721 625 de
743 560 868 626 Lenna'
890 571 964 648 post
983 563 1121 649 primam
1142 572 1211 641 etc,
1229 572 1265 629 ct
1288 563 1371 628 unde
1391 563 1456 629 dicit
1525 609 1526 630 2

368 664 550 750 quodcum
572 664 692 731 habeat
717 665 880 751 quoddam
906 666 1125 732 molendinum
1152 690 1252 755 prope
1274 669 1411 733 Lennam
1429 680 1456 731 et

368 768 588 833 molendinum
604 769 723 833 molere
739 768 858 833 debeat
873 792 931 855 per
945 793 1063 856 aquam
1078 772 1194 837 salsam
1210 773 1280 859 ipse
1294 772 1330 837 in
1344 781 1455 837 tantun

368 872 492 936 acreuit
514 880 634 936 terram
657 894 749 936 suam
775 894 874 957 super
898 882 1052 960 stagnum
1077 884 1112 939 et
1136 898 1239 962 usqne
1263 877 1297 941 in
1323 886 1454 963 stagnum

368 975 450 1040 illud
472 975 559 1061 quod
580 997 691 1040 cursus
713 974 892 1061 impeditur
913 976 956 1041 ad
977 977 1198 1044 molendinum
1218 980 1302 1045 illud
1321 989 1355 1045 et
1370 981 1455 1045 eciam

368 1081 454 1166 quod
468 1104 554 1166 aqua
568 1102 632 1145 non
647 1088 754 1165 potest
769 1080 891 1146 intrare
905 1081 941 1145 in
955 1091 1110 1169 stagnum
1131 1083 1166 1148 in
1181 1094 1276 1149 tanta
1289 1084 1455 1171 quantitate

368 1186 452 1251 siout
467 1186 588 1250 intrare
603 1185 686 1251 solet
701 1185 775 1249 etc.²

434 1291 478 1355 Et
500 1289 661 1354 Walterus
682 1288 763 1353 dicit
784 1288 872 1375 quod
894 1311 1008 1354 reuera
1028 1290 1152 1355 nullam
1174 1292 1252 1356 fecit
1273 1292 1454 1357 disseisinm

368 1394 445 1479 quia
459 1392 621 1458 obstruxit
636 1413 723 1457 mare
738 1400 773 1456 et
787 1414 906 1477 aquam
920 1392 1038 1456 salsam
1052 1393 1093 1457 de
1108 1402 1195 1458 terra
1214 1418 1274 1459 sua
1293 1395 1413 1480 propria
1427 1404 1455 1457 ot

367 1518 432 1559 non
447 1496 488 1561 de
503 1505 589 1559 terra
603 1494 711 1580 stagni
725 1516 784 1559 nec
799 1493 842 1558 ad
856 1502 1088 1558 nocumentum
1109 1494 1218 1581 stagni
1237 1504 1272 1559 et
1292 1496 1366 1561 inde
1379 1496 1456 1583 ponit

367 1622 402 1664 se
416 1623 514 1685 super
527 1600 675 1664 iuratam.

419 1707 455 1771 -J
457 1718 599 1770 uratores
619 1702 732 1768 dicunt
752 1702 840 1788 quod
859 1702 1024 1787 prodictus
1039 1702 1204 1769 Walterus
1221 1704 1299 1769 fecit
1313 1704 1457 1791 quoddam

367 1833 488 1875 nouum
505 1810 658 1873 fossatum
674 1814 766 1872 extra
780 1806 942 1893 quoddam
957 1816 1055 1872 uetus
1075 1808 1229 1873 fossatum
1251 1809 1338 1895 quod
1352 1810 1456 1874 lachim

367 1914 431 1977 fuit
457 1913 561 1977 multo
591 1920 736 1996 tempore
767 1920 929 1976 transacto
959 1934 1063 1997 usque
1091 1912 1127 1976 in
1156 1921 1310 1999 stagnum
1337 1910 1458 1999 predicti

367 2018 535 2083 Michaelis
550 2025 583 2082 et
599 2017 684 2102 quod
698 2016 820 2081 fundus
834 2016 921 2080 inter
934 2016 1016 2080 illud
1027 2024 1124 2081 uetus
1136 2016 1291 2082 fossatum
1303 2028 1338 2083 et
1351 2038 1457 2081 nouum

367 2131 417 2187 est
438 2122 541 2208 ipsius
563 2121 740 2197 Michaelis,
755 2129 790 2185 et
811 2121 886 2185 ideo
907 2120 977 2206 ipse
999 2121 1138 2186 Michacl
1160 2122 1340 2187 disseisitus
1359 2129 1406 2186 est
1425 2119 1459 2183 de

367 2235 437 2292 toto
459 2226 558 2292 fundo
580 2225 667 2290 inter
692 2225 749 2289 illa
774 2223 839 2290 duo
865 2226 984 2289 fossata
1006 2225 1042 2289 in
1067 2226 1175 2312 aliquo
1202 2227 1269 2292 loco
1293 2226 1414 2291 circiter
1433 2244 1459 2285 1.
1528 2251 1529 2280 1

366 2329 465 2416 pedes
485 2336 520 2395 et
539 2328 574 2393 in
593 2328 702 2414 aliquo
721 2328 849 2393 circiter
868 2327 934 2413 viij.
956 2336 991 2393 et
1010 2328 1047 2392 in
1066 2329 1229 2415 aliquibus
1250 2329 1329 2394 locis
1346 2328 1414 2415 plus
1431 2334 1462 2389 et

367 2433 481 2498 minus
542 2432 585 2496 Et
621 2430 694 2496 ideo
730 2430 968 2496 consideratum
1002 2440 1054 2497 est
1087 2433 1174 2519 quod
1209 2432 1349 2498 Michael
1380 2452 1461 2495 recu-

367 2537 496 2623 perauit
530 2535 681 2602 saisinam
718 2558 821 2610 suam,
851 2544 886 2601 et
914 2535 1080 2600 Walterus
1116 2534 1151 2600 in
1187 2534 1407 2611 misericordia,
1432 2541 1463 2597 et

367 2664 489 2706 nouum
526 2641 681 2706 fossatum
715 2648 939 2726 prosternatur
967 2647 1001 2704 et
1031 2639 1171 2704 Michael
1200 2639 1299 2704 faciat
1319 2639 1359 2704 de
1386 2647 1465 2702 terra

367 2767 470 2831 usque
500 2744 543 2809 ad
572 2752 670 2808 uetus
699 2745 856 2809 fossatum
881 2743 1051 2808 comodum
1079 2766 1176 2809 suum
1204 2743 1292 2809 sicut
1319 2743 1358 2808 de
1386 2751 1465 2807 terra
1529 2826 1530 2831 ἵ

368 2872 428 2915 sua
442 2857 503 2915 etc.

433 2953 545 3018 Assisa
562 2953 655 3018 uenit
675 2953 879 3039 recognitum
898 2953 926 3018 si
946 2953 1086 3018 Thomas
1105 2952 1146 3018 de
1164 2953 1303 3018 Gelham
1318 2961 1352 3019 et
1365 2954 1464 3038 plures

307 3070 326 3101 ⁰·
368 3057 425 3124 alii
438 3057 560 3122 iniuste
574 3065 632 3120 etc.
645 3056 890 3121 disseisiuerunt
903 3057 1078 3122 Ricardum
1093 3057 1134 3122 de
1149 3057 1304 3122 Dunham
1318 3057 1358 3122 do
1372 3057 1466 3120 libero

369 3169 556 3226 tenemento
571 3181 629 3224 suo
643 3159 677 3223 in
694 3159 873 3224 Karletona
886 3167 922 3225 et
935 3160 1090 3225 Dunham
1104 3167 1178 3246 post
1191 3159 1330 3244 primam
1344 3179 1465 3224 corona·

369 3266 494 3331 cionem
516 3273 584 3342 eto,
607 3272 642 3329 et
664 3263 750 3329 uude
776 3264 925 3350 queritur
946 3263 1033 3350 quod
1058 3263 1307 3329 disseiduerunt
1330 3285 1405 3328 eum
1428 3260 1465 3324 de

369 3369 509 3456 quadam
524 3368 661 3455 piscaria
675 3366 747 3432 etc.⁸
786 3369 831 3432 Et
845 3367 986 3432 Thomas
1000 3375 1035 3431 et
1048 3366 1106 3431 alii
1121 3367 1269 3444 ueniunt,
1284 3375 1319 3432 et
1333 3367 1466 3431 Thomas

368 3473 449 3539 dicit
468 3471 554 3558 quod
568 3470 684 3557 piscari
698 3470 799 3536 debet
812 3471 849 3535 in
869 3470 1017 3556 predicta
1028 3470 1167 3556 piscaria
1180 3472 1309 3537 racione
1323 3471 1383 3536 tali
1397 3469 1467 3536 etc⁴

369 3587 403 3644 et
417 3577 511 3664 ponit
525 3599 559 3641 se
574 3599 671 3662 super
685 3575 835 3642 iuratam.

433 3682 601 3747 Juratores
629 3681 743 3746 dicunt
769 3679 856 3767 quod
881 3680 923 3745 de
946 3680 1083 3766 piscaria
1106 3681 1284 3747 disseisiuit
1309 3680 1468 3767 predictus

369 3786 508 3851 Thomas
533 3785 716 3871 predictum
742 3785 918 3849 Ricardum
944 3785 1064 3850 iniuste
1090 3795 1150 3851 etc
1176 3786 1253 3872 quia
1278 3785 1326 3851 ihi
1349 3785 1467 3850 nullam

369 3889 486 3954 habere
502 3887 600 3953 debet
614 3911 818 3952 communem
832 3911 892 3954 nec
906 3890 1084 3974 piscariam,
1100 3897 1134 3955 et
1148 3889 1196 3956 ibi
1209 3889 1283 3975 capi
1297 3890 1376 3954 fecit
1390 3888 1469 3953 recia

368 3993 471 4080 ipsius
493 3991 632 4070 Ricardi,
655 4000 690 4056 et
714 3993 749 4056 in
772 3992 909 4078 piscaria
932 3994 991 4060 illa
1012 3995 1156 4081 pisoetus
1178 4001 1229 4059 est
1248 3993 1371 4058 iniuste
1391 3992 1469 4058 siem

403 4163 615 4278 :tussim
679 4292 686 4305 ,
787 4294 793 4306 ,
848 4293 855 4305 ‚
946 4165 1119 4282 stetu
1131 4163 1468 4307 fflffihlth

403 4293 475 4342 ³Br.
487 4293 505 4342 l.
517 4293 601 4344 2331).
637 4292 770 4344 Thressae
785 4293 892 4346 1sF1ta.
945 4297 1072 4347 nnisanos
1093 4297 1124 4346 ot
1142 4295 1185 4345 lus
1205 4295 1277 4345 land.
1309 4295 1343 4344 ln
1365 4294 1468 4358 parthe

371 4359 463 4418 Assius,
477 4359 534 4407 438.
567 4358 593 4407 It
609 4373 691 4408 seems
707 4360 766 4409 that
782 4359 896 4410 Richard
949 4361 1077 4420 succeeds,
1090 4359 1312 4424 inparthelails.

372 4422 533 4487 complainod
549 4425 596 4472 not
613 4424 674 4486 only
689 4423 748 4475 that
765 4425 808 4474 his
823 4424 895 4486 right
978 4427 989 4459 ⁸
1005 4427 1060 4476 The
1071 4441 1163 4476 reason
1175 4423 1258 4474 would
1268 4424 1302 4474 be
1311 4439 1349 4474 on
1360 4425 1405 4476 the
1414 4424 1465 4474 roll
