3167 5075
365 363 428 424 512
587 377 821 438 messanum,
844 377 907 425 11.
934 365 1111 440 1221111
1134 367 1249 430 0—10.

357 695 552 762 PLACITA
595 696 719 762 APUD
765 696 1229 767 WESTMONASTERIUM
1265 701 1327 766 DE
1364 703 1468 766 TER-

445 801 564 866 MINO
596 801 628 866 S.
661 802 913 870 MIOHAELIS
943 805 1075 870 ANNO
1103 806 1240 872 REGIS
1267 807 1467 874 HENRICI

444 905 575 971 NONO
606 905 663 972 ΕΤ
691 907 962 974 ΙΝΟΙΡΙΕΝΤΕ
992 909 1194 977 Duellio&

225 1127 316 1189 1563·
420 1097 1468 1189 ’117111111111111111811Ἷ11111111111(1113111111111111111111ι

239 1224 298 1265 sorr
356 1204 489 1268 terciam
511 1214 639 1290 partem
661 1204 701 1269 ln
725 1227 781 1270 sex
804 1229 864 1270 acr.
888 1217 973 1271 terre
996 1227 1070 1270 cum
1091 1215 1175 1292 pert.
1197 1207 1231 1271 in
1246 1207 1416 1294 Fisinges³
1431 1219 1466 1272 ut

354 1308 406 1372 ius
431 1333 527 1374 suurn
554 1318 624 1386 etc,
649 1317 685 1374 11
710 1317 748 1373 11
773 1309 1003 1375 racionabilem
1029 1319 1156 1395 partem
1180 1333 1273 1374 suam
1298 1333 1361 1397 que
1389 1333 1466 1375 eum

354 1414 516 1500 contingit
539 1414 579 1479 de
603 1415 786 1479 hereditate
810 1415 941 1480 Ricardi
963 1414 1066 1501 patris
1090 1437 1200 1479 eorum
1226 1425 1286 1481 etc
1310 1416 1401 1480 sicut
1429 1415 1467 1480 de

355 1525 441 1582 term
455 1519 602 1604 partibili
616 1527 677 1584 etc.

420 1625 464 1688 Et
486 1624 631 1710 Rogems
652 1623 745 1688 uenit
765 1632 800 1688 11
822 1623 968 1688 defendit
988 1623 1039 1688 ius
1059 1647 1155 1688 suurn
1176 1623 1304 1710 quando
1325 1633 1401 1703 etc,
1417 1635 1466 1689 set

354 1726 434 1792 dicit
449 1728 535 1813 quod
550 1750 614 1791 non
630 1727 729 1792 debet
743 1725 785 1790 ad
800 1727 859 1790 hoc
875 1726 974 1791 breue
989 1727 1190 1813 respondere,
1206 1728 1282 1813 quia
1302 1729 1467 1794 Riffirdus

354 1831 470 1896 habuit
499 1833 608 1917 plures
636 1831 719 1895 filios
748 1841 784 1894 11
814 1832 954 1896 maxime
984 1831 1157 1917 quemdam
1186 1831 1376 1898 Johaunern
1410 1835 1465 1920 qui

354 1942 501 1999 mortuus
516 1944 566 1999 est
581 1943 615 1999 et
630 1935 687 2020 qui
701 1935 817 1999 habuit
832 1934 937 1999 filiurn
952 1936 1008 2022 qui
1023 1935 1130 2001 adhuc
1144 1945 1306 2023 superstes
1318 1947 1382 2005 111.
1424 1940 1466 2004 Ε1

354 2036 518 2102 Walterus
533 2036 592 2102 hoc
606 2036 753 2102 defendit
769 2047 830 2102 etc.

421 2144 464 2207 Et
484 2143 630 2230 Rogemus
652 2142 800 2208 defendit
824 2142 910 2229 quod
935 2152 1021 2209 terra
1044 2166 1108 2209 non
1133 2153 1183 2209 est
1206 2144 1381 2230 partibilis,
1409 2168 1467 2210 nec

353 2247 468 2333 partiri
489 2247 597 2321 debet,
621 2248 698 2335 quia
719 2255 936 2314 antecessores
958 2249 1010 2314 sui
1032 2249 1156 2314 feoffati
1170 2251 1302 2314 fuerunt
1317 2249 1359 2314 de
1378 2259 1468 2316 terra

355 2350 412 2416 illa
433 2374 491 2438 per
512 2352 685 2417 seminium
707 2352 849 2417 militare
871 2353 1062 2431 faciendum,
1078 2363 1113 2418 et
1126 2376 1253 2440 semper
1267 2354 1344 2418 fecit
1361 2355 1469 2419 semi·

354 2457 441 2522 cium
464 2457 604 2522 militare
627 2479 794 2544 quousque
817 2457 908 2522 Prior
929 2457 969 2522 de
997 2457 1107 2522 Lewes
1137 2457 1283 2544 capitalis
1309 2457 1468 2524 dominus

355 2563 464 2648 posuit
485 2562 659 2627 seruicium
681 2561 822 2626 militare
845 2561 887 2626 ad
906 2560 1062 2638 denarios,
1077 2560 1126 2625 ita
1141 2561 1227 2647 quod
1241 2560 1336 2626 modo
1350 2562 1468 2627 reddit

355 2667 395 2731 xl.
412 2666 465 2731 sol
482 2689 539 2752 pro
555 2666 655 2730 tercia
668 2675 761 2752 parte
777 2664 862 2731 feodi
877 2665 974 2729 unius
989 2664 1104 2729 militis
1118 2688 1216 2750 quam
1236 2664 1312 2731 inde
1334 2667 1468 2731 solebat

355 2770 527 2856 percipere.

419 2875 463 2939 Et
482 2874 647 2940 Walterus
666 2874 746 2938 dicit
766 2872 853 2959 quod
872 2872 992 2937 iniuste
1013 2872 1072 2937 hoc
1092 2871 1172 2937 dicit
1192 2872 1271 2959 quia
1291 2882 1384 2939 terra
1410 2876 1468 2941 ills

354 2988 404 3044 est
429 2978 604 3065 partibilis„
623 2985 657 3042 et
683 2978 742 3041 hoc
768 2978 850 3041 bene
877 2984 977 3062 patet,
1003 2976 1081 3062 quia
1104 2976 1254 3062 Paganus
1276 2986 1470 3044 anteccffior

353 3106 431 3148 suus
454 3083 557 3168 pn'mo
579 3080 728 3145 feoffatus
750 3078 1284 3156 1111111111111101,6111111111]
1304 3090 1339 3145 ct
1357 3082 1469 3147 111111-

354 3210 442 3265 num,
461 3187 548 3252 inter
566 3208 647 3271 quos
667 3192 754 3248 terra
773 3183 831 3249 illa
850 3183 973 3269 partita
991 3182 1064 3260 fuit,
1085 3193 1119 3247 et
1140 3184 1322 3250 Gilibertus
1343 3184 1468 3252 babuit

353 3301 493 3378 quatuor
514 3290 597 3354 filios
620 3289 707 3353 inter
730 3310 810 3373 quos
834 3286 985 3351 similiter
1007 3286 1130 3372 partita
1155 3287 1219 3351 fuit
1245 3296 1335 3354 terre
1358 3290 1468 3376 ipsius

355 3395 516 3473 Giliberti,
531 3403 566 3458 et
580 3392 656 3457 inde
672 3392 765 3479 ponit
780 3412 814 3456 se
830 3412 927 3477 super
941 3390 1081 3476 patriam
1096 3400 1156 3456 etc.

418 3501 461 3565 Et
476 3501 622 3586 Rogerus
637 3496 729 3561 uenit
745 3504 779 3559 11
795 3494 875 3560 dicit
891 3493 976 3580 quod
992 3502 1078 3559 terra
1092 3494 1149 3559 illa
1163 3518 1226 3559 non
1252 3506 1304 3561 est
1324 3498 1471 3583 partibi-

352 3604 400 3681 lis,
416 3604 493 3689 quia
506 3601 586 3667 dicit
601 3599 687 3687 quod
701 3598 788 3663 idem
805 3598 955 3685 Paganus
970 3597 1078 3663 tonuit
1094 3607 1212 3663 terram
1229 3599 1320 3665 illam
1332 3602 1470 3692 integre

353 3718 388 3774 et
416 3706 563 3772 feoffauit
591 3702 731 3769 eundem
763 3700 932 3765 Warinum
960 3700 1001 3764 de
1026 3697 1167 3786 quadam
1193 3712 1287 3787 parte
1314 3704 1470 3771 eiusdem

353 3822 446 3879 terre.
492 3812 620 3875 Mortuo
638 3808 777 3893 Pagano‚
793 3804 973 3870 Gilibertus
994 3804 1110 3869 habuit
1130 3806 1296 3871 residuum
1313 3808 1470 3877 eiusdem

352 3928 436 3982 terre
451 3915 521 3980 sine
536 3920 627 3999 parte
644 3932 741 3997 quarn
757 3906 910 3973 Warinus
925 3907 1049 3985 habuit,
1065 3917 1099 3972 et
1112 3907 1200 3974 idem
1221 3910 1381 3977 Warinus
1403 3916 1470 3979 fuit

352 4040 494 4105 persona
540 4016 583 4079 Et
598 4014 680 4077 bene
695 4010 776 4076 dicit
790 4009 877 4095 quod
892 4017 979 4073 terra
993 4008 1050 4073 illa
1064 4031 1232 4097 nunquam
1247 4012 1376 4098 partita
1393 4016 1471 4088 fuit,

384 4190 790 4247 111111111111111εο11111
812 4188 880 4249 Repo
963 4188 1018 4239 ’1
1034 4203 1067 4238 m.
1083 4190 1111 4247 23
1128 4188 1158 4237 B.
1170 4202 1206 4237 m.
1219 4188 1274 4249 1d;
1291 4189 1375 4241 Qun
1390 4195 1417 4244 2,

351 4262 411 4313 Roll
430 4262 479 4310 No.
498 4262 542 4316 19;
565 4258 715 4306 B=Coram
733 4256 800 4317 Rege
820 4254 879 4303 Roll
963 4253 974 4286 ³
990 4253 1032 4303 Sic
1045 4256 1074 4311 A,
1087 4256 1118 4313 03
1136 4256 1261 4315 1111111911,
1274 4254 1303 4302 Β.

352 4330 399 4378 No.
411 4329 457 4385 233
475 4324 618 4374 G=T0wer
629 4322 688 4371 Roll
699 4322 746 4371 No.
762 4323 785 4377 3.
795 4320 879 4369 which
962 4318 973 4351 ⁴
990 4334 1073 4369 uerno
1085 4318 1194 4368 omitted
1205 4319 1232 4367 in
1244 4318 1295 4369 MS„

350 4394 413 4445 1111
425 4406 484 4453 very
496 4390 544 4439 bad
557 4389 649 4452 plight.
846 4388 847 4391 ’
