3167 5075
396 398 459 458 418
581 404 712 455 unsar
734 401 808 452 nnn
831 402 969 463 marna,
990 404 1055 453 no.
1082 389 1176 464 1221,
1197 404 1261 452 aa.
1285 392 1312 450 5.

395 575 548 647 Mercurii
578 578 726 665 proxima
750 585 825 663 post
847 574 982 642 festum¹
1005 577 1037 643 S.
1060 576 1232 642 Trinitatis
1254 584 1290 641 et
1310 575 1389 662 quod
1406 574 1469 639 obiit

394 684 464 749 die·
486 682 715 769 Apostolorum
739 680 831 744 Petri
857 687 892 743 et
914 678 1018 757 Pauli,
1042 678 1092 743 ita
1120 679 1208 764 quod
1232 698 1390 761 nunquam
1411 684 1469 763 post

395 788 482 852 diem
511 786 606 850 illum
635 782 788 848 Memmii
818 781 909 846 eum'
938 780 1034 846 uidit.
1092 781 1137 845 Et
1174 781 1292 847 Petrus
1320 783 1376 847 hoc
1400 779 1468 843 iden

395 889 557 977 cognouit,
571 896 606 952 et
621 888 703 952 bene
719 886 804 951 dixit
819 886 905 971 quod
920 908 985 949 non
1000 886 1064 951 fuit
1079 908 1240 972 pregnans
1260 885 1300 951 de
1320 886 1408 951 fratre
1421 906 1470 957 suo,

395 1004 430 1060 et
444 994 544 1080 peciit
557 1002 598 1057 ut
612 991 873 1057 committeretur
886 990 921 1055 in
936 989 1090 1068 custodia
1105 990 1154 1055 ita
1167 990 1253 1076 quod
1266 1013 1322 1076 per
1331 990 1470 1055 consilinm

395 1098 482 1164 curie
498 1097 668 1162 commissa
682 1095 745 1160 fuit
760 1095 874 1159 maiori
890 1095 1054 1160 Londonie
1071 1095 1193 1160 Sahero
1208 1096 1242 1159 in
1258 1094 1404 1160 custodia
1440 1094 1470 1156 En

280 1256 283 1263 .
395 1202 454 1288 iiij
468 1201 588 1287 legales
602 1200 732 1265 domine
747 1198 912 1285 assignate
926 1198 1059 1264 fuerunt
1068 1199 1109 1264 ad
1121 1221 1193 1264 eam
1205 1200 1314 1286 sepius
1325 1199 1470 1264 uidendam

396 1313 431 1370 et
445 1302 698 1369 custodiendam.
741 1302 860 1365 Postea
875 1324 953 1367 uero
967 1302 1061 1367 uenit
1075 1302 1162 1367 idem
1178 1304 1296 1369 Petrus
1310 1314 1343 1368 et
1357 1302 1472 1368 ostendit

396 1409 482 1495 quod
505 1407 665 1473 terminus
688 1404 893 1491 parturiendi
918 1406 946 1469 si
969 1414 1054 1471 esset
1075 1428 1236 1494 pregnans
1258 1409 1299 1473 dc
1322 1408 1411 1471 fratre
1429 1428 1472 1469 sno

394 1510 544 1600 preteriit
573 1519 608 1575 et
637 1510 737 1596 peciit
765 1509 830 1574 sibi
864 1509 1026 1574 iusticiam
1056 1510 1210 1587 exhiberi,
1239 1512 1288 1577 ita
1316 1510 1396 1597 quod
1419 1509 1473 1595 ipm
1522 1588 1523 1591 Ἴ

396 1615 514 1681 Muriel
536 1614 631 1679 uenit
654 1636 761 1678 coram
783 1612 970 1677 iusticiariis
989 1613 1024 1678 in
1044 1614 1146 1679 banco
1166 1637 1224 1700 per
1244 1625 1421 1701 preceptum
1433 1613 1471 1675 die

395 1720 548 1785 Mercurii
577 1717 724 1804 proxima
751 1725 829 1781 ante
859 1716 998 1781 festum⁴
1032 1717 1261 1803 Apostolorum
1291 1718 1473 1803 Philippici
1522 1720 1523 1791 i

392 1820 509 1888 Jacobi
532 1844 617 1887 anno
642 1820 785 1886 secundo
808 1820 968 1906 sequenti,
994 1828 1029 1886 et
1058 1821 1145 1887 idem
1174 1821 1259 1887 dixit
1289 1822 1371 1909 quod
1396 1822 1472 1907 prim,

394 1927 517 1993 scilicet
546 1924 632 2013 quod
660 1925 725 1990 suit
748 1946 911 2011 pregnans
937 1933 972 1989 et
996 1925 1039 1989 de
1059 1925 1129 2011 ipso
1152 1926 1325 2005 willelmo,
1353 1936 1384 1991 et
1408 1926 1472 1989 bene

395 2031 559 2119 cognoscit
581 2031 667 2116 quod
688 2030 848 2095 terminus
868 2052 946 2095 suus
965 2030 1112 2117 pariendi
1134 2032 1273 2109 transiit,
1295 2039 1330 2096 et
1350 2038 1473 2117 expectat

394 2137 537 2225 graciam
551 2135 611 2200 dei
651 2135 695 2199 Et
709 2135 828 2200 Petrus
839 2134 990 2199 similiter
1003 2134 1083 2200 dicit
1098 2136 1184 2221 quod
1198 2136 1356 2201 terminus
1369 2133 1474 2199 transiit

395 2249 435 2307 et
444 2241 530 2326 petit
544 2240 604 2305 hoc
618 2238 681 2304 sibi
695 2238 834 2304 allocari
880 2239 924 2302 Et
946 2260 1044 2324 super
1065 2238 1124 2303 hoo
1146 2239 1320 2304 inuentum
1342 2236 1473 2324 estquod

394 2344 494 2429 xlviij.
510 2340 687 2408 ebdomade
702 2342 902 2406 transierunt
916 2349 990 2427 post
1004 2342 1146 2426 primum
1166 2340 1255 2407 diem
1271 2342 1474 2426 Merumque

394 2446 466 2533 ipsa
479 2446 631 2533 cognouit
647 2444 734 2531 quod
750 2445 802 2510 uir
816 2466 895 2509 suus
908 2445 1041 2511 recessit
1055 2444 1096 2510 de
1112 2468 1159 2510 ea

461 2551 579 2615 Postea
597 2572 676 2614 uero
695 2549 849 2635 cognouit
872 2548 958 2636 quod
977 2571 1042 2614 non
1067 2550 1130 2614 fuit
1150 2573 1322 2638 pregnans,
1336 2559 1382 2617 set
1400 2559 1474 2614 tanta

395 2654 521 2719 dudum
547 2675 581 2718 se
605 2653 707 2718 sensit
731 2653 924 2717 infirmitate
946 2661 1126 2739 granatam,
1148 2654 1235 2739 quod
1258 2654 1387 2740 putauit
1405 2651 1476 2738 quod

343 2781 346 2785 ·
398 2765 483 2822 esset
511 2778 682 2842 pregnans.
740 2755 786 2819 Et
814 2755 889 2819 ideo
925 2754 1163 2820 consideratum
1192 2764 1242 2820 est
1271 2757 1357 2843 quod
1382 2757 1477 2820 Petne

397 2859 574 2946 recipiatur
587 2869 626 2924 ut
641 2859 735 2924 heres
749 2859 852 2945 ipsius
866 2858 1025 2922 Willelmi
1039 2867 1108 2936 etc,
1124 2881 1188 2924 non
1203 2861 1353 2926 obstante
1366 2869 1420 2926 etc

464 2964 508 3029 Et
523 2985 620 3050 super
634 2963 695 3027 hoc
709 2963 804 3027 uenit
823 2962 911 3028 idem
932 2963 1048 3027 Petrus
1069 2970 1103 3028 et
1117 2963 1204 3048 petit
1217 2963 1370 3029 iudicium
1385 2964 1410 3027 si
1423 2963 1479 3046 ipsa

398 3070 517 3135 debeat
538 3069 614 3134 inde
636 3069 746 3134 dotem
769 3068 898 3145 habere,
917 3067 1045 3132 desicut
1065 3067 1137 3153 ipsa
1155 3066 1198 3132 ad
1217 3068 1481 3134 exheredacionem

399 3174 501 3261 ipsius
516 3173 595 3238 falso
609 3197 644 3238 se
659 3173 737 3238 fecit
750 3171 979 3259 inpregnatum
994 3179 1055 3236 etc.
1074 3171 1078 3258 Ι
1521 3255 1522 3258 ¹

463 3278 601 3365 “Magna
613 3277 715 3341 meisa
727 3276 814 3340 inter
829 3276 984 3342 Oeciliam
1004 3282 1142 3340 matrem
1164 3276 1314 3342 Gaufridi
1335 3283 1522 3362 petentem
1521 3319 1522 3338 ι

296 3411 311 3438 u
398 3389 434 3448 et
449 3382 582 3446 Petrum
596 3380 637 3444 de
652 3378 840 3443 Molendino
854 3385 1023 3443 tenentem
1038 3377 1079 3444 de
1094 3377 1269 3444 duabus
1236 3401 1317 3467 urrg.
1329 3389 1408 3445 teme
1421 3399 1482 3443 cum
1521 3367 1522 3466 i

399 3494 480 3572 pert
495 3494 530 3550 et
544 3506 610 3549 uno
629 3473 814 3548 molendino
834 3505 909 3547 cum
934 3490 1015 3568 pert.
1036 3481 1071 3546 in
1094 3483 1296 3548 Esteuetona
1317 3483 1404 3570 ponit
1406 3505 1441 3546 ur
1456 3481 1482 3544 in

399 3595 581 3674 respectum
596 3609 700 3673 usque
715 3587 816 3650 talam
836 3585 924 3650 diem
944 3607 1002 3670 pro
1020 3585 1126 3650 defect
1112 3592 1150 3650 tu
1169 3587 1404 3674 recognitorum
1423 3585 1484 3672 quia

399 3700 529 3756 tantum
553 3690 596 3775 xj.
623 3697 785 3754 uenerunt
809 3697 844 3752 et
867 3687 1047 3753 uicecomes
1071 3686 1192 3753 habeat
1213 3711 1343 3776 corpora
1364 3691 1484 3754 aliorum

399 3804 458 3861 etc.

335 3915 359 3976 ”,
463 3900 597 3965 ‘Jurota
616 3898 710 3962 uenit
732 3896 937 3984 recognitura
962 3919 1002 3962 ex
1023 3919 1179 3962 consensu
1200 3897 1352 3982 parcium,
1376 3897 1405 3962 si
1425 3896 1486 3962 Gal·

301 4025 327 4055 011
399 4004 500 4068 fridus
521 4002 562 4067 de
583 4001 797 4067 Sundernisse
817 4000 1002 4065 auunculus
1022 3999 1158 4065 Roberti
1179 3999 1220 4065 de
1242 3999 1446 4088 Glotingham
1462 4014 1486 4064 et

432 4225 442 4256 ¹
458 4225 490 4274 In
502 4225 566 4272 1220
577 4223 638 4287 May
648 4225 690 4274 24.
1009 4223 1020 4256 ⁴
1037 4224 1051 4271 1
1063 4223 1131 4287 May.

432 4289 578 4341 ‘catuna
1008 4287 1319 4350 ⁵A.m.ed;a.m.a.

431 4351 925 4415 8οιιιιι,Α,Β;ἰιιιὶιιιὲιιιιεαιιιῐιιιι
1008 4353 1312 4412 ⁶n.m.sd;B.m.n.

399 4421 463 4471 been
474 4419 589 4481 changed
600 4418 656 4469 into
668 4435 729 4469 eam.
