3167 5075
395 407 538 470 miser,
560 407 625 457 so.
650 395 742 468 1223,
766 407 830 458 ss.
852 395 881 459 7.
1126 395 1187 458 461

105 589 300 645 comessores
314 581 408 647 Dom.
423 582 531 668 Regis,
546 589 580 646 et
594 581 678 646 bene
692 581 839 646 concedit
854 580 940 668 quod
951 580 1045 647 Dom.
1057 581 1128 645 Rex
1141 590 1191 646 est

105 684 262 750 eduooetus
275 686 362 751 illius
377 687 518 764 ecclesie,
533 696 567 751 et
580 686 681 750 nichil
697 687 815 751 clamat
835 686 871 750 in
893 685 1105 750 aduocooione
1127 685 1190 750 nisi

104 785 181 852 illam
200 789 315 854 hebere
336 789 438 875 possit
460 813 499 855 ex
521 789 605 853 dono
627 789 721 854 Dom.
745 788 845 876 Regis
864 787 868 874 Ι
890 796 924 853 et
945 789 1116 854 uoluntate
1130 812 1191 856 sua

105 899 154 955 etc
192 891 240 956 De
260 892 333 957 eliis
354 894 451 958 rebus
471 892 618 957 defendit
633 901 746 957 contra
760 893 956 980 Magistrum
974 894 1139 959 Serlonem
1155 902 1190 959 et

103 983 199 1058 contre
209 1005 328 1061 sectam
343 1019 435 1061 suam
449 997 536 1082 quod
550 997 677 1062 nullum
691 999 870 1084 dompnum
885 997 985 1062 habet
999 1021 1057 1085 per
1068 1021 1143 1063 eum
1155 1007 1190 1063 et

102 1094 152 1160 hoc
165 1097 251 1162 offert
262 1106 322 1163 etc.

156 1200 196 1263 Et
221 1201 378 1288 Magister
407 1202 499 1267 Serlo
527 1202 607 1267 dicit
644 1203 731 1288 quod
766 1203 808 1267 de
845 1203 1096 1290 transgressione
1132 1203 1190 1268 ille

101 1300 298 1387 implscitauit
310 1327 386 1369 eum
400 1314 439 1370 ut
454 1304 602 1371 clericus²
617 1305 757 1371 incuria
778 1305 1011 1382 cristianitatis,
1032 1305 1081 1369 ita
1102 1304 1189 1391 quod

101 1405 173 1471 idem
194 1408 374 1474 Willelmus
394 1410 474 1474 tulit
495 1411 595 1476 breue
617 1410 711 1475 Dom.
735 1411 835 1497 Regis
857 1411 898 1476 de
913 1410 1132 1496 prohibicione
1147 1433 1189 1476 ne

100 1511 266 1594 procederet
279 1513 316 1578 in
331 1513 458 1600 loquela
472 1514 536 1580 ille
581 1515 661 1580 Dies
674 1516 772 1580 dotus
787 1522 838 1580 est
852 1523 913 1581 etc.
935 1515 1000 1580 nisi
1019 1515 1190 1580 iusticierii

101 1622 149 1678 etc
161 1638 250 1701 prece
263 1619 419 1703 parcium.
463 1619 508 1683 Et
522 1619 682 1706 Magister
695 1618 817 1684 habeat
831 1619 932 1684 breue
947 1620 975 1685 ei
990 1619 1131 1685 uoluerit
1145 1621 1189 1686 ed

100 1716 204 1785 iudices
218 1723 304 1808 quod
318 1723 493 1808 procedent
508 1732 569 1788 ete.

63 1845 72 1882 ι
152 1824 325 1892 ¹Wolterus
345 1827 386 1893 de
404 1827 615 1893 Dunsteuilla
635 1826 722 1912 petit
741 1847 855 1890 uersus
877 1825 1063 1903 Johennem
1087 1827 1189 1914 Byset
1253 1859 1314 1891 ouon.

99 1929 127 1990 et
144 1928 274 1994 Adiciam
297 1930 400 1995 Melet
421 1953 554 1995 uxorem
577 1930 647 1996 eius
670 1931 696 2016 j.
718 1953 822 1996 carue.
844 1938 930 1996 terre
952 1953 1027 1996 cum
1049 1939 1129 2017 pert.
1153 1931 1188 1996 in

100 2029 256 2098 (litlintona
268 2041 310 2098 ut
324 2035 376 2100 ius
389 2057 486 2100 suurn
502 2044 562 2100 eto.

151 2134 190 2198 Et
211 2135 378 2200 «Iohannes
401 2145 436 2200 et
459 2136 566 2201 Alicia
588 2135 728 2202 ueniunt
751 2144 786 2200 et
810 2135 990 2201 defendunt
1006 2136 1067 2201 ius
1092 2161 1188 2202 suum

98 2246 220 2304 nuncet
238 2241 320 2306 alies
342 2249 411 2319 etc„
434 2250 469 2306 et
491 2241 606 2306 dieunt
628 2239 714 2326 quod
734 2239 806 2326 ipsa
825 2239 932 2304 Alicio
951 2248 1043 2304 tenet
1067 2248 1188 2306 terram

98 2338 172 2406 illan
185 2342 218 2407 in
231 2352 384 2430 proparte
403 2368 547 2410 sororum
565 2346 654 2410 unde
674 2346 697 2410 J
699 2344 829 2410 ohanne
848 2367 930 2409 uxor
950 2345 1123 2432 Reginsldi
1146 2347 1187 2411 de

98 2442 219 2512 Ventort
242 2457 277 2513 et
303 2449 455 2534 Philippa
476 2472 558 2514 uxor
580 2449 717 2514 Henrici
740 2449 878 2515 Comitis
902 2450 1087 2515 Worrewici
1110 2458 1187 2515 sunt

97 2550 251 2638 participes
270 2552 332 2630 sui,
352 2562 387 2617 et
406 2553 479 2619 ideo
498 2576 564 2619 non
585 2555 659 2619 uult
678 2554 748 2619 sine
771 2554 818 2619 eis
832 2554 1023 2641 respondere
1037 2555 1101 2619 nisi
1115 2554 1188 2623 etc'

97 2654 133 2719 Et
145 2657 211 2723 ideo
225 2660 465 2726 consideratum
480 2669 531 2726 eet
550 2663 635 2748 quod
653 2661 828 2749 participes
850 2662 902 2726 sui
921 2670 1188 2728 summoueantur

98 2760 170 2842 quod
186 2762 308 2827 sintin
327 2763 473 2828 aduentu
493 2764 742 2829 iusticieriorum
762 2764 798 2829 in
821 2763 1014 2829 comitatum
1038 2765 1187 2831 Deuonie

97 2862 129 2927 od
141 2868 395 2953 respondendum
409 2868 507 2933 simul
522 2892 596 2933 cum
610 2869 756 2955 predicto
770 2870 792 2935 ,J
795 2870 921 2934 ohanne
937 2877 972 2934 et
990 2892 1065 2934 cum
1080 2870 1187 2936 Atinia

97 2965 285 3036 eiuolnerint
301 2979 361 3036 ete
397 2970 458 3036 ‘Et
472 2974 629 3036 summon’
645 2972 680 3037 in
695 2995 772 3037 com.
790 2972 925 3051 Oxonie,
940 2982 974 3037 et
985 2972 1187 3059 Regineldus

97 3079 124 3134 et
140 3072 287 3139 Johanna
304 3097 370 3139 non
389 3073 556 3154 summon',
576 3075 654 3161 quie
672 3075 907 3163 inplacitantur
928 3076 970 3141 ab
993 3078 1114 3141 eisdem
1144 3076 1185 3142 de

97 3176 195 3242 eodem
208 3180 283 3244 etc.⁴
920 3217 924 3224 ·

63 3328 69 3343 .
147 3280 322 3371 ‘Morgeria
339 3284 381 3348 de
401 3282 560 3370 Ohednoy
576 3283 757 3349 attechiete
773 3283 839 3348 fuit
860 3283 902 3348 ad
925 3283 1184 3369 respondendum

96 3379 221 3452 Roberto
234 3388 304 3452 filio
318 3387 450 3452 Ricardi
464 3395 499 3452 et
513 3386 651 3452 tslibus⁸
664 3395 724 3453 etc.
740 3410 840 3473 quere
860 3396 973 3453 contre
992 3396 1052 3453 etc.
1073 3398 1187 3453 secute

95 3496 137 3551 et
147 3490 301 3574 placitum
315 3492 351 3555 in
364 3490 455 3556 curia
468 3491 692 3557 cristianitatis
706 3491 747 3557 de
761 3491 888 3557 catellis
902 3514 966 3577 que
980 3514 1045 3557 non
1056 3500 1133 3557 sunt
1144 3494 1186 3559 de

94 3598 274 3661 testamento
289 3596 345 3660 nel
358 3596 566 3660 matrimonio
581 3604 640 3662 etc.
657 3596 744 3661 unde
755 3595 819 3682 ipsi
830 3596 1007 3660 ostendunt
1017 3598 1102 3682 quod
1115 3597 1187 3683 ipss

94 3698 167 3777 petit
190 3700 231 3765 de
261 3699 408 3787 quolibet
434 3722 544 3765 eorum
571 3700 589 3766 L
616 3722 712 3766 merc.
738 3722 845 3765 coram
871 3699 1033 3765 iudicibus
1057 3700 1184 3766 racione

94 3796 243 3868 domorum
267 3827 402 3869 suarum
428 3804 669 3870 combustamm
695 3813 842 3891 tempore
867 3826 991 3891 guerre,
1017 3805 1104 3870 unde
1129 3805 1185 3871 de·

94 3904 224 3973 terioreti
238 3917 319 3973 sunt
333 3916 393 3974 etc

148 4010 188 4076 Et
212 4014 376 4100 Mnrgeria
402 4013 494 4078 uenit
519 4021 554 4078 et
578 4011 726 4078 defendit
751 4019 810 4078 etc.
838 4021 872 4077 et
898 4012 978 4078 dicit
1007 4011 1094 4099 quod
1122 4012 1185 4099 ipsi

119 4135 423 4259 ζξζῐεζὴωοῖοήω.
656 4142 1185 4257 pooppnppslpetuirsuminplccitortcrot

120 4265 240 4322 ’seen
252 4273 340 4323 tm.
688 4272 746 4322 ⁸13.
761 4286 796 4323 m.
811 4270 859 4322 td.

120 4332 154 4365 Η
168 4338 203 4385 Et
214 4340 299 4388 Comes
309 4344 494 4388 commemorer
504 4339 533 4387 in
543 4352 603 4389 com.
688 4335 699 4367 ⁸
716 4336 797 4389 Other
807 4350 906 4399 names,
919 4336 951 4386 B.

95 4397 163 4449 Orco.
179 4409 202 4451 et
216 4404 337 4454 rotam
353 4404 413 4454 inde
424 4410 606 4453 summoneatur

1249 823 1306 874 [Μ]

1243 3305 1304 3347 Nori.
