3167 5075
344 378 411 441 188
573 387 806 447 mouentum,
829 373 1012 448 1111113,
1033 388 1097 436 nn.
1120 372 1211 440 728.

343 559 566 647 cirographum
582 559 664 624 illud
678 558 778 624 hebet
792 559 861 645 ipse
877 567 996 624 10111111
1011 559 1110 636 iliam,
1127 568 1161 624 et
1180 559 1251 624 ideo
1264 581 1322 624 non
1334 557 1405 623 dehet

344 665 375 728 01
390 664 466 729 inde
480 662 681 749 respondere.

409 769 452 832 Et
473 768 636 833 Robertus
657 766 737 832 dicit
759 766 847 853 quod
867 766 1092 852 cirographum
1115 765 1197 831 illud
1216 788 1277 830 non
1290 765 1372 830 dehet
1386 763 1408 828 ei

343 893 457 937 nocere
472 871 549 957 quie
564 870 722 936 Osbertus
736 878 831 955 peter
845 891 922 934 suus
937 891 1002 933 non
1017 868 1133 934 hebuit
1153 869 1193 934 de
1214 877 1295 933 terre
1307 867 1356 931 ills
1366 865 1412 930 nisi

342 974 520 1040 custodiam
536 995 610 1038 cum
625 973 742 1038 Emme
755 980 934 1037 matresua
954 981 988 1036 et
1008 980 1155 1057 preterea
1176 971 1262 1036 idem
1283 971 1414 1036 Robertm

238 1067 251 1092 '
342 1089 421 1143 tunc
435 1077 498 1142 fuit
512 1077 597 1142 111111
610 1084 742 1151 etatem,
751 1084 786 1139 et
801 1075 873 1139 ideo
888 1097 953 1138 nou
968 1073 1067 1140 debet
1081 1075 1111 1139 ei
1126 1074 1207 1140 illud
1222 1073 1417 1160 cirographum

341 1203 463 1258 nocere,
478 1188 513 1245 01
528 1179 613 1265 quod
627 1179 676 1243 ite
690 1178 734 1242 sit
749 1179 844 1242 offert
858 1177 994 1263 probare
1009 1177 1093 1242 sicut
1115 1177 1206 1242 curie
1223 1187 1290 1254 010,
1303 1185 1334 1242 01
1352 1175 1421 1262 petit

341 1284 417 1349 inde
443 1282 608 1348 iudicium.
653 1280 696 1345 Et
723 1280 880 1345 Ricardus
906 1279 1077 1346 similiter¹.
1122 1281 1166 1345 Et
1188 1281 1265 1368 quis
1285 1279 1425 1344 Rohertus

341 1386 504 1474 cognoscit
518 1385 625 1462 finem,
640 1382 878 1448 consideratum
898 1392 949 1448 est
969 1382 1056 1469 quod
1071 1383 1144 1448 finis
1159 1391 1309 1448 1011011111
1322 1392 1353 1447 01
1366 1381 1426 1446 ideo

341 1490 497 1556 Ricardus
512 1497 624 1554 1011011
639 1489 674 1552 in
688 1510 767 1573 pace
782 1497 817 1552 01
831 1489 994 1552 Robertus
1008 1487 1043 1552 in
1059 1487 1283 1554 misericordia
1546 1569 1547 1572 Ἴ

406 1593 531 1659 'Abbns
547 1593 587 1658 de
604 1593 835 1658 Cumbremere
850 1592 1065 1657 summonitus
1080 1593 1143 1658 fuit
1158 1594 1200 1659 ed
1211 1591 1431 1658 ostendendum
1546 1646 1547 1667 ,

256 1717 270 1745 ⁰
340 1698 426 1785 quod
447 1697 620 1763 seruicium
642 1696 739 1762 debet
762 1695 948 1760 Fromundo
969 1695 1009 1761 (10
1032 1697 1171 1761 Tarento
1193 1696 1234 1762 de
1260 1705 1433 1762 tenemento
1546 1685 1547 1714 ³

341 1802 426 1889 quod
441 1802 482 1867 de
498 1801 567 1887 ipso
582 1809 674 1866 tenet
688 1799 724 1864 in
744 1799 864 1876 Erlide,
879 1798 965 1863 unde
981 1799 1145 1865 Walterus
1164 1800 1205 1866 (10
1227 1797 1434 1864 ankereuilh

340 1908 382 1973 (10
407 1929 472 1994 quo
497 1905 662 1992 predictus
688 1902 894 1968 Fromundus
921 1911 1012 1968 tenet
1042 1912 1269 1970 tenementum
1293 1903 1381 1979 illud,
1403 1912 1436 1964 ut

340 2010 468 2087 dicitur,
483 2009 563 2074 dicit
577 2008 664 2094 quod
678 2007 831 2072 01110110
846 2013 923 2070 sunt
938 2005 1075 2072 seruicia
1089 2006 1130 2071 de
1146 2029 1172 2072 v.
1189 2005 1290 2071 ennis

406 2115 451 2179 Et
472 2113 583 2178 Abbns
605 2112 698 2177 uenit
720 2120 755 2176 et
774 2111 856 2176 dicit
878 2110 964 2197 quod
979 2111 1144 2176 Welterus
1165 2110 1206 2176 de
1228 2111 1437 2176 anlrereuilln

341 2226 436 2304 peter
458 2217 596 2304 predicti
611 2216 749 2282 Walten'
763 2216 856 2281 dedit
871 2225 1097 2280 tenementum
1117 2214 1199 2280 illud
1214 2214 1327 2280 domui
1341 2213 1437 2278 suein

341 2320 547 2386 elemosinam
569 2319 731 2384 reddendo
752 2341 955 2405 perannum
978 2318 1018 2383 xl.
1042 2319 1096 2384 eol.
1120 2317 1226 2383 eidem
1247 2318 1388 2383 Waltero
1407 2325 1437 2380 et

341 2425 513 2489 heredibus
534 2424 609 2501 suis,
624 2431 659 2488 et
680 2423 768 2488 idem
782 2423 948 2488 W'elterus
970 2421 1061 2486 dedit
1082 2421 1246 2486 redditum
1262 2421 1385 2486 illorum
1399 2420 1434 2484 11

341 2527 395 2592 sol.
411 2525 556 2613 predicto
571 2525 755 2591 Fromundo
770 2549 828 2612 pro
843 2525 979 2591 seruioio
994 2548 1052 2595 suo
1066 2523 1229 2589 reddendo
1249 2523 1325 2589 inde
1339 2522 1435 2589 eidem

342 2631 486 2695 Waltero
495 2639 555 2697 etc.
565 2652 667 2693 unum
682 2628 918 2714 esperuorium⁸
928 2651 1044 2706 sorum,
1054 2637 1089 2693 01
1099 2627 1175 2693 inde
1187 2629 1309 2713 profert
1321 2629 1436 2693 11110111

283 2805 287 2811 ,
341 2734 487 2800 eiusdem
501 2733 639 2798 Walteri
653 2740 804 2818 petentes
818 2732 878 2797 hoc
892 2732 980 2797 idem
995 2740 1155 2797 testantes
1169 2742 1228 2797 etc

406 2841 451 2905 Et
471 2840 636 2905 Wolterus
657 2838 698 2903 de
720 2837 942 2903 Beskereuille
962 2860 1020 2924 per
1041 2844 1243 2902 ettometum
1265 2858 1358 2901 suum
1383 2836 1436 2900 hoc

341 2944 428 3009 idem
443 2943 612 3030 cognoscit.
643 2942 687 3008 Et
698 2942 776 3029 quin
786 2940 991 3007 Fromundus
1002 2941 1193 3007 multociens
1204 2940 1282 3005 fecit
1292 2940 1436 3005 defaltum

341 3057 376 3113 01
391 3056 550 3112 testatum
565 3047 717 3132 estquod
732 3054 782 3112 est
799 3045 994 3132 peraltatus⁴
1013 3054 1048 3111 et
1068 3044 1154 3131 quod
1176 3044 1357 3131 predictum
1377 3066 1436 3109 ser·

341 3149 463 3214 uicium
489 3148 596 3214 eidem
623 3147 769 3213 Waltero
793 3158 901 3213 110110
930 3156 989 3225 001,
1015 3147 1254 3213 consideratum
1283 3145 1437 3233 estquod

341 3255 452 3320 Abbns
466 3254 615 3318 decetero
629 3252 823 3338 respondeat
842 3252 948 3317 eidem
963 3252 1109 3317 Woltero
1128 3259 1163 3317 01
1185 3251 1356 3317 heredibus
1376 3250 1438 3315 suis

340 3358 510 3424 annuatim
521 3357 562 3421 de
571 3379 636 3421 uno
647 3356 830 3442 espemnrio
841 3356 941 3442 precii
954 3355 986 3442 ij.
997 3356 1050 3420 sol.
1062 3377 1229 3442 quousque
1242 3354 1437 3421 Fromuudus

340 3463 394 3527 uel
417 3460 551 3525 heredes
573 3460 624 3524 sui
646 3458 797 3524 uenerint
818 3467 852 3523 01
871 3458 1111 3546 squietnuerint
1126 3459 1266 3525 eundem
1281 3459 1437 3524 Abbetem

341 3565 381 3630 de
403 3565 534 3631 redditu
556 3565 621 3642 illo,
636 3572 671 3628 01
690 3564 803 3628 Abbes
822 3562 973 3629 similiter
987 3564 1164 3629 satisfaciat
1178 3564 1284 3629 cidem
1300 3564 1439 3629 waltero

340 3667 381 3733 (10
396 3668 520 3754 reregio
534 3690 563 3733 v.
577 3689 741 3732 annorum.
780 3666 825 3731 Et
842 3666 1006 3731 Walterus
1021 3666 1129 3731 tenuit
1144 3688 1178 3731 se
1193 3665 1269 3731 inde
1284 3674 1438 3751 pacatum

341 3771 384 3835 Et
406 3770 518 3835 Abbes
538 3769 680 3833 retineat
701 3776 832 3833 tentum
854 3768 895 3833 de
916 3766 1046 3832 redditu
1069 3765 1255 3833 Fromundi.
1300 3766 1344 3830 Et
1358 3768 1440 3831 nice

340 3896 446 3939 comes
455 3873 553 3937 faciet
564 3871 683 3937 hebere
692 3872 837 3936 Waltero
848 3872 999 3937 seisinem
1010 3873 1051 3937 (10
1062 3870 1186 3958 remgio
1196 3878 1232 3935 01
1241 3871 1443 3936 Fromundus

339 3978 374 4043 in
389 3976 606 4043 misericordie
620 3986 679 4041 010.

404 4082 519 4168 ⁶Hugo
544 4082 584 4146 de
611 4081 775 4146 Bethcnia
800 4080 980 4145 uicecomes
1005 4080 1222 4145 summonitus
1243 4078 1307 4144 fuit
1329 4080 1373 4145 ad
1399 4104 1445 4145 re-
1544 4088 1545 4103 ²

1544 4174 1545 4205 1

372 4216 382 4248 ¹
401 4216 499 4279 Supply
509 4223 534 4266 et
545 4218 665 4265 Rcbertuo
680 4219 752 4279 offert
768 4216 867 4265 domim
950 4215 961 4246 ²
976 4216 1005 4265 Δ.
1020 4228 1055 4265 m.
1068 4216 1091 4267 2.

340 4284 509 4344 1100111101.
520 4297 567 4344 pro
578 4282 692 4331 iubendo
702 4284 866 4343 inquisitione
948 4280 960 4313 ⁸
976 4282 1154 4344 capentorium,
1167 4283 1198 4331 Δ.

341 4351 363 4397 ui
385 4362 414 4397 ec
435 4350 477 4396 die
498 4362 546 4409 quo
562 4348 627 4409 finis
649 4354 694 4396 etc.
716 4349 773 4409 suit
795 4348 866 4409 infru
949 4346 960 4378 ⁴
977 4346 1020 4395 stc
1030 4345 1061 4395 A.
1199 4352 1202 4357 '

341 4421 430 4464 etatem
440 4413 589 4467 10111011.
949 4410 959 4441 ⁵
974 4411 1004 4460 Δ.
1017 4424 1053 4460 m.
1065 4412 1089 4461 2.
