3167 5075
419 401 561 464 rrum,
582 401 648 451 ιι).
672 389 765 465 1223,
786 400 851 451 ιιι
874 383 902 453 7.
1146 381 1208 452 471

121 594 187 636 eum
206 571 240 636 ui
259 594 326 650 suc,
341 581 376 638 ct
389 574 572 640 'assulteuit
593 575 701 660 ipsum
723 574 904 641 chricum
926 573 1033 638 uirum
1056 595 1161 651 suum,
1176 581 1211 638 et

122 674 258 760 nequiter
270 685 304 741 et
318 677 353 740 in
364 677 484 742 felonis
494 685 528 741 et
539 677 574 742 iu
586 679 711 742 assultu
722 677 938 764 premeditato
949 699 1025 742 eum
1036 676 1212 762 prostrauit

121 779 157 843 sd
178 789 301 858 terram,
323 791 358 847 et
383 783 542 868 percussit
567 806 643 848 eum
668 783 809 869 quodam
834 783 909 868 pulo
934 783 970 847 in
993 782 1099 868 capite
1126 781 1211 847 unde

122 885 200 962 obiit,
214 894 246 949 et
260 887 346 971 quod
361 886 421 950 hoc
435 887 513 951 fecit
527 887 677 972 nequiter
691 894 726 951 et
740 886 775 950 in
799 887 918 952 felonia
938 894 971 952 et
993 886 1029 952 in
1050 909 1129 972 pace
1153 894 1211 952 etc.

122 980 203 1052 offert
216 991 349 1075 probare
363 991 448 1056 sicut
462 991 553 1056 curia
570 990 831 1070 consider-cuerit,
845 990 930 1056 sicut
950 990 1007 1054 illa
1028 1011 1092 1076 que
1114 989 1213 1054 inter-

121 1093 176 1157 fuit
189 1102 222 1158 et
235 1094 295 1159 hoc
308 1096 395 1160 uidit
409 1095 458 1159 ita
472 1095 559 1181 quod
574 1118 650 1160 eum
664 1094 774 1159 tenuit
789 1095 876 1160 inter
891 1094 1022 1159 brachia
1036 1116 1096 1158 sua
1110 1100 1170 1158 etc.

177 1196 218 1260 Et
240 1196 374 1262 Colinus
396 1197 490 1262 uenit
512 1206 547 1262 et
568 1197 715 1262 defendit
737 1219 850 1283 pacem
873 1197 966 1262 Dom.
983 1196 1083 1283 Regis
1104 1205 1163 1261 etc
1179 1204 1214 1260 et

121 1306 216 1364 tutum
230 1301 271 1366 de
286 1302 386 1366 uerbo
401 1311 471 1379 etc,
486 1311 521 1367 et
535 1302 628 1388 pouit
643 1325 677 1367 se
692 1324 791 1387 super
810 1302 951 1388 putrium
967 1324 1059 1367 suam
1075 1301 1115 1366 de
1130 1301 1215 1366 bono

120 1414 149 1468 et
169 1405 207 1470 de
229 1406 315 1470 mulo
337 1406 425 1494 quod
443 1429 519 1471 eum
538 1429 604 1470 nou
624 1407 750 1483 occidit,
765 1429 826 1472 nec
845 1406 995 1471 interfuit
1017 1405 1074 1470 ubi
1094 1404 1215 1469 occisus

119 1508 183 1586 fuit,
195 1531 254 1574 uec
267 1509 304 1574 in
318 1509 449 1575 consilio
464 1510 519 1574 uel
533 1510 665 1589 auxili0,
681 1519 716 1575 et
736 1511 823 1596 quod
843 1533 908 1575 non
930 1510 993 1574 fuit
1016 1509 1137 1574 occisus
1158 1531 1217 1595 per

120 1635 194 1678 eum.

175 1717 216 1780 Et
230 1719 345 1782 eudem
359 1718 506 1804 appellat
521 1716 618 1783 ῒιιίειε1
633 1725 693 1782 etc.
708 1717 751 1782 de
764 1717 809 1795 ui,
820 1717 907 1804 quod
922 1717 1054 1782 suerunt
1068 1716 1104 1780 in
1119 1715 1217 1781 forcia

119 1819 170 1882 ubi
182 1820 232 1884 uir
245 1844 325 1886 suus
339 1821 461 1886 occisus
475 1821 548 1898 fuit,
562 1829 598 1886 et
612 1822 673 1885 hoe
689 1829 748 1886 etc

175 1924 216 1987 Et
236 1946 349 1989 omnes
371 1925 529 2010 appellati
549 1925 690 1989 ueniunt
712 1933 746 1989 et
772 1923 954 1988 defendunt
978 1945 1092 2008 pacem
1122 1921 1215 1986 Dour

119 2026 207 2113 Regis
229 2037 263 2093 et
283 2037 393 2095 totum
417 2037 478 2094 etc
498 2036 533 2093 et
555 2037 683 2115 ponunt
705 2051 739 2093 se
763 2050 862 2114 super
879 2027 1019 2113 patriam
1043 2026 1128 2113 quod
1152 2048 1217 2092 nou

119 2140 186 2195 suut
213 2133 291 2197 inde
321 2132 505 2218 culpabiles
559 2134 602 2197 Et
631 2133 704 2198 ideo
733 2133 925 2198 mundatum
956 2140 1004 2197 est
1034 2131 1218 2197 uicccomiti

120 2234 298 2301 Hertfordie
313 2237 392 2322 quia
405 2237 527 2304 occisus
541 2237 604 2301 fuit
619 2237 655 2301 in
672 2236 831 2301 comitutu
847 2236 902 2300 illo
917 2236 1012 2300 iuxta
1026 2235 1217 2300 comitatum

120 2339 338 2426 Buckinghsm
359 2341 447 2427 quod
468 2340 579 2406 uenire
599 2341 700 2406 facist
719 2341 774 2427 xij.
790 2349 850 2406 etc.
866 2340 907 2405 de
928 2340 1074 2426 proximo
1089 2339 1219 2404 uisneto

122 2444 191 2508 etc.¹
211 2445 268 2530 qui
292 2467 352 2510 nec
375 2445 525 2512 Colinum
547 2469 606 2510 nec
629 2445 763 2510 Luciam
785 2445 895 2532 aliqua
916 2445 1077 2510 affinitate
1102 2451 1160 2508 etc.
1184 2450 1220 2507 et

121 2557 260 2631 preterea
274 2551 317 2615 de
331 2561 472 2637 quatuor
485 2551 639 2637 proximis
654 2552 778 2617 uillutis
799 2552 839 2616 de
860 2551 1006 2637 qualibet
1027 2549 1143 2614 uillata
1163 2570 1220 2614 sex

121 2652 231 2740 legales
254 2662 316 2720 etc
338 2664 372 2720 et
394 2655 595 2742 prepositum
618 2655 661 2720 ud
684 2655 928 2721 certificandum
951 2653 1145 2719 iusticiarios
1167 2652 1222 2718 die

121 2758 174 2822 tali
186 2768 244 2824 etc
261 2760 304 2824 dc
319 2768 423 2824 morte
438 2759 576 2845 predicti
592 2759 727 2824 Henrici
743 2759 832 2823 unde
853 2758 955 2824 Lucia
974 2780 1050 2823 eum
1070 2757 1220 2844 appellat

122 2860 160 2926 Et
173 2872 321 2948 preterea
334 2873 524 2950 preceptum
536 2863 596 2928 tali
606 2863 764 2928 seruienti
774 2863 816 2928 de
828 2860 1000 2927 comitutu⁸
1012 2861 1099 2948 quod
1110 2861 1222 2926 eodem

122 2967 208 3031 modo
223 2967 323 3032 faciet
338 2968 450 3033 uenire
463 2968 506 3032 ud
521 2968 609 3032 diem
630 2967 720 3031 illum
741 2967 795 3053 xij,
812 2968 929 3032 liberos
951 2974 1010 3031 etc.
1027 2975 1062 3030 et
1084 2973 1225 3052 quatuor
1301 3053 1305 3061 Ι

122 3068 253 3136 uilletas.
286 3071 330 3136 Et
339 3094 451 3135 omnes
464 3071 621 3157 appellati
634 3071 676 3136 de
691 3071 726 3135 ui
737 3071 988 3137 committuntur
998 3070 1033 3135 in
1044 3070 1224 3136 custodium

124 3173 231 3239 talium
254 3184 316 3240 etc
338 3175 480 3241 habendi
500 3199 554 3241 eus
574 3176 618 3241 ad
638 3175 925 3240 summonicionem
948 3176 1041 3240 Dom.
1063 3173 1171 3260 Regis,
1191 3180 1225 3238 et
1251 3182 1252 3186 ’

124 3279 180 3365 ipsi
202 3289 361 3368 ceperunt
383 3283 418 3347 in
442 3306 575 3347 manum
595 3282 741 3368 respond'
761 3282 803 3348 de
823 3284 973 3349 omuibus
997 3284 1122 3348 catallis
1145 3283 1226 3348 dicti

125 3384 231 3465 colini,
245 3396 282 3452 et
297 3387 433 3453 Colinus
448 3388 673 3453 committatur
686 3386 794 3475 geole⁴
809 3396 868 3454 etc.

60 3486 92 3549 ll·
180 3493 398 3579 ⁶Engelsmius
417 3492 458 3557 de
479 3492 630 3557 Pmtellis
652 3500 686 3557 et
711 3492 828 3558 Sibilla
849 3490 946 3557 uxor⁰
968 3500 1088 3578 petunt
1114 3513 1227 3556 uersus
1295 3513 1355 3544 σιω

124 3594 335 3682 Reginaldum
355 3598 396 3662 de
411 3596 567 3662 Vauturt⁷
582 3605 617 3661 et
636 3597 660 3661 J
661 3597 822 3661 channam
843 3618 976 3660 uxorem
997 3595 1067 3659 eius
1090 3594 1225 3659 tercium

124 3710 242 3782 purtem
263 3702 362 3767 unius
381 3725 484 3768 cumc.
500 3711 584 3767 terre
608 3724 683 3766 cum
703 3708 783 3787 pert.
800 3701 835 3764 in
858 3700 1035 3766 Oulintona
1057 3706 1097 3763 ut
1117 3698 1227 3763 dotem

124 3801 262 3869 eiusdem
287 3804 411 3883 situle,
432 3814 466 3871 ct
490 3828 603 3869 uersus
626 3803 723 3870 tales⁸
738 3812 798 3870 etc
824 3812 955 3868 tuntum
975 3810 1035 3867 etc
1058 3809 1097 3866 ut
1117 3801 1227 3868 dotem

125 3915 180 3971 etc

154 4028 225 4079 ¹811
248 4044 349 4091 names,
374 4030 405 4079 B.
439 4028 514 4095 They
534 4044 579 4080 sre
605 4044 649 4093 sp
699 4028 753 4079 sud
763 4027 875 4090 hunged.

126 4093 424 4155 pealedasuoecssories.
732 4094 790 4143 υΒ.
801 4109 838 4143 m.
851 4094 882 4144 16
891 4092 915 4144 d.

154 4158 165 4188 ¹
179 4162 277 4210 visneto
287 4164 318 4211 de
330 4164 356 4211 tu
368 4162 452 4220 stoke,
466 4160 498 4209 B.
732 4159 744 4193 ⁶
762 4158 860 4221 Supply
871 4161 933 4217 eius,
945 4158 976 4207 B.

156 4222 305 4275 ’Willelmo
337 4228 428 4277 Russet
461 4227 585 4277 sentienti
620 4226 650 4275 de
733 4223 792 4273 ⁷de
806 4225 877 4275 Valle
891 4226 975 4282 Torta,
987 4224 1018 4272 B.

129 4290 192 4337 Gom
203 4291 329 4353 Buckina.
359 4291 390 4341 B.
597 4308 601 4313 ’
733 4289 832 4338 ⁸Alice
866 4288 955 4347 Mulet,
991 4288 1091 4339 Gilbert
1127 4288 1230 4346 Bssset

157 4354 213 4403 *ἀι
234 4358 313 4415 Flete,
334 4356 365 4405 B.
398 4355 425 4406 It
446 4370 556 4419 appears
582 4355 650 4405 from
702 4354 819 4405 Thomas
830 4353 941 4415 Msrcey.
973 4354 1003 4405 B.

129 4416 157 4465 B.
167 4433 202 4467 m.
214 4422 256 4479 19,
266 4420 325 4471 that
333 4420 408 4471 corin
416 4436 470 4472 m
478 4421 560 4472 found
568 4420 652 4484 guilty
