3167 5075
388 425 450 486 566
683 419 829 488 urrann,
846 427 912 476 au.
936 411 1031 486 1226,
1051 423 1114 473 sn
1139 409 1189 472 10.

388 609 538 674 lucerent.
583 603 680 668 Mane
702 609 815 666 autem
836 621 911 665 cum
932 597 1092 674 uenirent,
1115 596 1294 660 nieeoomes
1314 591 1424 658 amedit
1441 601 1468 655 et

387 707 602 796 interrogauit
616 706 762 793 querelas
777 713 816 771 et
826 711 998 790 querentes
1013 707 1048 766 et
1062 700 1183 766 iudicia
1195 707 1265 776 etc,
1273 706 1310 763 et
1324 695 1468 762 mandauit

390 814 549 879 militibus
563 819 598 878 et
613 808 796 876 senescallis
810 808 868 894 qui
882 817 975 872 extra
988 805 1122 871 domum
1136 805 1269 870 fuerunt
1281 811 1320 868 ut
1334 804 1470 868 intrarent

389 927 424 984 et
445 917 592 1005 querelas
611 913 763 982 audirent
783 926 818 977 et
837 911 958 976 iudicia
978 910 1055 976 inde
1077 910 1226 974 facerent
1271 908 1408 972 Etcum
1425 905 1471 968 hoc

389 1021 549 1098 audirent,
564 1019 627 1106 ipsi
642 1018 748 1108 quiin
763 1016 859 1083 domo
874 1027 967 1082 erant
987 1015 1138 1081 exierunt
1156 1022 1192 1079 et
1210 1013 1268 1100 qui
1288 1021 1380 1077 extra
1398 1017 1472 1075 erant

390 1127 542 1194 abierunt
556 1125 700 1191 dicentes
715 1122 803 1209 quod
816 1144 882 1187 non
897 1122 1081 1187 debuerunt
1100 1119 1293 1185 comitatum
1308 1127 1413 1183 tenere
1424 1113 1474 1179 uisi

389 1251 566 1317 perunum
581 1227 677 1305 diem,
692 1227 779 1294 unde
796 1227 873 1313 quia
887 1225 1065 1292 uicecomes
1078 1248 1144 1290 non
1158 1225 1268 1311 potuit
1282 1223 1370 1289 solus
1382 1242 1472 1308 quere

391 1335 438 1399 las
459 1332 573 1401 audire
595 1353 655 1397 nec
676 1329 798 1396 iudicia
819 1329 923 1395 facere
944 1330 1029 1394 dixit
1048 1328 1259 1416 querentibus
1278 1336 1316 1392 et
1335 1321 1474 1412 reisquod

391 1437 542 1503 uenirent
571 1434 614 1502 ad
639 1433 820 1520 wapentalr'
849 1441 885 1496 et
908 1432 958 1498 ibi
981 1431 1028 1497 eis
1053 1431 1216 1497 iusticiam
1243 1433 1372 1506 faceret,
1391 1427 1474 1492 etsie

391 1537 616 1606 recesserunt¹.
675 1538 792 1604 Postea
821 1558 896 1601 cum
926 1535 1105 1602 uicecomes
1133 1535 1320 1600 itineraeset
1348 1557 1402 1620 per
1425 1539 1475 1595 tre·

393 1643 509 1730 thinga
531 1641 665 1706 tandem
690 1641 785 1706 uenit
808 1639 1000 1726 perdecem
1026 1640 1232 1727 wapentakia
1254 1639 1298 1704 de
1322 1638 1476 1702 Aneeastro

393 1745 452 1810 ubi
473 1745 647 1832 prefixerat
666 1742 754 1810 diem
778 1743 929 1809 omnibus
951 1744 1162 1830 querentibus
1184 1743 1225 1808 de
1248 1743 1316 1808 illis
1338 1750 1477 1828 wapente

394 1850 464 1913 ldis.
486 1847 491 1935 Ι
511 1849 554 1912 Et
568 1849 615 1913 ibi
630 1857 852 1913 conuenerant
865 1847 964 1913 multi
983 1857 1052 1914 tam
1073 1848 1195 1913 milites
1214 1870 1315 1934 quam
1336 1847 1398 1923 alii,
1410 1846 1479 1909 inter

395 1975 475 2040 quos
496 1951 635 2039 predicti
655 1951 860 2016 Theobaldus
878 1962 913 2016 et
928 1951 1027 2038 Hugo
1047 1961 1217 2029 uenerunt,
1231 1961 1267 2017 et
1282 1951 1402 2016 auditis
1417 1969 1479 2034 que

394 2057 470 2125 relis
485 2065 519 2122 et
534 2055 695 2144 responsis
714 2055 800 2120 dixit
819 2055 998 2123 uicecomes
1019 2056 1178 2121 militibus
1200 2064 1239 2121 ut
1259 2056 1340 2121 inde
1360 2055 1480 2119 laeemnt

395 2160 522 2226 iudicia
569 2161 613 2225 Et
628 2158 793 2246 predictus
807 2159 1013 2225 Theobaldus
1032 2157 1172 2224 surrexit
1186 2168 1222 2224 et
1235 2157 1323 2223 dixit
1337 2156 1418 2244 quod
1429 2177 1480 2219 non

395 2265 580 2329 debuerunt
602 2264 649 2328 ibi
669 2263 790 2329 iudicia
810 2263 924 2340 facere,
938 2286 998 2328 nec
1016 2262 1096 2328 alibi
1115 2260 1179 2328 nisi
1193 2263 1229 2328 in
1242 2263 1408 2339 comiteur,
1419 2259 1481 2346 quit

397 2368 489 2432 uenit
504 2367 545 2432 de
560 2366 649 2434 curia
662 2367 756 2431 Dom
768 2367 869 2453 Regis
879 2367 939 2432 ubi
952 2368 1079 2432 locutus
1094 2367 1158 2433 fuit
1171 2391 1246 2432 cum
1261 2367 1357 2432 Dom
1369 2362 1480 2431 Archie

396 2473 527 2560 piscopo
541 2479 576 2537 et
592 2469 719 2537 Gemite
735 2470 861 2537 Cestrie
882 2480 918 2535 et
937 2470 1009 2537 aliis
1029 2470 1245 2558 magnatibus,
1261 2479 1297 2535 et
1316 2480 1420 2537 certus
1431 2466 1482 2531 fuit

397 2576 483 2663 quod
498 2583 575 2640 ante
591 2582 656 2639 tres
670 2573 868 2661 septimanas
888 2575 1046 2640 haberent
1065 2575 1165 2641 breue
1180 2577 1276 2642 Dom.
1290 2576 1390 2662 Regis
1402 2596 1439 2638 ne
1449 2572 1482 2636 de

397 2690 504 2746 cetero
526 2688 723 2744 uererentur
744 2676 785 2742 de
808 2678 994 2744 huiusmodi
1015 2680 1240 2745 exaecionibus
1262 2688 1299 2745 et
1317 2676 1445 2754 iniuriis,
1456 2686 1482 2739 et

397 2784 518 2849 adiecit
548 2782 634 2870 quod
663 2781 792 2847 audiret
819 2783 877 2868 qui
899 2781 1020 2848 iudicia
1048 2784 1190 2850 facerent
1215 2784 1250 2849 in
1277 2776 1482 2870 wapentulrio!

399 2890 443 2953 Et
464 2888 641 2954 uieecomes
662 2886 776 2951 audito
798 2888 858 2951 hoc
878 2888 1045 2973 respondit
1062 2889 1102 2965 ei,
1117 2889 1203 2974 quod
1217 2898 1352 2976 propter
1364 2888 1420 2953 hoc
1432 2907 1484 2949 non

397 2992 596 3058 dimitteret³
611 2993 691 3079 quin
706 2991 904 3078 pauperibus
918 2993 1082 3058 iusticiam
1098 2994 1217 3057 faceret
1231 3014 1398 3078 quousque
1411 2986 1484 3053 aliud
1539 2975 1540 3054 l

391 3096 472 3183 inde
489 3095 678 3161 mandatum
694 3094 838 3173 baberet,
848 3103 883 3158 et
898 3094 982 3159 dixit
996 3094 1157 3159 militibus
1171 3103 1206 3159 et
1219 3095 1293 3159 aliis
1306 3104 1348 3159 ut
1361 3096 1484 3157 facerent
1539 3091 1540 3106 ¹

397 3199 523 3265 iudicia„
569 3198 612 3261 Et
632 3196 696 3283 ipsi
716 3197 886 3282 pecierunt
906 3196 1073 3261 licenciam
1093 3197 1246 3283 loquendi
1265 3196 1352 3269 inde,
1365 3204 1400 3261 et
1413 3193 1484 3258 exie·
1539 3239 1540 3274 q

397 3308 481 3365 runt.
528 3300 571 3364 Et
586 3298 670 3366 sieut
685 3298 785 3363 locuti
807 3299 939 3363 fuerunt
959 3298 1044 3376 inde,
1059 3307 1221 3365 uenerunt
1240 3299 1379 3386 predicti
1399 3298 1484 3362 'lbeo
1539 3299 1540 3378 ξ

398 3404 513 3471 baldus
527 3412 562 3468 et
578 3404 677 3489 Hugo
691 3402 778 3467 inter
793 3425 847 3467 eos
867 3403 909 3467 ad
931 3402 1100 3467 consilium
1121 3426 1227 3481 suum,
1241 3412 1276 3468 et
1289 3404 1436 3469 dixerunt
1449 3398 1485 3463 eis
1539 3381 1540 3410 ¹

399 3508 484 3595 quod
499 3530 615 3593 eaque
631 3507 810 3571 uicecomes
826 3506 903 3572 fecit
918 3508 1051 3572 fuerunt
1070 3516 1182 3573 contra
1203 3508 1389 3573 libertatem
1408 3526 1484 3570 suam

399 3634 497 3701 quam
520 3610 639 3675 habere
664 3610 786 3675 debent
811 3633 870 3696 per
894 3620 1017 3676 cartam
1042 3611 1136 3677 Dom.
1163 3612 1271 3699 Regis,
1292 3619 1328 3676 et
1353 3609 1435 3697 quod
1456 3628 1486 3671 es

399 3714 607 3801 pertinebant
633 3714 675 3779 ad
698 3715 861 3781 Comitem
889 3714 1015 3781 Gestn'e
1041 3724 1076 3780 et
1096 3715 1140 3781 ad
1164 3717 1244 3781 alios
1269 3725 1433 3802 magnates
1453 3710 1485 3775 de

399 3816 565 3893 comitatu,
580 3823 615 3880 et
630 3817 863 3883 consuluerunt
876 3818 924 3883 eis
939 3840 981 3883 ne
995 3818 1106 3904 eliqua
1119 3818 1196 3883 inde
1215 3817 1335 3883 iudicia
1354 3818 1485 3882 lacerent
1538 3891 1539 3894 Ἴ

400 3920 444 3984 Et
462 3942 521 4005 per
540 3920 710 3985 consilium
732 3943 828 3986 suum
850 3921 1065 3999 intrauerunt,
1081 3930 1115 3987 et
1134 3922 1338 3987 Theobaldus
1359 3918 1485 3985 narrauit
1538 3931 1539 3964 ³

399 4044 457 4109 pro
472 4023 518 4087 eis
532 4023 642 4088 dicens
656 4023 742 4089 sicut
756 4024 847 4110 prius
861 4025 947 4111 quod
961 4026 1052 4092 nulla
1072 4026 1194 4091 iudicia
1212 4027 1259 4091 ibi
1280 4026 1420 4090 facerent
1437 4042 1484 4086 nec
1538 4087 1539 4108 2

400 4130 502 4193 fecere
518 4127 709 4206 debuerunt,
725 4138 760 4194 et
773 4130 869 4215 plura
882 4130 993 4217 turpia
1011 4130 1112 4195 uerba
1125 4130 1211 4196 dixit
1223 4128 1412 4195 uicecomiti
1450 4124 1484 4188 n
1538 4129 1539 4188 ζ

433 4306 526 4422 ¹Anq3
530 4306 591 4358 thus
603 4324 679 4358 seven
692 4310 927 4360 seorecaseestood
977 4324 1030 4438 ὃ]
1045 4324 1095 4360 one
1109 4308 1482 4374 givejudgmentinthstoeurt
1538 4269 1539 4318 l

402 4389 470 4423 ovar.
528 4410 534 4425 .
988 4382 993 4395 ⁸

434 4438 501 4491 ²110
513 4438 595 4491 added
607 4438 665 4488 that
677 4438 735 4489 lra'd
752 4440 803 4492 like
820 4443 847 4490 to
863 4440 927 4493 hear
991 4414 996 4424 Ι
1010 4412 1020 4473 3
1038 4443 1184 4500 obmitteret,
1198 4442 1226 4491 B.
