3167 5075
343 398 577 463 mentumis,
600 400 667 451 au.
689 382 783 461 1217,
805 398 870 451 aa
893 386 986 450 1-2
1154 383 1220 451 317

134 578 377 645 Cbusideratum²
398 588 448 644 est
472 578 559 665 quod
584 576 693 643 Ieolda
715 576 922 664 recuperauit
945 576 1097 643 saisinam
1120 584 1160 641 ut
1180 576 1223 641 de

132 684 197 751 dote
210 707 265 771 per
278 684 432 749 defaltam
448 692 482 747 et
497 682 658 748 Radulfus
672 682 707 747 in
722 682 946 747 misericoulia
1068 732 1072 738 .

71 782 101 843 ll·
133 828 137 835 ·
186 790 289 875 Agnes
303 789 343 853 de
359 789 391 853 la
403 788 587 854 Keiaimere
602 810 661 874 per
675 794 984 851 attornatumauum
999 785 1100 872 peciit
1111 807 1224 854 uersus
1282 786 1342 827 ⁸⁰¹²

130 892 292 959 Robertum
314 893 355 959 de
379 892 584 958 Branceetria
604 891 738 957 terciam
758 898 888 977 partem
907 889 1005 955 unius
1019 912 1121 955 carue.
1137 899 1224 955 tene

130 1018 192 1061 eum
213 1006 289 1083 pert.
314 997 350 1061 iu
374 997 535 1061 Norbulla
558 1004 597 1061 ut
620 996 731 1061 dotem
755 1016 849 1059 suam
878 1003 938 1060 eta
984 996 1029 1060 Et
1059 996 1223 1061 Rabertua

129 1100 210 1165 uenit
232 1108 265 1165 et
288 1123 353 1165 non
377 1101 451 1166 uult
474 1100 506 1165 ei
527 1100 720 1187 respondere
743 1098 813 1164 aine
833 1113 976 1164 waranto
996 1122 1054 1164 suo
1073 1100 1116 1165 de
1139 1100 1224 1177 dote,

129 1202 183 1267 scil
197 1202 343 1269 Johanue
358 1203 400 1268 de
415 1204 447 1267 la
462 1202 646 1267 Kersimere
662 1201 729 1267 filio
744 1200 945 1269 Alexandri'.
991 1203 1126 1269 Habeat
1147 1226 1224 1269 eum

128 1304 203 1371 adia
217 1306 337 1371 Paauhe
357 1306 394 1371 in
414 1328 517 1371 unum
536 1328 680 1371 mensem
701 1328 761 1392 per
779 1306 939 1371 auxilium
959 1306 1048 1372 curie
1063 1318 1098 1373 et
1112 1316 1224 1372 manet

128 1408 157 1472 iu
169 1410 320 1475 comitatu
334 1410 499 1477 Suffoleie.
861 1486 866 1497 ι

69 1508 98 1571 ll.
181 1512 295 1577 «luxata
309 1512 403 1578 uenit
417 1512 623 1599 recognitum
637 1512 665 1577 ai
681 1512 802 1578 Vitalis
813 1513 853 1578 de
866 1513 1036 1601 Engainne
1047 1513 1224 1579 diaaeiaiuit

126 1613 219 1678 Adam
230 1614 269 1679 de
286 1614 455 1701 Gurtenay
468 1614 553 1680 infra
566 1637 716 1702 guenam
732 1614 773 1680 de
788 1616 932 1681 manerio
945 1616 987 1681 de
1009 1616 1223 1703 Upministro,
1265 1682 1269 1689 ,
1352 1634 1355 1638 ·

127 1726 169 1781 set
187 1719 316 1803 ponitur
337 1718 373 1783 in
395 1720 578 1805 respectum
600 1718 767 1805 usquead
789 1720 889 1784 talem
915 1719 1002 1783 diem
1021 1742 1080 1806 pro
1094 1721 1224 1787 defectu

127 1821 350 1907 recognitorum
372 1843 410 1886 eo
433 1821 519 1907 quod
542 1820 676 1887 inutiles
697 1823 838 1891 fuerunt.
883 1823 928 1887 Et
949 1822 1023 1888 ideo
1044 1823 1224 1891 uieeeomes

127 1924 199 1989 sicut
218 1925 298 1991 aliea
319 1924 352 1990 ei
373 1934 564 2012 preceptum
587 1926 650 1991 luit
672 1926 770 1991 faciat
791 1926 904 1991 uenire
926 1926 980 2013 xij.
1004 1935 1073 1992 tam
1102 1928 1225 1993 milites

127 2050 211 2113 quam
232 2031 312 2096 alios
335 2030 453 2096 liberos
476 2037 511 2094 et
532 2030 652 2117 legales
674 2038 735 2095 ete.
759 2037 795 2095 et
816 2030 970 2095 discretos
991 2031 1071 2096 alios
1085 2054 1106 2095 a
1119 2032 1224 2118 primo

126 2134 224 2200 electis
236 2158 296 2221 per
309 2157 391 2221 quos
406 2142 466 2200 ete.
481 2142 517 2199 et
531 2134 710 2199 uiceoomes
725 2141 806 2199 tunc
819 2134 864 2199 ait
878 2134 1051 2199 auditurus
1066 2134 1223 2200 iudicium

126 2258 207 2303 suum
221 2239 261 2304 de
276 2238 339 2303 hoc
354 2236 441 2324 quod
455 2236 563 2301 mand¹
578 2236 675 2301 illud⁸
690 2244 750 2303 eto.
797 2237 842 2301 Et
856 2236 981 2301 dictum
1002 2245 1053 2302 eat
1072 2237 1224 2303 omnibus

125 2342 366 2427 reuogmtoribua
387 2341 446 2428 qui
467 2349 630 2407 uenerunt
650 2340 738 2427 quod
759 2349 837 2406 eant
858 2340 935 2405 inde
962 2340 1034 2405 aine
1063 2340 1117 2405 die
1146 2341 1224 2427 quia

125 2466 268 2532 pauperes
280 2448 418 2512 fuerunt
433 2453 467 2510 et
481 2445 591 2510 nullus
605 2445 699 2510 miles
713 2444 837 2509 electus
852 2444 923 2510 luit.

66 2539 94 2604 ll·
178 2551 370 2618 Dieadatua
384 2560 435 2616 est
450 2551 584 2616 Matheo
598 2551 639 2616 de
655 2551 776 2616 Sancto
791 2549 897 2614 Trono
914 2557 949 2614 et
970 2548 1108 2636 Roeyaie
1128 2549 1223 2616 uxori

124 2653 184 2720 eiua
210 2654 401 2742 petentibus
430 2662 466 2720 et
494 2654 619 2721 Abbati
648 2654 689 2720 de
720 2653 917 2719 Stratiordia
940 2676 999 2739 per
1019 2661 1222 2720 attumatum

125 2778 206 2822 suum
229 2767 263 2824 et
284 2759 453 2824 Willelmo
475 2759 505 2824 le
531 2759 647 2824 Briton
675 2781 735 2846 per
763 2767 977 2824 attornatum.
994 2781 1091 2824 auum
1119 2781 1141 2824 a
1169 2759 1224 2824 die

123 2862 230 2930 Paeche
251 2866 286 2930 in
309 2888 362 2930 xv.
385 2865 454 2931 dies
476 2887 514 2930 eo
537 2865 623 2951 quod
645 2865 735 2931 uisus
757 2873 843 2930 teme
872 2865 998 2952 petitus
1026 2866 1092 2930 fuit
1119 2888 1141 2930 a
1168 2866 1223 2931 die

124 2965 298 3033 SHillarii
320 2968 357 3033 in
379 2991 430 3033 xv.
452 2967 521 3032 dies
544 2976 578 3033 et
606 2967 758 3033 Matheus
787 2975 823 3032 et
851 2967 972 3054 Roysia
1000 2976 1223 3056 cognouerunt

122 3071 195 3154 quod
209 3071 299 3137 uisus
317 3069 464 3136 nondum
479 3070 584 3135 factus
598 3070 670 3148 fuit,
685 3079 720 3136 et
734 3069 809 3134 ideo
822 3070 955 3135 interim
971 3070 1030 3135 fiat
1044 3071 1143 3137 uisus.

66 3171 93 3236 lt.
178 3177 340 3243 Robertus
355 3176 495 3241 Maudut
509 3199 568 3263 per
582 3184 784 3242 attornatum
799 3198 895 3241 auum
910 3177 1033 3264 optulit
1053 3200 1088 3242 ae
1108 3185 1223 3263 quattu
1341 3219 1347 3230 -

123 3279 166 3343 die
179 3303 289 3346 uemus
303 3279 509 3345 Willelmum
524 3279 566 3344 de
584 3279 782 3344 Wirmeeota
801 3279 844 3345 de
862 3279 983 3366 placito
1003 3281 1022 3344 l.
1042 3302 1223 3345 marcarum

123 3383 196 3449 unde
210 3383 373 3472 plegiauit
385 3382 591 3449 comitissam
604 3382 788 3448 erewiei
799 3404 912 3448 uersus
922 3383 1030 3469 ipsum
1043 3383 1223 3450 Robertum

123 3495 151 3552 et
163 3510 223 3552 uon
237 3486 443 3575 acquietauit
457 3485 545 3552 eam¹
559 3493 598 3550 ut
612 3485 693 3550 dicit
708 3493 778 3563 eta,
793 3494 829 3551 et
843 3507 956 3551 uersus
972 3484 1166 3551 Gemaaium
1179 3486 1223 3552 de

123 3587 274 3655 Wautona
287 3589 332 3654 de
347 3587 467 3675 placito
481 3611 554 3654 xxx.
570 3609 749 3652 marearum
765 3595 826 3653 ete.
845 3587 933 3652 unde
953 3586 1045 3652 eum‘
1064 3587 1225 3674 plegiauit

123 3699 174 3758 ete.
216 3695 260 3760 Et
281 3693 348 3781 ipsi
370 3715 435 3757 non
456 3700 618 3758 uenerunt
648 3700 707 3759 etc.
739 3699 773 3756 et
803 3691 975 3756 attaebiati
1004 3691 1138 3756 luerunt
1166 3713 1227 3778 per

122 3793 314 3862 willelmum
338 3794 443 3860 filium
465 3794 596 3859 Radulfi
619 3793 660 3859 de
683 3793 886 3872 Wilmeeota,
900 3793 1103 3858 Willelmum
1120 3794 1226 3859 filium

122 3895 240 3976 Edithe,
271 3897 469 3964 Gauii-idum
498 3896 540 3962 de
570 3896 764 3961 Wilmecota
793 3905 828 3960 et
856 3896 937 3961 alios
965 3904 1026 3962 ete.
1072 3897 1116 3961 Et
1150 3895 1225 3963 ideo

122 3998 351 4068 consideratum
375 4010 424 4067 est
447 4001 534 4087 quod
555 4000 618 4087 ipsi
645 4009 811 4088 ponantur
838 4023 897 4088 per
925 4001 1074 4067 meliores
1101 4003 1227 4090 plegios

122 4105 198 4189 quod
212 4107 278 4171 sint
294 4129 316 4170 a
331 4105 391 4170 tali
406 4105 459 4169 die
474 4112 534 4170 etc.
549 4103 586 4169 in
600 4126 650 4170 xv.
666 4103 736 4170 dies
751 4106 829 4170 ete.⁸

148 4241 235 4294 ¹'l'hia
255 4244 397 4308 judgmant
414 4243 500 4294 would
522 4243 552 4294 be
574 4247 645 4306 post-
728 4241 809 4293 'For
819 4245 866 4293 not
876 4241 974 4308 having
985 4241 1083 4309 obeyad
1093 4243 1139 4295 the
1150 4242 1217 4295 urit.

122 4308 193 4434 geppt
207 4323 241 4360 on
256 4310 303 4362 tha
318 4310 376 4363 roll.
413 4309 461 4360 See
477 4309 521 4359 Br.
539 4309 646 4362 tt'IOb
728 4309 809 4425 :gig

151 4439 160 4470 ¹
326 4479 329 4484 ,
454 4475 457 4480 .
730 4439 741 4471 ⁶
757 4439 801 4489 Br.
812 4438 831 4488 l.
843 4438 900 4490 439.
