3167 5075
395 425 537 488 uniar,
558 423 625 475 nn.
644 411 743 487 1223,
767 427 830 476 aa
854 409 883 479 7.
1124 412 1189 476 459

100 594 152 658 hoc
164 617 224 659 non
237 594 399 661 dedicunt
443 596 489 660 Et
503 595 576 660 ideo
590 597 614 661 J
615 596 757 662 ohannes
777 598 819 662 de
840 621 925 664 nouo
946 607 1190 664 summoneatur

100 699 129 764 in
147 698 297 764 comitatu
319 700 526 766 Suthantone
548 703 635 786 quod
656 702 699 766 sit
722 702 783 766 tali
804 702 859 768 die
882 713 942 768 eto.
970 700 1012 768 ad
1041 703 1190 767 warenti-

100 803 222 868 randum
237 813 295 868 eto

59 957 70 970 „
155 906 260 993 {Elyas
275 909 316 973 de
325 908 496 996 Radlegha
505 909 723 974 summonitus
734 911 798 976 fuit
809 912 851 976 ad
863 911 1100 977 ostendendum
1112 910 1191 998 quid
1245 928 1310 970 usus

99 1009 167 1076 iuris
179 1013 245 1098 ipse
259 1013 379 1078 clamat
393 1014 430 1078 in
443 1014 484 1078 xl
500 1015 582 1078 acris
604 1022 690 1079 terre
710 1023 744 1080 et
764 1016 801 1080 in
820 1015 926 1080 tribus
946 1016 1027 1081 acris
1050 1017 1136 1102 prati
1156 1017 1191 1081 in

99 1114 233 1193 Suttons,
247 1116 288 1182 de
303 1140 369 1203 qua
383 1126 519 1183 terrast
533 1118 575 1183 de
592 1141 657 1204 quo
674 1128 768 1204 prato
787 1119 956 1184 concordia
975 1119 1063 1183 facta
1086 1129 1136 1184 est
1155 1120 1191 1185 in

98 1219 175 1283 ouria
200 1220 292 1286 Dom
322 1222 423 1309 Regis
452 1223 539 1287 inter
568 1223 710 1287 Priorem
737 1225 919 1310 Hospitalis
940 1225 964 1289 J
966 1224 1132 1289 erosolime
1155 1224 1191 1289 in

98 1322 204 1408 Anglia
225 1333 259 1388 et
285 1324 457 1390 Warinnm
483 1325 588 1390 filium
614 1325 740 1390 Warini
765 1326 828 1391 filii
853 1327 1013 1404 Fuloheri,
1040 1337 1074 1392 et
1104 1327 1191 1392 unde

98 1425 172 1490 idem
186 1427 337 1493 Warinus
351 1429 432 1494 dicit
447 1431 533 1515 quod
548 1430 637 1495 idem
652 1430 750 1516 Elyas
764 1454 829 1496 non
845 1430 945 1496 habet
960 1431 1141 1517 ingressum
1155 1432 1191 1496 in

97 1532 306 1597 terramillam
322 1541 357 1598 et
372 1542 503 1618 pratum
518 1534 582 1598 nisi
596 1535 638 1599 ad
653 1535 831 1599 terminum
844 1535 884 1600 de
896 1535 966 1621 ipso
977 1536 1111 1600 Warino
1122 1544 1191 1612 etc,

98 1643 127 1697 et
144 1637 226 1700 unde
248 1636 336 1703 idem
361 1639 452 1702 Prior
474 1638 555 1703 dicit
572 1639 660 1725 quod
674 1638 829 1704 Warinus
843 1641 933 1705 illam
948 1647 1069 1703 terram
1085 1639 1190 1703 eidem

98 1739 165 1824 Elye
185 1740 308 1805 dimisit
329 1751 502 1828 postquam
524 1745 616 1808 illam
638 1752 838 1809 concesserat
861 1745 968 1810 eidem
991 1743 1101 1807 Priori.
1147 1743 1190 1806 Et

98 1843 180 1929 Elyas
193 1845 287 1910 uenit
302 1855 337 1911 et
352 1847 435 1911 bene
450 1847 614 1934 cognoscit
629 1848 716 1934 quod
730 1849 821 1912 illam
837 1848 937 1913 habet
952 1847 995 1912 ad
1013 1845 1190 1910 terminum

97 1945 152 2031 xiij.
171 1970 327 2012 annorum
342 1949 430 2012 unde
445 1949 552 2014 adhuc
566 1959 672 2014 aretro
686 1959 764 2014 sunt
779 1973 808 2015 x.
824 1949 911 2026 anni,
926 1956 959 2012 et
975 1947 1054 2012 non²
1068 1947 1190 2011 dedicit

97 2051 170 2134 qnod
189 2051 278 2117 illas⁸
299 2053 422 2139 recepit
444 2062 617 2140 postquam
640 2055 731 2120 illam
752 2054 920 2119 dimiserat
943 2053 1049 2118 eidem
1079 2052 1189 2118 Priori

97 2153 133 2217 Et
169 2155 240 2220 ideo
254 2156 494 2221 consideratum
509 2159 661 2243 estquod
676 2158 767 2222 Prior
780 2158 901 2222 habeat
923 2158 1074 2222 seisinam
1096 2179 1188 2221 suam
1225 2157 1227 2165 ’

94 2261 255 2326 secundum
277 2261 378 2326 finem
399 2262 522 2326 factum
544 2261 632 2327 inter
652 2285 714 2339 eos,
737 2270 771 2327 et
802 2263 888 2348 quod
909 2261 1063 2326 Warinus
1092 2261 1190 2326 faciat

95 2362 186 2428 eidem
214 2365 297 2452 Elye
326 2366 520 2431 escambium
550 2367 591 2431 ad
618 2367 799 2432 ualenoiam
822 2389 926 2453 usque
948 2366 990 2432 ad
1012 2367 1189 2432 terminum

94 2487 175 2530 suum
189 2468 397 2555 completum.

59 2583 67 2637 t
146 2572 276 2640 ‘durata
294 2574 388 2639 uenit
407 2575 612 2661 recognitura
630 2573 672 2640 de
687 2598 843 2640 consensu
858 2576 1003 2661 parcium
1018 2596 1078 2661 per
1091 2574 1189 2639 tales⁵
1229 2583 1323 2624 onan.

94 2682 142 2738 ete
168 2676 210 2741 ad
237 2677 529 2764 recognoscendum
558 2677 586 2743 si
623 2679 715 2744 Dom.
755 2679 903 2765 Elyensis
941 2678 1118 2764 Episcopus
1154 2686 1188 2742 et

94 2774 223 2844 hominos
252 2781 305 2845 sui
333 2780 375 2845 de
406 2780 612 2865 Ohayhuthe‚
642 2783 720 2868 Eye,
758 2781 1039 2867 Hermingesheye
1073 2788 1110 2851 ,et
1146 2779 1188 2845 de

93 2878 216 2947 Dittona
235 2884 343 2948 solent
365 2892 399 2949 et
421 2883 542 2949 debent
564 2885 684 2951 habere
706 2907 912 2950 communem
932 2884 967 2949 in
981 2885 1116 2949 marisco
1131 2885 1188 2970 qui

94 2992 135 3047 est
147 2985 229 3051 inter
242 2988 469 3053 Bodelsesham
483 2998 604 3054 terram
620 2990 657 3054 G.
673 2989 714 3054 de
730 2990 825 3055 Olore
838 2988 975 3055 Comitis
987 2988 1187 3055 Gloucestrie

94 3097 122 3152 et
140 3092 297 3175 predictas
319 3092 414 3157 uillas
435 3101 495 3157 etc.
518 3094 573 3158 uel
594 3115 670 3173 non,
693 3093 728 3157 in
748 3116 848 3179 quam
868 3094 1008 3158 iuratam
1024 3092 1188 3179 predictus

94 3191 244 3262 Johannes
274 3196 451 3282 Episcopus
479 3205 513 3263 et
544 3197 582 3262 G.
608 3197 650 3262 de
673 3196 768 3263 Clare
791 3197 908 3263 Comes
931 3196 1131 3263 Gloucestrie
1152 3218 1188 3260 se

94 3300 280 3379 poeuernnt‘.

148 3402 189 3466 Et
202 3426 315 3468 omnes
328 3402 466 3489 predicti
479 3403 637 3469 iuratores
651 3404 766 3469 dicunt
780 3405 866 3491 quod
881 3404 989 3469 sciunt
1002 3402 1085 3468 bene
1101 3402 1187 3488 quod

94 3501 230 3592 Episcopi
252 3507 407 3593 Elyenses
429 3516 463 3572 et
486 3507 633 3572 homines
653 3508 706 3572 sui
727 3508 768 3573 de
790 3507 944 3593 predictis
966 3506 1053 3571 uillis
1081 3507 1186 3572 solent

95 3604 198 3675 hnbere
219 3633 425 3675 communem
447 3634 540 3675 suam
562 3611 597 3676 in
622 3612 757 3677 marisco
786 3611 873 3676 inter
900 3610 1062 3697 predictas
1090 3610 1187 3675 uillas

94 3713 184 3778 multo
197 3723 344 3801 tempore
358 3723 521 3780 transacto
535 3716 658 3781 scilicet
673 3740 693 3781 a
706 3724 853 3801 tempore
869 3714 1019 3800 Episcopi
1037 3714 1187 3779 Gaufiidi

92 3836 205 3902 semper
231 3842 337 3905 usque
365 3817 476 3897 nuno⁷,
504 3828 540 3883 et
569 3828 608 3883 ut
637 3819 834 3885 audiuerunt
863 3818 927 3883 dici
957 3826 1033 3882 ante
1055 3822 1188 3903 tempus

95 3918 232 4009 Episcopi
246 3923 424 4002 Gaufridi⁸,
437 3933 489 3988 set
503 3945 569 3988 non
582 3933 661 3988 sunt
679 3923 759 3988 certi
776 3923 806 3988 si
826 3923 916 3987 illam
931 3922 1050 3987 habere
1065 3923 1187 3987 debent

120 4114 128 4145 ¹
142 4115 171 4166 B.
181 4132 216 4168 m.
230 4121 254 4171 5.
689 4118 701 4151 ⁶
717 4118 773 4168 The
787 4120 875 4181 places
891 4133 935 4167 are
952 4118 1103 4181 Olsyhytha
1119 4118 1184 4183 Quy‚

119 4178 129 4209 ²
141 4180 170 4230 B.
182 4184 260 4233 omits
271 4200 329 4243 sou,
341 4184 388 4235 but
398 4183 444 4235 the
453 4187 508 4236 text
524 4198 608 4236 seems
658 4183 831 4246 Horningsec,
846 4184 900 4232 Fen
911 4184 1012 4245 Ditton,
1027 4184 1183 4234 Bottisham.

94 4245 188 4295 tobein
199 4248 243 4298 the
252 4249 332 4311 right.
689 4249 793 4311 'usque
806 4250 951 4298 hodierrum
961 4251 1034 4309 dieta,
1047 4250 1078 4299 B.

120 4308 130 4341 ⁸
144 4312 212 4362 Corr.
222 4317 303 4377 illam,
315 4315 347 4364 B.
689 4314 701 4347 ⁸
718 4314 817 4377 Supply
827 4316 923 4363 scilicet
942 4322 1046 4377 tempore
1063 4318 1184 4377 Episcopi*

119 4374 279 4429 ⁴B.rn.8d.
657 4382 763 4441 Nireus,
782 4380 814 4427 B.
847 4379 921 4439 Nigel
938 4378 996 4429 died
1012 4380 1042 4429 in
1056 4380 1119 4431 1169
1131 4380 1183 4431 sud

120 4439 266 4495 'Thirtssn
275 4446 448 4497 namssinB.
658 4442 1039 4508 uassuooeedsdbyGeoffrey.
