3167 5075
367 387 431 451 256
585 400 703 449 corun
726 398 823 461 naun
848 398 911 448 sn.
937 384 1094 460 1238-9,
1116 400 1179 447 aa
1204 386 1254 447 23.

363 570 558 657 Magistrum
591 570 800 647 Willelmum,
829 577 864 635 et
894 568 1052 655 Magister
1077 568 1269 634 Willeimus‘
1285 568 1323 633 in
1347 569 1458 633 miseri·

361 674 478 741 cordia
523 673 567 739 Et
582 674 784 761 Reginaldus
798 672 923 737 nullam
937 673 1015 737 fecit
1029 672 1230 741 disseisinam
1245 674 1325 759 quia
1342 681 1458 737 oosctus

362 776 440 842 fecit
454 785 488 842 et
503 784 652 863 preterea
666 777 757 841 nulla
770 776 856 839 iacet
870 776 1040 841 dissaisina
1053 774 1262 861 interipsum
1277 776 1416 841 Priorem
1429 791 1458 839 et

362 879 580 965 Reginaldum
601 888 768 945 tenentem
788 900 885 941 suum
904 878 983 963 quia
1002 877 1117 943 debuit
1131 876 1325 965 distringere
1340 878 1458 943 feodum

360 1006 466 1059 suum,
490 990 540 1048 set
560 984 603 1047 sit
625 983 660 1046 in
680 982 899 1047 misericordia
918 1004 976 1068 pro
996 981 1249 1067 transgressione
1268 982 1348 1067 quia
1368 982 1457 1047 stulte

361 1087 504 1152 reddidit
518 1087 683 1152 redditum
699 1086 801 1151 illum.

427 1191 538 1256 Assisa
560 1190 654 1255 uenit
676 1190 883 1277 recognitum
905 1188 933 1253 si
956 1190 1103 1275 Rogatus
1126 1189 1167 1255 de
1192 1190 1287 1255 Kauz
1307 1198 1342 1256 et
1362 1192 1458 1277 plures

360 1294 436 1361 alii⁸
464 1294 584 1359 iniuste
620 1306 654 1359 et
690 1293 759 1358 sine
797 1292 917 1358 iudicio
952 1292 1200 1358 disseisiuerunt
1236 1294 1393 1360 Tristram
1424 1296 1459 1359 dc

362 1399 526 1464 Rindham
541 1398 582 1463 dc
597 1397 698 1462 libero
714 1404 901 1462 tenemento
916 1418 974 1461 suo
993 1396 1029 1461 in
1050 1396 1215 1462 Rindham
1236 1407 1311 1483 post
1330 1399 1457 1484 primam

362 1501 659 1568 transfretationem
680 1509 749 1579 etc,
769 1508 805 1565 et
824 1499 911 1565 unde
931 1499 1012 1565 dicit
1031 1500 1117 1586 quod
1131 1500 1380 1567 disseisincrunt
1392 1526 1458 1569 eum

362 1608 402 1673 de
429 1615 498 1672 toto
521 1613 710 1671 tenemento
733 1626 793 1669 suo
816 1604 903 1690 quod
923 1604 1040 1669 habuit
1063 1604 1104 1670 de
1127 1605 1212 1670 dono
1234 1606 1375 1693 predicti
1397 1605 1459 1671 Elia

361 1711 465 1798 patris
480 1709 531 1776 sui
545 1710 580 1775 in
595 1709 709 1775 eadem
725 1709 806 1773 uilla
820 1716 881 1775 etc.

428 1816 471 1879 Et
492 1814 639 1901 Rogcrus
659 1821 693 1879 et
714 1814 803 1878 Elias
823 1814 963 1878 ueniunt
983 1821 1018 1879 et
1038 1813 1154 1878 dicunt
1172 1814 1258 1900 quod
1281 1815 1382 1880 assisa
1403 1836 1458 1879 non

361 1917 460 1983 debet
475 1915 551 1981 inde
567 1915 637 1981 fieri
652 1936 690 1980 eo
706 1914 793 2001 quod
806 1914 973 2000 predictus
987 1914 1185 1980 Tristramus
1203 1938 1372 2003 nunquam
1392 1917 1458 1981 inda

361 2020 426 2097 fuit
446 2020 584 2085 seisitus.
627 2020 672 2084 Et
694 2018 892 2083 Tristmmus
911 2017 993 2082 dicit
1012 2016 1100 2104 quod
1119 2018 1183 2082 fuit
1203 2017 1238 2082 in
1259 2018 1379 2084 seisina
1391 2021 1461 2105 quia

361 2125 415 2190 die
438 2124 645 2189 Pentecostes
667 2144 753 2188 anno
775 2122 931 2208 preterito
954 2122 1047 2187 dedit
1070 2122 1102 2188 ei
1124 2123 1211 2188 idem
1235 2124 1324 2189 Elias
1349 2134 1458 2191 terram

361 2228 451 2292 illam
478 2234 512 2291 et
537 2225 646 2312 posuit
671 2247 747 2290 eum
773 2224 809 2289 in
832 2224 983 2289 seisinam
1007 2232 1042 2290 et
1065 2224 1253 2311 homagium
1276 2249 1373 2291 suum
1391 2226 1459 2292 inde

362 2331 449 2417 oepit
474 2331 523 2396 ita
548 2330 635 2417 quod
660 2330 724 2393 fuit
750 2329 785 2394 in
810 2328 930 2394 scisina
953 2352 1057 2415 usque
1083 2329 1126 2396 ad
1151 2330 1272 2395 festum
1301 2331 1334 2399 S
1362 2330 1460 2397 Fidis⁸

362 2434 507 2521 proximo
523 2455 660 2519 sequens
674 2432 749 2497 inde
765 2431 889 2497 eiectus
903 2432 972 2497 fuit
981 2455 1040 2518 per
1053 2433 1236 2519 predictum
1252 2434 1366 2501 Eliam

427 2539 596 2604 Juratores
629 2535 744 2603 dicunt
778 2535 865 2623 quod
906 2537 1072 2623 predictus
1108 2539 1197 2606 Elias
1232 2540 1326 2607 dedit
1361 2539 1460 2606 eidem

363 2639 539 2706 Tristramo
554 2648 674 2705 terram
689 2639 779 2704 illam
795 2647 846 2704 set
860 2639 1010 2706 nesciunt
1025 2642 1054 2706 si
1068 2642 1257 2730 homagium
1276 2667 1373 2710 suum
1391 2644 1460 2709 inde

363 2742 450 2829 cepit
473 2743 528 2809 uel
551 2765 624 2820 non,
648 2752 698 2808 set
720 2744 805 2809 bene
826 2742 934 2808 sciunt
953 2744 1039 2830 quod
1060 2745 1148 2811 idem
1168 2747 1364 2813 Tristi-amus
1380 2747 1461 2832 cepit

364 2845 540 2910 fidelitates
554 2845 722 2910 hominum
737 2854 772 2912 et
786 2846 976 2912 warectauit
990 2855 1110 2913 terram
1125 2857 1159 2914 et
1180 2850 1355 2937 aliquando
1371 2850 1461 2916 soluit

363 2950 394 3015 ei
418 2950 474 3036 xij.
497 2949 568 3016 den.
594 2971 674 3036 quos
697 2948 728 3014 ei
751 2951 876 3016 soluere
899 2951 1015 3016 debuit
1033 2953 1181 3039 qualibet
1203 2955 1388 3039 septimana
1407 2976 1461 3040 per

363 3055 612 3120 conuencionem
633 3054 720 3120 inter
740 3077 795 3120 eos
812 3056 931 3122 factam
952 3079 1010 3142 pro
1030 3057 1195 3122 termille
1214 3058 1460 3132 eidimittendn,

362 3165 413 3224 set
436 3180 517 3222 uxor
539 3157 641 3244 ipsius
665 3157 735 3222 Elie
759 3167 794 3223 et
817 3159 910 3244 pueri
931 3159 983 3225 sui
997 3168 1221 3225 remansenmt
1235 3161 1271 3226 in
1286 3161 1379 3228 domo
1391 3183 1459 3227 cum

362 3263 507 3351 predicto
526 3261 718 3328 Tristramo⁴
737 3271 771 3330 et
791 3263 841 3329 ita
859 3264 1015 3330 remansit
1035 3263 1200 3352 predictus
1219 3265 1410 3332 Tristmmm
1427 3265 1459 3330 in

362 3470 470 3558 ipsum
495 3470 571 3536 inde
600 3470 852 3537 disseisiuerunt
899 3473 943 3537 Et
974 3472 1062 3538 Elias
1099 3474 1246 3560 quesitus
1282 3475 1311 3540 si
1345 3471 1459 3561 aliquid

1539 3248 1541 3305 Ι

363 3366 481 3432 saisina
500 3388 602 3452 usque
622 3365 665 3431 ad
684 3366 806 3433 festum
825 3367 859 3434 S.
879 3367 970 3432 Fidis
990 3368 1092 3434 donec
1106 3370 1245 3455 predicti
1260 3371 1349 3437 Elias
1362 3368 1458 3436 etalii
1539 3308 1541 3401 i

1539 3458 1541 3553 t

362 3575 484 3662 reecpit
498 3576 539 3643 de
554 3575 708 3662 predictis
723 3575 777 3661 xij.
793 3576 874 3654 den„
891 3575 970 3642 dicit
985 3578 1071 3664 quod
1086 3578 1235 3644 denarios
1254 3579 1328 3646 illos
1346 3578 1459 3664 recepit
1539 3636 1540 3647 ,

362 3701 421 3765 per
441 3687 567 3766 septem
589 3677 797 3763 septimanas,
822 3687 858 3745 et
886 3679 1051 3766 cognoscit
1078 3682 1332 3748 conuencionem
1359 3682 1459 3747 talem
1539 3710 1540 3765 p

362 3782 407 3847 Et
420 3783 498 3869 quia
513 3781 676 3868 cognoscit
694 3783 945 3850 conusncionem
968 3785 1069 3850 talem
1090 3792 1126 3852 st
1146 3786 1235 3874 quod
1256 3787 1321 3852 fuit
1340 3785 1461 3854 saisitus
1539 3778 1540 3863 ζ

361 3886 403 3952 de
425 3887 579 3972 predictis
600 3885 740 3952 denariis
762 3896 797 3952 et
818 3887 891 3953 illos
911 3889 1035 3975 recepit
1064 3889 1258 3955 secundum⁶
1287 3890 1458 3977 predictum

362 3998 421 4070 est,
436 3990 672 4058 consideratum
693 3999 743 4058 est
765 3991 852 4078 quod
873 3993 1069 4059 Tristramus
1090 3995 1298 4081 recuperauit
1318 3995 1458 4062 saisinam
1539 4008 1540 4067 t

363 4116 464 4172 suam,
493 4103 528 4160 et
558 4096 656 4184 Elyss
684 4095 719 4160 in
748 4096 974 4166 misericordia
1018 4099 1063 4165 Et
1085 4098 1252 4186 predictus
1273 4101 1458 4185 Tristranus

396 4299 406 4332 ¹
423 4299 529 4364 Iaitarty
540 4301 568 4350 ot
579 4299 606 4350 Β.
617 4299 749 4359 Ethelrad,
762 4300 872 4352 Suflolk.
974 4302 985 4335 ⁸
1003 4302 1087 4353 doct.

395 4365 505 4425 ’Elias
517 4365 640 4414 tatharot
656 4365 827 4424 reatum
844 4381 893 4418 one
975 4367 1105 4418 ‘SsaBn
1117 4369 1135 4420 t.
1149 4369 1190 4419 42.

363 4431 392 4481 ot
403 4430 447 4483 the
458 4429 625 4482 dctomiants.
975 4433 988 4464 ⁸
1004 4432 1102 4496 Supply
1113 4435 1189 4496 prod.
