3167 5075
360 364 437 438 ,230
590 376 707 426 conon
730 376 828 437 nnec,
851 376 914 425 sn.
940 360 1098 437 1136-7,
1121 376 1184 425 nn
1208 362 1257 425 21.

373 548 511 613 euadere
533 568 649 613 monus
670 545 750 623 eius,
774 546 868 611 Dom.
892 544 964 609 Rex
990 544 1030 610 de
1054 544 1162 631 grecie
1186 566 1246 611 sus
1269 554 1305 613 et
1331 568 1403 620 non
1422 567 1476 630 per

373 649 530 715 iudicium
555 642 749 735 perdomuit
777 648 810 713 ei
837 656 976 714 mortem
1005 648 1096 714 illem
1125 656 1160 714 et
1187 648 1338 714 similiter
1367 648 1474 735 lugam

374 776 472 839 quom
509 754 628 819 feceret
664 773 722 839 pro
757 760 862 819 morte
898 753 957 818 ille
991 761 1050 819 etc.
1118 752 1163 819 Et
1201 752 1363 819 Redulfus
1401 752 1474 818 indc

374 856 528 943 quietus¹.

241 966 333 1036 1217,
437 960 495 1025 'In
519 960 663 1047 generali
686 959 821 1025 concilio
851 960 939 1046 opud
965 959 1289 1026 westmonasterium
1314 959 1474 1025 celebrato

242 1070 330 1113 ΨΜ
373 1086 458 1129 anno
482 1062 582 1150 Regis
605 1062 668 1148 xxj.
689 1062 856 1148 prouisum
878 1063 942 1127 fuit
964 1062 1007 1129 ab
1032 1063 1181 1129 omnibus
1204 1072 1239 1129 et
1261 1063 1474 1149 approbatum

373 1167 459 1253 quod
474 1166 617 1231 namacio
631 1166 671 1233 de
687 1166 841 1231 descensu
857 1166 891 1231 in
911 1166 1004 1232 breui
1022 1166 1062 1231 de
1082 1175 1170 1232 recto
1191 1167 1233 1233 ab
1254 1168 1364 1253 aliquo
1383 1176 1474 1231 onte

373 1292 494 1335 cessere
524 1270 647 1336 scilicet
676 1269 716 1335 de
742 1270 862 1335 seisine
886 1269 989 1355 ipsius
1013 1269 1223 1335 antecessoris
1247 1293 1312 1334 non
1340 1271 1474 1335 excedat
1536 1317 1537 1330 ,

374 1384 504 1461 tempus
526 1376 567 1439 H.
591 1375 691 1461 Regis
713 1375 768 1439 eui
790 1375 883 1439 Dom
907 1373 1015 1462 Regis,
1037 1382 1089 1439 set
1113 1375 1177 1439 ista
1198 1375 1389 1440 constitucio
1412 1397 1474 1439 non

374 1478 493 1543 hebeat
508 1480 613 1544 locum
629 1479 690 1544 nisi
705 1479 748 1544 ed
763 1480 977 1545 Pentecosten
992 1501 1077 1543 enno
1092 1480 1205 1544 eodem
1220 1480 1316 1545 etsie
1333 1480 1369 1543 in
1386 1490 1474 1556 ente,
1536 1477 1537 1518 l

373 1582 451 1669 quis
464 1582 577 1647 breuia
592 1582 681 1668 prius
695 1582 872 1667 impetrato
886 1592 921 1647 et
935 1582 1140 1669 postmodum
1154 1581 1359 1669 impetrando
1372 1604 1473 1669 usqne

373 1683 415 1749 ed
429 1684 611 1771 predictum
626 1684 804 1750 terminum
823 1685 957 1751 ualeant
976 1695 1011 1752 et
1030 1684 1207 1772 procedent
1224 1686 1310 1751 sicut
1329 1686 1429 1772 prius,
1444 1695 1473 1751 ct

373 1788 483 1854 ualeat
499 1788 642 1853 norrecio
662 1788 833 1854 descensus
852 1810 874 1853 a
893 1796 1037 1875 tempore
1055 1789 1098 1855 H.
1113 1788 1261 1855 senioris⁸
1274 1788 1372 1855 sicuti
1384 1790 1473 1876 prius

373 1898 423 1956 set
438 1913 502 1953 non
517 1890 610 1957 ultre
1537 1929 1538 1968 r

437 1993 606 2059 Prouisum
643 2003 694 2060 est
730 1994 832 2059 eciem
868 1995 904 2061 in
940 1995 1053 2061 eodem
1081 2004 1117 2061 et
1144 1996 1360 2083 approbatum
1388 1995 1473 2083 quod

373 2098 530 2163 terminus
546 2099 632 2164 ultre
646 2120 745 2184 quem
760 2099 873 2166 breuis
887 2100 1000 2165 mortis
1013 2101 1223 2167 antecessoris
1237 2101 1279 2167 dc
1299 2101 1423 2167 natiuis
1442 2111 1472 2167 ct

371 2202 412 2267 de
427 2202 572 2290 ingressu
587 2224 652 2267 non
668 2202 889 2267 extenduntur
906 2226 970 2269 non
991 2204 1126 2269 excedet
1145 2204 1187 2270 dc
1206 2213 1314 2270 cetero
1333 2204 1470 2269 reditum

372 2308 471 2395 Regis
499 2307 531 2374 J.
560 2308 601 2373 de
632 2308 793 2374 Hibernis
821 2309 857 2373 in
885 2308 1064 2397 Angliom⁴,
1093 2309 1207 2375 breuis
1241 2318 1352 2375 tamen
1384 2310 1472 2395 prius

370 2411 546 2498 impetrata
582 2418 616 2479 et
652 2434 754 2498 usquc
784 2410 826 2476 sd
855 2412 1037 2499 predictum
1066 2413 1243 2478 terminum
1272 2413 1472 2499 impetrando

372 2515 485 2582 eodem
499 2516 593 2582 modo
609 2524 643 2582 et
658 2515 771 2583 eodem
785 2516 897 2584 ordine
909 2525 944 2584 et
954 2516 1015 2583 sub
1027 2516 1137 2582 eodem
1151 2516 1290 2584 termino
1301 2518 1472 2604 prooednnt
1538 2540 1539 2549 ¹

371 2643 435 2706 quo
450 2621 538 2706 prius
553 2631 781 2708 processerunt

436 2725 486 2790 De
501 2725 654 2792 breuibus
668 2723 709 2790 de
728 2725 828 2790 assisa
846 2746 931 2789 noue
951 2724 1117 2790 disseisine
1134 2724 1301 2810 prouisum
1320 2723 1470 2810 estquod

371 2827 529 2891 terminus
544 2849 608 2891 non
622 2825 758 2892 excedet
772 2827 1070 2892 transfretacionem
1085 2827 1184 2913 Regis
1203 2827 1262 2913 qui
1276 2849 1363 2893 nunc
1375 2836 1426 2892 est
1439 2826 1473 2892 in

372 2929 600 3008 Britanniem⁵‚
629 2929 784 2996 breuibus
817 2953 895 2995 uero
929 2931 995 2996 iem
1027 2932 1210 3017 impetretis
1238 2940 1275 2996 et
1303 2954 1404 3018 usquc
1431 2930 1472 2996 ed

371 3034 551 3120 predictum
574 3035 750 3100 terminum
771 3035 984 3121 impetrandis
1005 3035 1253 3122 procedentibus
1276 3036 1338 3101 sub
1361 3035 1471 3100 eodem

372 3138 509 3202 termino
525 3159 588 3224 quo
603 3138 692 3224 prius
708 3145 742 3203 et
756 3159 822 3202 non
836 3138 931 3204 ultre

325 3297 330 3311 .
435 3241 458 3306 J
460 3241 601 3306 ohannes
617 3243 657 3307 de
673 3243 705 3307 la
719 3243 829 3308 Bume
846 3251 881 3307 et
900 3242 1062 3308 Beetricia
1081 3264 1162 3306 uxor
1175 3243 1247 3308 eius
1264 3242 1472 3308 ostenderunt

274 3359 299 3387 ⁰¹¹
371 3345 464 3410 Dono„
481 3345 564 3432 Regi
579 3344 665 3432 quod
681 3369 754 3410 cum
775 3345 810 3410 in
830 3345 920 3411 curie
937 3346 1031 3412 Dom.
1047 3345 1146 3432 Regis
1166 3368 1273 3410 coram
1292 3344 1473 3410 iusticimiis

372 3449 427 3534 qui
444 3448 558 3513 ultimo
573 3448 810 3514 itinerauerunt
824 3449 860 3514 in
873 3447 1036 3536 portibus⁸
1049 3447 1235 3514 adiudiceto.
1254 3457 1339 3514 essct
1352 3447 1471 3513 eisdem

370 3551 514 3616 Johenni
539 3560 573 3616 et
596 3548 732 3616 Beetric’
755 3551 874 3618 seisina
895 3550 998 3617 tocius
1019 3559 1105 3616 terre
1126 3572 1201 3616 cum
1222 3560 1305 3637 pert
1326 3573 1387 3637 que
1407 3549 1472 3614 fnit

403 3688 413 3722 ¹
430 3687 515 3749 Relph
526 3687 578 3737 hod
593 3687 651 3747 fied,
666 3689 792 3738 therefore
806 3693 835 3739 et
846 3703 897 3752 ony
946 3689 1046 3749 Reclm,
1059 3689 1109 3738 vol.
1123 3689 1146 3749 1,
1164 3703 1191 3751 p.
1208 3691 1233 3738 4.
1268 3689 1349 3738 'l'hcre
1364 3688 1386 3738 is
1403 3685 1472 3749 good

371 3758 425 3803 rote
442 3753 484 3802 his
501 3753 611 3802 ohsttels
622 3769 686 3802 were
697 3753 833 3814 forleited3
850 3754 897 3804 but
946 3753 1089 3803 reosculor
1103 3753 1224 3816 thinking
1239 3754 1298 3804 thot
1315 3753 1357 3804 the
1372 3753 1431 3802 dote
1445 3753 1474 3800 ol

371 3817 424 3868 this
446 3833 503 3867 cese
524 3817 647 3879 certainly
669 3833 750 3867 seems
768 3824 796 3868 to
815 3818 897 3882 imply
947 3818 1001 3868 this
1017 3823 1115 3869 statute
1131 3820 1160 3868 ol
1175 3818 1331 3869 limitatione
1346 3819 1367 3867 is
1382 3818 1471 3867 sset.

370 3883 427 3933 thot
461 3883 588 3932 homicide
621 3883 649 3931 in
684 3883 847 3933 soll-defense
873 3885 896 3933 is
948 3886 1020 3935 1237.
1056 3884 1103 3933 See
1116 3885 1189 3935 Ann·
1200 3885 1275 3935 Burt-
1286 3901 1312 3948 p.
1324 3885 1378 3934 251.
1408 3883 1471 3932 Pro

370 3947 524 4010 punishsble
536 3947 587 3996 ond
598 3946 657 3997 thet
667 3963 683 3998 o
694 3947 793 4011 perdon
809 3948 833 3998 is
848 3952 896 3999 not
946 3947 1022 4012 bobly
1040 3949 1063 3997 it
1079 3963 1132 3998 was
1147 3949 1253 3999 entered
1268 3966 1304 4000 on
1319 3949 1361 3999 the
1376 3947 1471 3996 (torem

370 4017 490 4063 omatter
501 4013 529 4060 ol
538 4027 635 4062 course.
945 4013 1013 4074 Rege
1034 4013 1094 4063 Bell
1113 4014 1166 4064 ond
1184 4015 1207 4064 is
1224 4015 1287 4064 here
1305 4015 1332 4064 in
1349 4016 1381 4064 its
1396 4013 1472 4074 right

402 4077 412 4108 ¹
430 4077 493 4125 This
509 4083 583 4139 entry
602 4077 673 4138 gives
691 4076 800 4126 whotis
821 4091 894 4140 gene·
945 4079 1024 4142 ploce.

369 4142 581 4202 rsllyknowncs
596 4158 643 4192 sec.
658 4145 674 4191 8
689 4144 718 4190 ol
732 4141 776 4192 the
793 4143 895 4192 Stotute
977 4143 1240 4206 ’HenrytheFirst

370 4209 398 4256 ol
414 4207 523 4264 Merton,
542 4207 570 4256 ol
587 4207 669 4256 which
686 4207 730 4256 the
747 4207 807 4257 dete
824 4209 846 4256 is
863 4210 895 4257 28
977 4210 989 4240 ⁴
1004 4210 1154 4271 Aug.1210.

369 4273 429 4322 len.
447 4272 518 4320 1236.
551 4272 604 4322 But
620 4272 678 4322 thet
695 4271 792 4322 motion
809 4273 831 4322 is
848 4276 895 4323 not
977 4273 988 4306 ³
1005 4274 1066 4336 Moy
1077 4275 1149 4323 1230.

370 4339 447 4399 along
458 4337 520 4385 with
532 4335 575 4386 the
587 4337 660 4387 other
672 4337 783 4386 sections
800 4353 834 4388 on
852 4337 895 4387 thc
977 4337 1166 4402 ⁶Supply1'llis
1177 4337 1394 4390 ornaneieorthe
1406 4336 1468 4387 like

370 4404 444 4452 Glose
470 4401 536 4452 Roll.
582 4405 627 4453 See
655 4403 769 4452 Stotutes
798 4405 825 4452 ol
852 4403 896 4452 the
