3167 5075
309 414 426 464 coum
447 415 547 475 unos,
568 414 634 464 no.
659 400 819 475 1234-5,
839 415 903 464 aa
928 402 1064 465 18-19.
1176 402 1238 465 125

144 606 234 669 quam
262 583 404 650 reddidit
432 583 588 670 predictis
617 583 754 670 Hugoni
783 590 819 647 et
852 583 1014 648 Willelmo
1050 584 1091 649 de
1125 583 1239 649 eodem

144 688 286 767 manerio,
307 710 366 775 per
387 688 557 754 consilium
579 695 772 775 magnatum
795 686 837 752 de
858 687 949 753 curia
969 710 1029 752 sua
1053 688 1141 774 cepit
1169 688 1239 775 ipse

144 800 254 858 terram
268 793 359 859 illam
373 793 409 857 in
424 815 557 858 manum
572 815 664 857 suam
679 800 812 878 propter
826 799 957 857 uastum
972 799 1007 856 et
1022 792 1156 857 exilium
1176 814 1240 879 que

142 894 199 981 ipsi
221 898 366 963 fecerunt
388 897 428 962 de
451 896 555 962 boscis
576 904 611 962 et
633 896 705 961 aliis
727 903 840 960 contra
864 894 1118 981 prohibicionem
1147 918 1240 961 suam

76 1075 79 1081 ,
143 998 236 1065 donec
258 999 435 1086 unicuique
456 999 599 1086 ipsorum
621 997 752 1063 iusticia
780 998 874 1063 fieret
902 998 937 1062 in
966 998 1056 1063 curia
1084 1021 1151 1065 sna
1196 1000 1241 1063 Et

142 1103 210 1167 uult
231 1114 265 1170 et
287 1104 426 1190 precipit
447 1103 534 1191 quod
556 1103 591 1168 in
613 1103 703 1169 curia
716 1125 776 1169 sua
790 1102 904 1167 statim
918 1102 978 1167 fiat
992 1103 1068 1169 inde
1082 1103 1240 1169 iudicium

142 1214 173 1271 et
186 1206 322 1273 iusticia.

202 1313 243 1376 Et
257 1313 335 1400 quia
348 1312 512 1400 cognoscit
526 1312 613 1399 quod
626 1312 731 1399 primo
745 1312 923 1379 disseisiuit
942 1314 1050 1401 ipsum
1071 1314 1240 1380 Eustachi-

142 1435 193 1478 um
220 1416 289 1481 sine
320 1415 574 1481 summonicione
603 1424 638 1480 et
667 1415 787 1481 iudicio
817 1438 876 1502 per
904 1417 1110 1483 uoluntatem
1139 1440 1240 1497 suam,

141 1518 371 1584 consideratum
381 1528 432 1583 est
440 1518 527 1604 quod
536 1518 597 1583 hoc
606 1518 709 1603 primo
719 1518 912 1584 emendetur
919 1528 955 1585 et
963 1519 1037 1586 ideo
1047 1521 1241 1587 Eustachius

141 1622 289 1689 rehabeat
304 1624 456 1689 saisinam
471 1645 574 1701 suam,
588 1630 623 1687 et
637 1621 815 1688 seeundum
831 1623 937 1709 legem
953 1631 1038 1689 terre
1049 1625 1242 1711 respondeat

141 1726 214 1811 ipsis
234 1726 372 1816 Hugoni
393 1736 428 1792 et
451 1726 615 1791 Willelmo
637 1734 672 1792 et
695 1726 850 1791 uxoribus
871 1728 1015 1813 ipsorum
1036 1752 1095 1817 per
1108 1730 1241 1795 assisam

141 1831 247 1896 mortis
261 1830 472 1896 antecessoris
487 1830 540 1896 uel
556 1852 614 1917 per
628 1830 727 1895 breue
742 1830 783 1895 de
798 1839 894 1897 recto.

36 1942 106 2009 1107.
200 1935 380 2003 ¹Joha1mes
417 1936 513 2001 Belet
550 1935 636 1999 filius
673 1934 810 1999 Roberti
839 1935 934 2000 Belet
963 1936 1042 2001 tulit
1070 1936 1170 2003 breue
1200 1936 1241 2003 de
1316 1954 1363 1984 ¹⁰²

140 2042 397 2108 emensuracione
419 2040 505 2106 dotis
527 2062 639 2105 uersus
662 2038 856 2125 Margeriam
879 2041 980 2105 filiam
1002 2040 1172 2106 Michaelis
1201 2040 1241 2107 de

141 2146 289 2212 Wahulla
311 2156 345 2212 et
367 2145 447 2211 dicit
469 2144 556 2232 quod
577 2144 652 2231 plus
675 2144 775 2209 habet
797 2143 833 2208 in
854 2144 965 2210 dotem
987 2144 1029 2209 de
1059 2144 1241 2211 hereditate

139 2251 235 2337 ipsius
248 2250 387 2317 Roberti
402 2271 500 2336 quam
516 2247 558 2313 ad
573 2270 646 2313 eam
660 2247 805 2333 pertinet
819 2248 1007 2314 habendum
1021 2249 1057 2314 in
1072 2250 1192 2327 Leues,
1206 2258 1242 2315 et

139 2356 219 2421 unde
240 2356 323 2423 dicit
345 2353 431 2442 quod
453 2352 501 2418 ibi
523 2352 596 2437 plns
618 2350 719 2416 habet
740 2352 805 2417 seu
822 2350 903 2416 duas
918 2360 1029 2439 partes
1043 2351 1144 2417 trium
1159 2353 1240 2441 uirg.

139 2468 217 2527 terre
238 2472 274 2528 et
296 2486 370 2528 xxx.
393 2482 454 2526 acr.
477 2468 562 2524 teme
585 2458 620 2523 in
642 2456 756 2523 eadem
776 2456 865 2534 uilla,
880 2465 915 2523 et
929 2458 1016 2545 petit
1030 2458 1117 2546 quod
1131 2482 1242 2525 amen-

138 2575 268 2632 suretur.

198 2670 241 2734 Et
263 2668 426 2756 Margeria
447 2666 540 2733 uenit
562 2676 597 2732 et
618 2666 699 2731 dicit
721 2666 808 2752 quod
827 2688 892 2731 non
907 2674 999 2732 tenet
1014 2675 1134 2734 terram
1149 2669 1239 2735 illam

138 2774 260 2839 nomine
275 2775 362 2839 dotis
376 2782 427 2838 set
441 2779 534 2838 tenet
549 2795 621 2838 eam
636 2771 721 2836 sieut
736 2771 826 2836 illam
847 2771 933 2836 unde
956 2772 1077 2838 feofata
1097 2774 1162 2838 fuit
1182 2797 1241 2862 per

138 2877 238 2961 ipsum
268 2877 450 2942 Robertum
479 2883 656 2962 antequam
686 2897 758 2940 eam
788 2875 996 2960 desponsaret
1025 2898 1084 2962 per
1117 2886 1239 2944 cartam

137 3003 223 3047 suam
245 3005 347 3069 quam
368 2982 490 3069 profert
512 2990 546 3046 et
561 3004 624 3068 que
639 2981 700 3046 hoe
715 2988 865 3046 testatur.
910 2981 953 3045 Et
968 2983 1096 3068 quesita
1111 2983 1239 3070 quando

138 3086 196 3151 fuit
209 3087 240 3153 ei
253 3087 334 3152 data
349 3085 448 3150 terre²
462 3084 528 3162 illa,
543 3083 623 3150 dicit
637 3084 672 3149 in
688 3083 936 3171 quadragesima
949 3085 1079 3171 quando
1092 3087 1186 3154 Dom.
1206 3089 1237 3154 J.

139 3189 203 3255 Rex
224 3191 388 3278 profectus
410 3189 473 3254 fuit
495 3189 530 3254 in
554 3187 708 3266 Scociam
734 3194 769 3252 et
792 3188 921 3274 quesita
947 3189 1076 3274 quando
1097 3192 1162 3256 fuit
1183 3191 1237 3258 de-

138 3305 291 3380 sponsata,
307 3292 487 3380 dicitquod
506 3291 510 3380 i
531 3292 571 3357 ad
587 3291 723 3358 festum⁸
738 3293 770 3358 S.
787 3292 878 3358 Petri
891 3292 1076 3359 Aduincula
1092 3317 1239 3381 sequens,

139 3409 170 3464 et
189 3401 267 3468 dicit
289 3399 377 3488 quod
399 3399 486 3486 cepit
505 3398 636 3485 expleta
655 3407 690 3464 et
709 3399 744 3463 in
764 3399 884 3463 seisina
902 3398 967 3463 fuit
986 3421 1045 3485 per
1065 3399 1237 3467 dimidium

139 3525 252 3570 annum
275 3506 343 3570 fere
366 3511 542 3589 antequam
563 3524 634 3567 eam
654 3502 872 3588 desponsaret,
892 3510 927 3567 et
946 3503 1132 3590 dicitquod
1151 3512 1239 3571 terra

139 3607 190 3674 illa
203 3611 233 3675 ei
247 3608 386 3676 uendite
399 3607 463 3672 fuit
477 3629 535 3694 pro
549 3631 620 3672 xxx.
637 3609 759 3674 marcis.

198 3716 240 3780 Et
260 3715 430 3780 Johannes
452 3712 545 3778 uenit
567 3720 601 3777 et
624 3712 705 3778 dicit
727 3711 814 3799 quod
835 3733 1003 3798 nunquam
1027 3712 1090 3777 fuit
1111 3713 1187 3780 inde
1202 3716 1237 3782 in

141 3817 249 3884 seisina
262 3826 438 3904 antequam
455 3815 543 3881 idem
558 3816 721 3881 Robertus
737 3839 809 3881 eam
824 3815 1033 3902 desponsaret
1048 3825 1083 3881 et
1101 3817 1129 3881 si
1148 3827 1238 3884 carta

141 3923 169 3986 ei
190 3923 263 3989 inde
288 3923 375 3988 faeta
398 3921 462 3985 fuit
485 3919 546 3984 hoe
572 3920 636 3984 fuir
663 3920 826 3984 commone
851 3919 1101 4005 sponsaliorum⁴
1125 3933 1238 4008 postea

141 4025 410 4112 subsequencium,
425 4031 460 4088 et
475 4022 551 4088 inde
566 4023 659 4109 ponit
673 4045 707 4088 se
722 4044 821 4109 super
833 4022 980 4109 petriam
1019 4024 1063 4088 Et
1078 4024 1239 4113 Margeria

141 4127 290 4196 similiter.
335 4128 379 4193 Et
401 4127 475 4193 ideo
497 4133 686 4213 preceptum
717 4135 769 4192 est
796 4126 981 4192 uicecomiti
1010 4129 1096 4214 quod
1125 4132 1237 4198 uenire

172 4273 180 4306 ¹
195 4275 224 4324 A.
240 4289 275 4324 m.
294 4277 310 4324 3
326 4273 358 4332 d;
376 4271 459 4323 under
470 4271 516 4322 the
532 4271 659 4335 heading:
743 4271 754 4304 ⁸
772 4271 862 4335 ltng.

144 4338 210 4389 Pleas
220 4345 246 4390 at
257 4337 429 4402 wallingford
443 4352 478 4388 on
493 4337 539 4387 the
550 4351 659 4388 morrou
742 4337 754 4369 ⁴
771 4337 821 4389 Sic.
835 4337 871 4387 Aa
880 4341 910 4388 to
919 4337 982 4401 gitta
997 4339 1028 4388 in
1045 4339 1236 4393 consideration

144 4404 280 4468 oti'rinity.
710 4403 738 4452 of
748 4403 834 4453 future
844 4403 1086 4466 marriagasseBr.
1099 4406 1117 4455 t.
1130 4409 1170 4457 29.

172 4469 261 4522 ’terro
271 4467 398 4534 repeated.
