3167 5075
412 427 563 489 ranem,
584 428 649 477 nn.
675 415 768 488 1220,
790 426 855 477 nn
878 416 907 478 4.
1152 418 1215 481 343

119 600 249 667 redditus
273 611 308 667 et
331 624 387 667 sex
411 602 527 679 dener,
552 602 638 667 unde
662 602 878 668 deterioratos
902 610 952 668 est
978 610 1013 668 et
1035 603 1213 689 dampnum

117 700 203 765 habet
222 722 283 787 per
301 700 463 788 mreragia
481 710 516 767 et
536 700 723 767 huiusmodi
745 702 789 767 ed
812 700 993 767 ualeneiam
1007 725 1059 769 xx.
1074 702 1214 771 solidet

116 802 181 868 inde
193 804 344 889 producit
358 813 488 871 sectam.

81 978 84 983 ,
171 907 209 971 Et
233 908 398 973 Robertus
418 908 512 973 uenit
534 915 569 974 et
588 908 669 974 dicit
690 910 775 995 quod
790 932 856 974 non
870 909 968 975 debet
982 909 1099 977 adhoc
1113 912 1213 979 breue

115 1012 302 1097 respondere,
328 1012 406 1098 quia
430 1012 530 1077 breue
560 1012 703 1099 loquitur
727 1013 769 1078 de
798 1013 854 1100 xij.
878 1014 1004 1079 libratis
1029 1023 1114 1081 terre
1137 1040 1212 1084 cum

113 1124 182 1199 pert
201 1116 236 1180 in
252 1114 427 1181 Ruchtona
446 1123 480 1180 et
500 1115 587 1181 idem
612 1115 752 1181 Thomas
776 1114 877 1181 habet
900 1125 1004 1181 totam
1027 1125 1146 1183 terram
1170 1121 1212 1186 de

113 1219 275 1285 Ruchtona
287 1219 357 1285 sine
369 1219 477 1305 aliquo
488 1219 704 1285 retinemento
719 1228 753 1284 et
764 1228 854 1285 certa
868 1243 928 1286 sua
942 1222 1001 1286 hoc
1012 1221 1099 1287 idem
1110 1231 1212 1291 testa-

111 1331 165 1401 tur‚
178 1324 216 1389 de
232 1332 307 1389 tote
319 1332 407 1389 term
420 1324 461 1390 de
478 1324 651 1391 Ruchtona
664 1332 698 1389 et
712 1346 777 1389 non
793 1324 834 1390 de
849 1324 903 1411 xij.
920 1326 1046 1391 libratis
1065 1335 1159 1406 terre,
1175 1337 1210 1394 et

111 1426 173 1491 ideo
195 1428 284 1515 petit
306 1428 464 1493 iudicium
492 1428 519 1493 si
543 1427 661 1493 debeat
687 1428 719 1493 ei
741 1429 941 1515 respondere.
985 1428 1078 1495 Dicit
1107 1432 1209 1498 eciam

110 1532 184 1617 quod
204 1533 295 1599 idem
318 1532 383 1599 duo
404 1533 493 1598 solid
516 1532 663 1598 redditus
682 1554 747 1597 non
766 1541 845 1598 sunt
868 1534 904 1598 in
926 1534 984 1599 ille
1006 1534 1087 1600 uilla
1109 1535 1210 1601 immo

110 1636 229 1701 suntin
255 1636 336 1701 uilla
358 1636 399 1701 de
423 1636 554 1723 Slalega
578 1643 613 1700 et
636 1657 701 1699 non
721 1643 799 1700 sunt
819 1636 860 1702 de
880 1636 973 1702 feodo
992 1636 1048 1702 illo
1062 1660 1123 1703 nee
1136 1661 1208 1725 per-

109 1739 204 1805 tinent
226 1740 272 1806 ad
295 1740 526 1817 Ruschtonem,
540 1762 600 1805 nec
622 1740 747 1826 aliquid
769 1740 889 1807 clamat
908 1740 950 1805 de
971 1740 1051 1805 uilla
1068 1741 1109 1807 dc
1125 1742 1208 1808 Rus-

109 1841 215 1909 chtona
236 1866 300 1909 nec
325 1842 367 1908 de
390 1842 520 1907 redditu
549 1864 606 1907 sex
629 1842 700 1908 den
725 1843 827 1908 immo
856 1842 1002 1929 quietam
1028 1845 1147 1910 clamat
1176 1845 1208 1911 ei

108 1945 207 2011 uillam
229 1942 274 2012 de
298 1947 487 2013 Rusehtone
509 1954 544 2011 et
567 1946 660 2011 illum
681 1947 847 2013 redditum
866 1970 924 2013 sex
942 1948 1014 2014 den
1030 1957 1065 2013 et
1084 1958 1207 2015 cartam

107 2048 186 2115 illam
200 2050 231 2116 ei
247 2050 444 2116 warentizot

163 2154 205 2219 Et
226 2154 308 2241 quia
330 2154 469 2219 Thomas
495 2154 647 2240 cognouit
671 2154 756 2240 quod
780 2153 928 2219 redditus
949 2154 1087 2220 duorum
1108 2157 1206 2223 aolid-

107 2278 187 2322 crum
209 2266 262 2324 cst
283 2256 319 2324 in
338 2258 419 2323 uilla
437 2258 477 2323 de
498 2257 652 2345 Slalegha
669 2266 703 2323 et
718 2259 810 2323 nulla
823 2258 949 2323 mencio
961 2258 1001 2323 fit
1015 2259 1151 2326 inearta
1164 2262 1206 2327 de

107 2360 204 2447 aliqua
217 2370 307 2429 terra
320 2362 356 2428 in
371 2361 531 2449 Sleleghe,
548 2370 582 2427 et
596 2370 744 2449 preterea
758 2385 824 2427 non
838 2362 933 2427 stetit
947 2385 1006 2450 per
1025 2364 1205 2430 Robertum

106 2465 175 2550 quin
199 2468 289 2533 idem
318 2467 458 2531 Thomas
487 2466 623 2532 haberet
652 2466 817 2533 redditum
846 2490 903 2533 sex
931 2468 1137 2533 denariorum
1166 2479 1205 2535 ut

105 2569 181 2636 idem
209 2573 352 2637 Thomas
381 2570 541 2658 cognouit,
572 2578 606 2636 et
635 2579 783 2658 preterea
811 2571 898 2637 idem
928 2573 1068 2638 Thomas
1104 2573 1204 2639 nichil

103 2683 200 2758 potest
221 2675 361 2742 clamere
382 2674 446 2739 nisi
465 2697 524 2760 per
542 2683 664 2741 cartam
684 2699 786 2756 suem,
802 2676 1039 2744 consideratum
1053 2685 1104 2743 ert
1117 2680 1205 2764 quod

104 2777 255 2844 Robsrtus
280 2786 336 2844 eat
359 2777 436 2844 inde
461 2777 592 2862 quietus
616 2785 651 2844 et
676 2780 816 2845 Thomas
840 2780 876 2845 in
901 2780 1118 2847 misericordia
1145 2804 1204 2868 pro

103 2881 174 2946 falso
196 2884 336 2948 clamore
356 2891 391 2948 et
411 2890 524 2948 teneat
544 2905 579 2948 se
594 2892 747 2969 pecatum
761 2885 804 2950 de
817 2892 905 2950 terra
918 2907 1017 2970 quam
1031 2884 1132 2951 habet
1145 2907 1204 2973 per

102 2995 224 3054 cartam

47 3083 71 3148 9·
159 3090 285 3157 ¹Assisa
306 3091 401 3157 uenit
426 3090 631 3178 recognitum
656 3092 728 3179 quis
751 3091 928 3158 aduocatos
949 3101 1095 3181 tempore
1114 3096 1203 3181 pacis

100 3195 296 3278 presenteuit
319 3195 470 3260 ultimam
494 3217 662 3281 personam
683 3219 746 3282 que
766 3205 895 3262 mortua
909 3206 960 3263 est
973 3198 1015 3262 ed
1035 3199 1202 3265 ecclesiam

100 3297 136 3361 dc
157 3298 387 3386 Inglcscumba
405 3322 468 3386 que
487 3308 582 3366 uacat
597 3308 657 3366 etc.
672 3300 764 3366 cuius
778 3301 1025 3374 aduocacionem
1040 3302 1203 3370 Robcrtus

99 3401 135 3468 de
156 3405 292 3492 Gurnay
316 3404 436 3469 clamat
459 3427 572 3470 uersus
597 3404 739 3470 Priorem
763 3405 805 3470 de
828 3405 1090 3472 Burmundeseia
1135 3408 1203 3489 Qui

100 3508 184 3573 uenit
208 3531 269 3595 per
292 3517 494 3574 attomatum
515 3530 611 3574 suurn
636 3517 670 3574 et
692 3509 771 3574 dicit
794 3510 880 3595 quod
902 3509 1001 3575 assisa
1019 3533 1084 3575 non
1103 3511 1203 3578 debet

98 3609 166 3676 inde
192 3612 274 3690 fieri,
298 3612 376 3698 quia
404 3611 486 3676 bene
516 3611 678 3698 cognoscit
707 3613 793 3698 quod
823 3612 969 3678 Hawisia
996 3613 1073 3678 auia
1100 3614 1203 3702 ipsius

98 3713 230 3780 Roberti
254 3715 345 3781 cuius
369 3715 460 3780 heres
479 3715 550 3800 ipse
570 3723 621 3780 est
640 3716 843 3801 presentauit
857 3717 1009 3782 ultimam
1023 3739 1202 3803 personam,

96 3829 141 3884 act
168 3827 247 3906 post
275 3819 550 3906 presentecionem
579 3841 671 3885 suam
700 3819 793 3885 dedit
821 3820 893 3906 ipsa
921 3821 1088 3886 ecclesiam
1111 3822 1201 3887 illam

96 3922 203 3988 domui
228 3947 286 3989 sue
309 3946 368 4010 per
390 3922 528 3989 cartam⁸
546 3946 639 3989 suam
659 3947 758 4010 quem
780 3925 902 4010 profert
921 3933 956 3990 et
977 3948 1041 4011 que
1061 3934 1202 3992 testatur

95 4025 177 4110 quod
199 4027 277 4113 ipsa
299 4026 445 4092 Hawisia
469 4026 561 4092 dedit
586 4035 645 4092 etc
669 4027 865 4092 monasterio
894 4027 926 4093 S.
952 4026 1131 4094 Salumoris
1159 4030 1201 4096 de

95 4128 346 4196 Bermundeseia
377 4139 412 4196 et
440 4129 606 4196 monachis
634 4130 757 4196 ibidem
782 4131 844 4196 deo
873 4139 932 4198 ete
963 4131 1130 4199 ecclesiam
1159 4133 1201 4200 de

94 4232 316 4320 Ingliscumba
350 4257 424 4300 cum
460 4242 542 4322 pert.
572 4234 607 4299 in
636 4235 771 4301 liberam
801 4235 1015 4304 elemosinam
1075 4238 1200 4304 Profert

321 4385 331 4418 ¹
348 4385 465 4445 em.5;
482 4385 625 4437 mmcd„

322 4451 334 4484 ²
348 4450 378 4500 A.
388 4451 419 4500 D.
428 4452 500 4501 1111.
526 4451 625 4503 Annsls
634 4451 663 4502 ol
671 4448 855 4516 Bormondsey‚
867 4467 891 4515 p.
907 4454 964 4504 431.
