<?xml version="1.0" encoding="UTF-8"?>
<!DOCTYPE html PUBLIC "-//W3C//DTD XHTML 1.0 Transitional//EN"
    "http://www.w3.org/TR/xhtml1/DTD/xhtml1-transitional.dtd">
<html xmlns="http://www.w3.org/1999/xhtml" xml:lang="en" lang="en">
 <head>
  <title>
</title>
<meta http-equiv="Content-Type" content="text/html;charset=utf-8" />
  <meta name='ocr-system' content='tesseract 3.04.00' />
  <meta name='ocr-capabilities' content='ocr_page ocr_carea ocr_par ocr_line ocrx_word'/>
</head>
<body>
  <div class='ocr_page' id='page_1' title='image "bractonsnoteboo03maitgoog_0287.png"; bbox 0 0 3167 5075; ppageno 0'>
   <div class='ocr_carea' id='block_1_1' title="bbox 315 412 1201 490">
    <p class='ocr_par' dir='ltr' id='par_1_1' title="bbox 315 412 1201 490">
     <span class='ocr_line' id='line_1_1' title="bbox 315 412 1201 490; baseline -0.003 -11"><span class='ocrx_word' id='word_1_1' title='bbox 315 428 431 479; x_wconf 81' lang='lat' dir='ltr'><strong>cumn</strong></span> <span class='ocrx_word' id='word_1_2' title='bbox 454 428 552 490; x_wconf 73' lang='lat' dir='ltr'><strong>mos,</strong></span> <span class='ocrx_word' id='word_1_3' title='bbox 575 426 638 476; x_wconf 74' lang='lat' dir='ltr'><strong>nn.</strong></span> <span class='ocrx_word' id='word_1_4' title='bbox 661 414 823 487; x_wconf 78' lang='lat'>-1238-9,</span> <span class='ocrx_word' id='word_1_5' title='bbox 845 427 908 477; x_wconf 70' lang='lat' dir='ltr'><strong>nn.</strong></span> <span class='ocrx_word' id='word_1_6' title='bbox 932 414 982 478; x_wconf 65' lang='lat'><strong>23</strong></span> <span class='ocrx_word' id='word_1_7' title='bbox 1138 412 1201 481; x_wconf 73' lang='lat' dir='ltr'><strong>sta</strong></span> 
     </span>
    </p>
   </div>
   <div class='ocr_carea' id='block_1_2' title="bbox 108 598 1202 1202">
    <p class='ocr_par' dir='ltr' id='par_1_2' title="bbox 108 598 1202 1202">
     <span class='ocr_line' id='line_1_2' title="bbox 111 598 1199 687; baseline -0.004 -20"><span class='ocrx_word' id='word_1_8' title='bbox 111 602 212 667; x_wconf 86' lang='lat' dir='ltr'><strong>seisina</strong></span> <span class='ocrx_word' id='word_1_9' title='bbox 233 624 302 679; x_wconf 87' lang='lat' dir='ltr'><strong>sua,</strong></span> <span class='ocrx_word' id='word_1_10' title='bbox 323 608 358 666; x_wconf 91' lang='lat' dir='ltr'><strong>et</strong></span> <span class='ocrx_word' id='word_1_11' title='bbox 378 600 448 687; x_wconf 88' lang='lat' dir='ltr'><strong>ipse</strong></span> <span class='ocrx_word' id='word_1_12' title='bbox 470 600 626 665; x_wconf 87' lang='lat' dir='ltr'><strong>concessit</strong></span> <span class='ocrx_word' id='word_1_13' title='bbox 649 599 689 675; x_wconf 89' lang='lat' dir='ltr'><strong>ei,</strong></span> <span class='ocrx_word' id='word_1_14' title='bbox 711 598 838 685; x_wconf 91' lang='lat' dir='ltr'><strong>etipse</strong></span> <span class='ocrx_word' id='word_1_15' title='bbox 859 599 1041 685; x_wconf 82' lang='lat' dir='ltr'><strong>asportauit</strong></span> <span class='ocrx_word' id='word_1_16' title='bbox 1070 607 1199 664; x_wconf 80' lang='lat' dir='ltr'><strong>tranem</strong></span> 
     </span>
     <span class='ocr_line' id='line_1_3' title="bbox 110 704 1202 790; baseline -0.002 -21"><span class='ocrx_word' id='word_1_17' title='bbox 110 704 186 770; x_wconf 88' lang='lat' dir='ltr'><strong>illam</strong></span> <span class='ocrx_word' id='word_1_18' title='bbox 207 714 243 770; x_wconf 89' lang='lat' dir='ltr'><strong>et</strong></span> <span class='ocrx_word' id='word_1_19' title='bbox 267 705 405 771; x_wconf 86' lang='lat' dir='ltr'><strong>triticari</strong></span> <span class='ocrx_word' id='word_1_20' title='bbox 428 704 505 769; x_wconf 82' lang='lat' dir='ltr'><strong>fecit</strong></span> <span class='ocrx_word' id='word_1_21' title='bbox 529 704 618 769; x_wconf 86' lang='lat' dir='ltr'><strong>illam</strong></span> <span class='ocrx_word' id='word_1_22' title='bbox 643 725 701 790; x_wconf 92' lang='lat' dir='ltr'><strong>pro</strong></span> <span class='ocrx_word' id='word_1_23' title='bbox 724 704 897 769; x_wconf 77' lang='lat' dir='ltr'><strong>uoluntate</strong></span> <span class='ocrx_word' id='word_1_24' title='bbox 920 724 988 779; x_wconf 88' lang='lat' dir='ltr'><strong>sua,</strong></span> <span class='ocrx_word' id='word_1_25' title='bbox 1013 712 1064 768; x_wconf 87' lang='lat' dir='ltr'><strong>set</strong></span> <span class='ocrx_word' id='word_1_26' title='bbox 1088 710 1202 789; x_wconf 88' lang='lat' dir='ltr'><strong>postea</strong></span> 
     </span>
     <span class='ocr_line' id='line_1_4' title="bbox 110 806 1202 895; baseline -0.002 -22"><span class='ocrx_word' id='word_1_27' title='bbox 110 810 195 873; x_wconf 83' lang='lat' dir='ltr'>nichil</span> <span class='ocrx_word' id='word_1_28' title='bbox 217 809 309 875; x_wconf 81' lang='lat' dir='ltr'><strong>aliud</strong></span> <span class='ocrx_word' id='word_1_29' title='bbox 331 808 478 895; x_wconf 88' lang='lat' dir='ltr'><strong>percepit</strong></span> <span class='ocrx_word' id='word_1_30' title='bbox 502 808 632 873; x_wconf 89' lang='lat' dir='ltr'><strong>nomine</strong></span> <span class='ocrx_word' id='word_1_31' title='bbox 656 830 722 872; x_wconf 91' lang='lat' dir='ltr'><strong>suo.</strong></span> <span class='ocrx_word' id='word_1_32' title='bbox 767 806 921 872; x_wconf 81' lang='lat' dir='ltr'><strong>Processu</strong></span> <span class='ocrx_word' id='word_1_33' title='bbox 946 828 1023 871; x_wconf 89' lang='lat' dir='ltr'><strong>nero</strong></span> <span class='ocrx_word' id='word_1_34' title='bbox 1046 807 1202 892; x_wconf 88' lang='lat' dir='ltr'><strong>temporis</strong></span> 
     </span>
     <span class='ocr_line' id='line_1_5' title="bbox 109 908 1200 997; baseline 0 -22"><span class='ocrx_word' id='word_1_35' title='bbox 109 912 246 977; x_wconf 86' lang='lat' dir='ltr'><strong>conuenit</strong></span> <span class='ocrx_word' id='word_1_36' title='bbox 262 911 349 976; x_wconf 88' lang='lat' dir='ltr'><strong>inter</strong></span> <span class='ocrx_word' id='word_1_37' title='bbox 362 910 470 997; x_wconf 89' lang='lat' dir='ltr'><strong>ipsum</strong></span> <span class='ocrx_word' id='word_1_38' title='bbox 486 908 682 975; x_wconf 89' lang='lat' dir='ltr'><strong>Nicholaum</strong></span> <span class='ocrx_word' id='word_1_39' title='bbox 699 916 733 973; x_wconf 90' lang='lat' dir='ltr'><strong>et</strong></span> <span class='ocrx_word' id='word_1_40' title='bbox 754 909 929 975; x_wconf 83' lang='lat' dir='ltr'><strong>Ricardum</strong></span> <span class='ocrx_word' id='word_1_41' title='bbox 949 918 1075 996; x_wconf 86' lang='lat' dir='ltr'><strong>patrem</strong></span> <span class='ocrx_word' id='word_1_42' title='bbox 1095 932 1200 986; x_wconf 87' lang='lat' dir='ltr'><strong>suum,</strong></span> 
     </span>
     <span class='ocr_line' id='line_1_6' title="bbox 109 1011 1200 1105; baseline -0.002 -26"><span class='ocrx_word' id='word_1_43' title='bbox 109 1016 175 1099; x_wconf 88' lang='lat' dir='ltr'><strong>quia</strong></span> <span class='ocrx_word' id='word_1_44' title='bbox 186 1014 301 1080; x_wconf 86' lang='lat' dir='ltr'><strong>datum</strong></span> <span class='ocrx_word' id='word_1_45' title='bbox 322 1014 385 1079; x_wconf 87' lang='lat' dir='ltr'><strong>fuit</strong></span> <span class='ocrx_word' id='word_1_46' title='bbox 401 1014 432 1079; x_wconf 88' lang='lat' dir='ltr'><strong>ei</strong></span> <span class='ocrx_word' id='word_1_47' title='bbox 453 1012 594 1099; x_wconf 75' lang='lat' dir='ltr'><strong>intelligi</strong></span> <span class='ocrx_word' id='word_1_48' title='bbox 615 1012 701 1105; x_wconf 91' lang='lat' dir='ltr'><strong>quod</strong></span> <span class='ocrx_word' id='word_1_49' title='bbox 715 1012 873 1077; x_wconf 88' lang='lat' dir='ltr'><strong>Ricardus</strong></span> <span class='ocrx_word' id='word_1_50' title='bbox 893 1012 992 1077; x_wconf 79' lang='lat' dir='ltr'><strong>freter</strong></span> <span class='ocrx_word' id='word_1_51' title='bbox 1011 1011 1200 1079; x_wconf 85' lang='lat' dir='ltr'><strong>antenatus¹</strong></span> 
     </span>
     <span class='ocr_line' id='line_1_7' title="bbox 108 1115 1199 1202; baseline 0 -21"><span class='ocrx_word' id='word_1_52' title='bbox 108 1126 241 1183; x_wconf 85' lang='lat' dir='ltr'><strong>mortuus</strong></span> <span class='ocrx_word' id='word_1_53' title='bbox 261 1118 326 1183; x_wconf 84' lang='lat' dir='ltr'><strong>luit</strong></span> <span class='ocrx_word' id='word_1_54' title='bbox 346 1118 381 1182; x_wconf 92' lang='lat' dir='ltr'><strong>in</strong></span> <span class='ocrx_word' id='word_1_55' title='bbox 401 1117 522 1195; x_wconf 83' lang='lat' dir='ltr'><strong>Scocia,</strong></span> <span class='ocrx_word' id='word_1_56' title='bbox 542 1116 629 1202; x_wconf 88' lang='lat' dir='ltr'><strong>quod</strong></span> <span class='ocrx_word' id='word_1_57' title='bbox 649 1115 737 1181; x_wconf 92' lang='lat' dir='ltr'><strong>idem</strong></span> <span class='ocrx_word' id='word_1_58' title='bbox 752 1116 931 1181; x_wconf 86' lang='lat' dir='ltr'><strong>Nicholaus</strong></span> <span class='ocrx_word' id='word_1_59' title='bbox 946 1116 1081 1183; x_wconf 83' lang='lat' dir='ltr'><strong>haberet</strong></span> <span class='ocrx_word' id='word_1_60' title='bbox 1095 1125 1199 1181; x_wconf 84' lang='lat' dir='ltr'><strong>totam</strong></span> 
     </span>
    </p>
   </div>
   <div class='ocr_carea' id='block_1_3' title="bbox 55 1219 1247 3794">
    <p class='ocr_par' dir='ltr' id='par_1_3' title="bbox 100 1219 1244 2737">
     <span class='ocr_line' id='line_1_8' title="bbox 109 1219 1199 1306; baseline -0.001 -21"><span class='ocrx_word' id='word_1_61' title='bbox 109 1228 211 1287; x_wconf 85' lang='lat' dir='ltr'><strong>terram</strong></span> <span class='ocrx_word' id='word_1_62' title='bbox 234 1220 325 1286; x_wconf 88' lang='lat' dir='ltr'><strong>illius</strong></span> <span class='ocrx_word' id='word_1_63' title='bbox 349 1220 481 1285; x_wconf 84' lang='lat' dir='ltr'><strong>Ricandi</strong></span> <span class='ocrx_word' id='word_1_64' title='bbox 503 1229 711 1306; x_wconf 76' lang='lat' dir='ltr'><strong>preterquam</strong></span> <span class='ocrx_word' id='word_1_65' title='bbox 736 1219 939 1306; x_wconf 74' lang='lat' dir='ltr'><strong>mesuagium</strong></span> <span class='ocrx_word' id='word_1_66' title='bbox 966 1228 1001 1284; x_wconf 91' lang='lat' dir='ltr'><strong>et</strong></span> <span class='ocrx_word' id='word_1_67' title='bbox 1026 1220 1199 1306; x_wconf 87' lang='lat' dir='ltr'><strong>quamdam</strong></span> 
     </span>
     <span class='ocr_line' id='line_1_9' title="bbox 107 1322 1201 1411; baseline 0 -22"><span class='ocrx_word' id='word_1_68' title='bbox 107 1346 226 1408; x_wconf 83' lang='lat' dir='ltr'><strong>paruam</strong></span> <span class='ocrx_word' id='word_1_69' title='bbox 246 1334 367 1389; x_wconf 86' lang='lat' dir='ltr'><strong>terram</strong></span> <span class='ocrx_word' id='word_1_70' title='bbox 389 1323 579 1388; x_wconf 74' lang='lat' dir='ltr'><strong>forinsecam</strong></span> <span class='ocrx_word' id='word_1_71' title='bbox 599 1322 658 1388; x_wconf 85' lang='lat' dir='ltr'><strong>tali</strong></span> <span class='ocrx_word' id='word_1_72' title='bbox 678 1323 864 1389; x_wconf 89' lang='lat' dir='ltr'><strong>condicione</strong></span> <span class='ocrx_word' id='word_1_73' title='bbox 884 1323 1017 1409; x_wconf 90' lang='lat' dir='ltr'><strong>quodsi</strong></span> <span class='ocrx_word' id='word_1_74' title='bbox 1037 1324 1201 1411; x_wconf 82' lang='lat' dir='ltr'><strong>predictus</strong></span> 
     </span>
     <span class='ocr_line' id='line_1_10' title="bbox 107 1426 1200 1514; baseline 0.001 -24"><span class='ocrx_word' id='word_1_75' title='bbox 107 1427 251 1493; x_wconf 83' lang='lat' dir='ltr'><strong>Ricardus</strong></span> <span class='ocrx_word' id='word_1_76' title='bbox 266 1428 395 1493; x_wconf 90' lang='lat' dir='ltr'><strong>ueniret</strong></span> <span class='ocrx_word' id='word_1_77' title='bbox 410 1428 451 1493; x_wconf 90' lang='lat' dir='ltr'><strong>de</strong></span> <span class='ocrx_word' id='word_1_78' title='bbox 468 1428 579 1493; x_wconf 84' lang='lat' dir='ltr'><strong>Scocia</strong></span> <span class='ocrx_word' id='word_1_79' title='bbox 593 1427 679 1514; x_wconf 90' lang='lat' dir='ltr'><strong>quod</strong></span> <span class='ocrx_word' id='word_1_80' title='bbox 695 1426 816 1492; x_wconf 92' lang='lat' dir='ltr'><strong>donum</strong></span> <span class='ocrx_word' id='word_1_81' title='bbox 830 1428 914 1493; x_wconf 89' lang='lat' dir='ltr'><strong>illud</strong></span> <span class='ocrx_word' id='word_1_82' title='bbox 928 1428 1054 1493; x_wconf 89' lang='lat' dir='ltr'><strong>nullum</strong></span> <span class='ocrx_word' id='word_1_83' title='bbox 1070 1429 1200 1493; x_wconf 67' lang='lat' dir='ltr'><strong>esset‘et</strong></span> 
     </span>
     <span class='ocr_line' id='line_1_11' title="bbox 106 1532 1201 1617; baseline 0 -22"><span class='ocrx_word' id='word_1_84' title='bbox 106 1533 180 1617; x_wconf 90' lang='lat' dir='ltr'><strong>quod</strong></span> <span class='ocrx_word' id='word_1_85' title='bbox 207 1533 297 1599; x_wconf 91' lang='lat' dir='ltr'><strong>idem</strong></span> <span class='ocrx_word' id='word_1_86' title='bbox 327 1532 485 1597; x_wconf 81' lang='lat' dir='ltr'><strong>Ricardus</strong></span> <span class='ocrx_word' id='word_1_87' title='bbox 514 1532 650 1597; x_wconf 88' lang='lat' dir='ltr'><strong>haberet</strong></span> <span class='ocrx_word' id='word_1_88' title='bbox 679 1540 800 1597; x_wconf 86' lang='lat' dir='ltr'><strong>terram</strong></span> <span class='ocrx_word' id='word_1_89' title='bbox 828 1532 927 1597; x_wconf 88' lang='lat' dir='ltr'><strong>illam.</strong></span> <span class='ocrx_word' id='word_1_90' title='bbox 972 1532 1090 1597; x_wconf 77' lang='lat' dir='ltr'>Postea</span> <span class='ocrx_word' id='word_1_91' title='bbox 1123 1553 1201 1596; x_wconf 90' lang='lat' dir='ltr'><strong>uero</strong></span> 
     </span>
     <span class='ocr_line' id='line_1_12' title="bbox 106 1634 1202 1721; baseline -0.001 -22"><span class='ocrx_word' id='word_1_92' title='bbox 106 1636 220 1721; x_wconf 86' lang='lat' dir='ltr'><strong>quando</strong></span> <span class='ocrx_word' id='word_1_93' title='bbox 234 1636 325 1701; x_wconf 90' lang='lat' dir='ltr'><strong>idem</strong></span> <span class='ocrx_word' id='word_1_94' title='bbox 341 1635 498 1701; x_wconf 82' lang='lat' dir='ltr'><strong>Ricardus</strong></span> <span class='ocrx_word' id='word_1_95' title='bbox 513 1656 661 1700; x_wconf 86' lang='lat' dir='ltr'><strong>reuersus</strong></span> <span class='ocrx_word' id='word_1_96' title='bbox 676 1634 740 1699; x_wconf 86' lang='lat' dir='ltr'><strong>fuit</strong></span> <span class='ocrx_word' id='word_1_97' title='bbox 754 1634 795 1699; x_wconf 88' lang='lat' dir='ltr'><strong>de</strong></span> <span class='ocrx_word' id='word_1_98' title='bbox 811 1634 925 1700; x_wconf 82' lang='lat' dir='ltr'><strong>Soocia</strong></span> <span class='ocrx_word' id='word_1_99' title='bbox 943 1634 1095 1700; x_wconf 90' lang='lat' dir='ltr'><strong>conuenit</strong></span> <span class='ocrx_word' id='word_1_100' title='bbox 1114 1634 1202 1699; x_wconf 90' lang='lat' dir='ltr'><strong>inter</strong></span> 
     </span>
     <span class='ocr_line' id='line_1_13' title="bbox 104 1739 1202 1825; baseline 0.001 -23"><span class='ocrx_word' id='word_1_101' title='bbox 104 1741 198 1825; x_wconf 87' lang='lat' dir='ltr'><strong>ipsum</strong></span> <span class='ocrx_word' id='word_1_102' title='bbox 223 1740 423 1806; x_wconf 86' lang='lat' dir='ltr'><strong>Nicholaum</strong></span> <span class='ocrx_word' id='word_1_103' title='bbox 448 1748 483 1805; x_wconf 89' lang='lat' dir='ltr'><strong>et</strong></span> <span class='ocrx_word' id='word_1_104' title='bbox 506 1739 689 1825; x_wconf 91' lang='lat' dir='ltr'><strong>predictum</strong></span> <span class='ocrx_word' id='word_1_105' title='bbox 715 1739 890 1804; x_wconf 78' lang='lat' dir='ltr'><strong>Ricardum</strong></span> <span class='ocrx_word' id='word_1_106' title='bbox 910 1739 997 1825; x_wconf 93' lang='lat' dir='ltr'><strong>quod</strong></span> <span class='ocrx_word' id='word_1_107' title='bbox 1020 1747 1093 1804; x_wconf 84' lang='lat' dir='ltr'><strong>tota</strong></span> <span class='ocrx_word' id='word_1_108' title='bbox 1115 1748 1202 1803; x_wconf 87' lang='lat' dir='ltr'><strong>terra</strong></span> 
     </span>
     <span class='ocr_line' id='line_1_14' title="bbox 103 1842 1202 1929; baseline 0 -22"><span class='ocrx_word' id='word_1_109' title='bbox 103 1844 152 1909; x_wconf 79' lang='lat' dir='ltr'><strong>illa</strong></span> <span class='ocrx_word' id='word_1_110' title='bbox 177 1853 360 1910; x_wconf 76' lang='lat' dir='ltr'><strong>remaneret</strong></span> <span class='ocrx_word' id='word_1_111' title='bbox 389 1842 535 1929; x_wconf 87' lang='lat' dir='ltr'><strong>predicto</strong></span> <span class='ocrx_word' id='word_1_112' title='bbox 556 1843 718 1907; x_wconf 89' lang='lat' dir='ltr'><strong>-Nioholao</strong></span> <span class='ocrx_word' id='word_1_113' title='bbox 741 1843 777 1907; x_wconf 93' lang='lat' dir='ltr'><strong>in</strong></span> <span class='ocrx_word' id='word_1_114' title='bbox 799 1842 893 1908; x_wconf 88' lang='lat' dir='ltr'><strong>feodo</strong></span> <span class='ocrx_word' id='word_1_115' title='bbox 915 1866 975 1929; x_wconf 89' lang='lat' dir='ltr'><strong>per</strong></span> <span class='ocrx_word' id='word_1_116' title='bbox 996 1866 1047 1907; x_wconf 87' lang='lat' dir='ltr'><strong>xx.</strong></span> <span class='ocrx_word' id='word_1_117' title='bbox 1079 1865 1202 1908; x_wconf 82' lang='lat' dir='ltr'><strong>mancas</strong></span> 
     </span>
     <span class='ocr_line' id='line_1_15' title="bbox 102 1946 1202 2033; baseline -0.002 -22"><span class='ocrx_word' id='word_1_118' title='bbox 102 1968 173 2031; x_wconf 84' lang='lat' dir='ltr'><strong>quas</strong></span> <span class='ocrx_word' id='word_1_119' title='bbox 185 1948 276 2014; x_wconf 90' lang='lat' dir='ltr'><strong>idem</strong></span> <span class='ocrx_word' id='word_1_120' title='bbox 292 1946 471 2012; x_wconf 86' lang='lat' dir='ltr'><strong>Nicholaus</strong></span> <span class='ocrx_word' id='word_1_121' title='bbox 487 1946 518 2011; x_wconf 90' lang='lat' dir='ltr'><strong>ei</strong></span> <span class='ocrx_word' id='word_1_122' title='bbox 532 1946 632 2011; x_wconf 82' lang='lat' dir='ltr'><strong>deret.</strong></span> <span class='ocrx_word' id='word_1_123' title='bbox 678 1947 722 2011; x_wconf 89' lang='lat' dir='ltr'><strong>Et</strong></span> <span class='ocrx_word' id='word_1_124' title='bbox 742 1946 821 2032; x_wconf 82' lang='lat' dir='ltr'><strong>quia</strong></span> <span class='ocrx_word' id='word_1_125' title='bbox 839 1948 1004 2033; x_wconf 90' lang='lat' dir='ltr'><strong>predictus</strong></span> <span class='ocrx_word' id='word_1_126' title='bbox 1023 1946 1202 2011; x_wconf 87' lang='lat' dir='ltr'><strong>Nioholaus</strong></span> 
     </span>
     <span class='ocr_line' id='line_1_16' title="bbox 102 2048 1202 2138; baseline 0 -24"><span class='ocrx_word' id='word_1_127' title='bbox 102 2073 157 2115; x_wconf 93' lang='lat' dir='ltr'><strong>non</strong></span> <span class='ocrx_word' id='word_1_128' title='bbox 171 2052 282 2138; x_wconf 87' lang='lat' dir='ltr'><strong>potuit</strong></span> <span class='ocrx_word' id='word_1_129' title='bbox 297 2050 329 2116; x_wconf 89' lang='lat' dir='ltr'><strong>ei</strong></span> <span class='ocrx_word' id='word_1_130' title='bbox 344 2050 477 2115; x_wconf 86' lang='lat' dir='ltr'><strong>reddere</strong></span> <span class='ocrx_word' id='word_1_131' title='bbox 493 2049 525 2115; x_wconf 92' lang='lat' dir='ltr'><strong>ei</strong></span> <span class='ocrx_word' id='word_1_132' title='bbox 538 2048 687 2115; x_wconf 85' lang='lat' dir='ltr'><strong>denarios</strong></span> <span class='ocrx_word' id='word_1_133' title='bbox 701 2050 774 2115; x_wconf 90' lang='lat' dir='ltr'><strong>illos</strong></span> <span class='ocrx_word' id='word_1_134' title='bbox 788 2072 848 2115; x_wconf 88' lang='lat' dir='ltr'><strong>nec</strong></span> <span class='ocrx_word' id='word_1_135' title='bbox 863 2059 974 2116; x_wconf 92' lang='lat' dir='ltr'><strong>tenere</strong></span> <span class='ocrx_word' id='word_1_136' title='bbox 989 2051 1020 2115; x_wconf 91' lang='lat' dir='ltr'><strong>ei</strong></span> <span class='ocrx_word' id='word_1_137' title='bbox 1032 2050 1202 2116; x_wconf 88' lang='lat' dir='ltr'><strong>conuenci-</strong></span> 
     </span>
     <span class='ocr_line' id='line_1_17' title="bbox 101 2151 1201 2219; baseline 0.002 -4"><span class='ocrx_word' id='word_1_138' title='bbox 101 2174 186 2218; x_wconf 90' lang='lat' dir='ltr'><strong>onem</strong></span> <span class='ocrx_word' id='word_1_139' title='bbox 211 2154 305 2219; x_wconf 88' lang='lat' dir='ltr'><strong>illam</strong></span> <span class='ocrx_word' id='word_1_140' title='bbox 330 2152 425 2217; x_wconf 90' lang='lat' dir='ltr'><strong>uenit</strong></span> <span class='ocrx_word' id='word_1_141' title='bbox 450 2161 485 2217; x_wconf 90' lang='lat' dir='ltr'><strong>et</strong></span> <span class='ocrx_word' id='word_1_142' title='bbox 511 2151 653 2217; x_wconf 75' lang='lat' dir='ltr'><strong>reddidit</strong></span> <span class='ocrx_word' id='word_1_143' title='bbox 677 2151 783 2218; x_wconf 89' lang='lat' dir='ltr'><strong>eidem</strong></span> <span class='ocrx_word' id='word_1_144' title='bbox 806 2152 944 2218; x_wconf 83' lang='lat' dir='ltr'><strong>Ricardo</strong></span> <span class='ocrx_word' id='word_1_145' title='bbox 968 2161 1087 2217; x_wconf 81' lang='lat' dir='ltr'><strong>terram</strong></span> <span class='ocrx_word' id='word_1_146' title='bbox 1111 2152 1201 2217; x_wconf 89' lang='lat' dir='ltr'><strong>illam</strong></span> 
     </span>
     <span class='ocr_line' id='line_1_18' title="bbox 100 2254 1244 2341; baseline 0 -22"><span class='ocrx_word' id='word_1_147' title='bbox 100 2264 273 2340; x_wconf 87' lang='lat' dir='ltr'><strong>spontanea</strong></span> <span class='ocrx_word' id='word_1_148' title='bbox 295 2256 467 2319; x_wconf 86' lang='lat' dir='ltr'><strong>uoluntate</strong></span> <span class='ocrx_word' id='word_1_149' title='bbox 491 2263 527 2320; x_wconf 93' lang='lat' dir='ltr'><strong>et</strong></span> <span class='ocrx_word' id='word_1_150' title='bbox 552 2276 617 2319; x_wconf 94' lang='lat' dir='ltr'><strong>non</strong></span> <span class='ocrx_word' id='word_1_151' title='bbox 644 2264 780 2321; x_wconf 84' lang='lat' dir='ltr'><strong>coactns.</strong></span> <span class='ocrx_word' id='word_1_152' title='bbox 827 2255 871 2319; x_wconf 86' lang='lat' dir='ltr'><strong>Et</strong></span> <span class='ocrx_word' id='word_1_153' title='bbox 896 2256 974 2341; x_wconf 86' lang='lat' dir='ltr'><strong>qnia</strong></span> <span class='ocrx_word' id='word_1_154' title='bbox 998 2254 1090 2319; x_wconf 86' lang='lat' dir='ltr'><strong>nulla</strong></span> <span class='ocrx_word' id='word_1_155' title='bbox 1114 2255 1202 2340; x_wconf 89' lang='lat' dir='ltr'><strong>oepit</strong></span> <span class='ocrx_word' id='word_1_156' title='bbox 1239 2256 1244 2266; x_wconf 82' lang='grc'><strong>’</strong></span> 
     </span>
     <span class='ocr_line' id='line_1_19' title="bbox 102 2356 1202 2443; baseline 0.002 -22"><span class='ocrx_word' id='word_1_157' title='bbox 102 2359 223 2443; x_wconf 85' lang='lat' dir='ltr'><strong>expleta</strong></span> <span class='ocrx_word' id='word_1_158' title='bbox 253 2358 295 2423; x_wconf 93' lang='lat' dir='ltr'><strong>de</strong></span> <span class='ocrx_word' id='word_1_159' title='bbox 325 2358 479 2443; x_wconf 80' lang='lat' dir='ltr'><strong>predictis</strong></span> <span class='ocrx_word' id='word_1_160' title='bbox 508 2381 538 2422; x_wconf 86' lang='lat' dir='ltr'><strong>x.</strong></span> <span class='ocrx_word' id='word_1_161' title='bbox 567 2356 649 2422; x_wconf 87' lang='lat' dir='ltr'><strong>acris</strong></span> <span class='ocrx_word' id='word_1_162' title='bbox 677 2379 738 2422; x_wconf 89' lang='lat' dir='ltr'><strong>nec</strong></span> <span class='ocrx_word' id='word_1_163' title='bbox 767 2356 910 2443; x_wconf 86' lang='lat' dir='ltr'><strong>aliquam</strong></span> <span class='ocrx_word' id='word_1_164' title='bbox 940 2356 1091 2422; x_wconf 89' lang='lat' dir='ltr'><strong>seisinam</strong></span> <span class='ocrx_word' id='word_1_165' title='bbox 1125 2357 1202 2423; x_wconf 90' lang='lat' dir='ltr'><strong>inde</strong></span> 
     </span>
     <span class='ocr_line' id='line_1_20' title="bbox 100 2462 1202 2550; baseline 0.001 -24"><span class='ocrx_word' id='word_1_166' title='bbox 100 2462 208 2529; x_wconf 89' lang='lat' dir='ltr'><strong>habuit</strong></span> <span class='ocrx_word' id='word_1_167' title='bbox 223 2470 261 2529; x_wconf 93' lang='lat' dir='ltr'><strong>et</strong></span> <span class='ocrx_word' id='word_1_168' title='bbox 276 2462 447 2528; x_wconf 89' lang='lat' dir='ltr'><strong>uoluntate</strong></span> <span class='ocrx_word' id='word_1_169' title='bbox 462 2470 641 2550; x_wconf 89' lang='lat' dir='ltr'><strong>spontanea</strong></span> <span class='ocrx_word' id='word_1_170' title='bbox 654 2462 798 2528; x_wconf 83' lang='lat' dir='ltr'><strong>reddidit</strong></span> <span class='ocrx_word' id='word_1_171' title='bbox 807 2463 918 2528; x_wconf 86' lang='lat' dir='ltr'><strong>eidem</strong></span> <span class='ocrx_word' id='word_1_172' title='bbox 933 2462 1071 2528; x_wconf 84' lang='lat' dir='ltr'><strong>Ricardo</strong></span> <span class='ocrx_word' id='word_1_173' title='bbox 1082 2468 1202 2527; x_wconf 85' lang='lat' dir='ltr'><strong>terram</strong></span> 
     </span>
     <span class='ocr_line' id='line_1_21' title="bbox 100 2565 1202 2654; baseline 0.002 -22"><span class='ocrx_word' id='word_1_174' title='bbox 100 2565 192 2645; x_wconf 81' lang='lat' dir='ltr'><strong>illam,</strong></span> <span class='ocrx_word' id='word_1_175' title='bbox 209 2567 452 2634; x_wconf 79' lang='lat' dir='ltr'><strong>consideratum</strong></span> <span class='ocrx_word' id='word_1_176' title='bbox 473 2573 523 2632; x_wconf 87' lang='lat' dir='ltr'><strong>est</strong></span> <span class='ocrx_word' id='word_1_177' title='bbox 544 2567 631 2654; x_wconf 92' lang='lat' dir='ltr'><strong>quod</strong></span> <span class='ocrx_word' id='word_1_178' title='bbox 652 2566 847 2634; x_wconf 82' lang='lat' dir='ltr'><strong>Nicholaus⁸</strong></span> <span class='ocrx_word' id='word_1_179' title='bbox 865 2568 974 2654; x_wconf 88' lang='lat' dir='ltr'><strong>capiat</strong></span> <span class='ocrx_word' id='word_1_180' title='bbox 993 2591 1052 2654; x_wconf 88' lang='lat' dir='ltr'><strong>per</strong></span> <span class='ocrx_word' id='word_1_181' title='bbox 1070 2568 1202 2634; x_wconf 79' lang='lat' dir='ltr'><strong>assisam</strong></span> 
     </span>
     <span class='ocr_line' id='line_1_22' title="bbox 100 2669 1148 2737; baseline 0.004 -5"><span class='ocrx_word' id='word_1_182' title='bbox 100 2675 130 2732; x_wconf 84' lang='lat' dir='ltr'><strong>et</strong></span> <span class='ocrx_word' id='word_1_183' title='bbox 142 2669 303 2735; x_wconf 84' lang='lat' dir='ltr'><strong>Ricnndus</strong></span> <span class='ocrx_word' id='word_1_184' title='bbox 317 2670 394 2736; x_wconf 90' lang='lat' dir='ltr'><strong>inde</strong></span> <span class='ocrx_word' id='word_1_185' title='bbox 409 2670 478 2736; x_wconf 87' lang='lat' dir='ltr'><strong>sine</strong></span> <span class='ocrx_word' id='word_1_186' title='bbox 493 2670 546 2736; x_wconf 92' lang='lat' dir='ltr'><strong>die</strong></span> <span class='ocrx_word' id='word_1_187' title='bbox 562 2679 596 2736; x_wconf 87' lang='lat' dir='ltr'><strong>et</strong></span> <span class='ocrx_word' id='word_1_188' title='bbox 612 2670 791 2736; x_wconf 81' lang='lat' dir='ltr'><strong>Nioholaus</strong></span> <span class='ocrx_word' id='word_1_189' title='bbox 805 2671 841 2735; x_wconf 91' lang='lat' dir='ltr'><strong>in</strong></span> <span class='ocrx_word' id='word_1_190' title='bbox 856 2671 1074 2736; x_wconf 81' lang='lat' dir='ltr'><strong>misericordia</strong></span> <span class='ocrx_word' id='word_1_191' title='bbox 1089 2680 1148 2737; x_wconf 85' lang='lat' dir='ltr'><strong>etc.</strong></span> 
     </span>
    </p>

    <p class='ocr_par' dir='ltr' id='par_1_4' title="bbox 55 2772 1203 3171">
     <span class='ocr_line' id='line_1_23' title="bbox 55 2772 1203 2860; baseline -0.003 -18"><span class='ocrx_word' id='word_1_192' title='bbox 55 2779 76 2846; x_wconf 22' lang='lat'><strong>¹¹.</strong></span> <span class='ocrx_word' id='word_1_193' title='bbox 157 2773 270 2838; x_wconf 81' lang='lat' dir='ltr'><strong>Assisa</strong></span> <span class='ocrx_word' id='word_1_194' title='bbox 285 2772 381 2837; x_wconf 91' lang='lat' dir='ltr'><strong>uenit</strong></span> <span class='ocrx_word' id='word_1_195' title='bbox 395 2773 601 2860; x_wconf 79' lang='lat' dir='ltr'><strong>recognitum</strong></span> <span class='ocrx_word' id='word_1_196' title='bbox 616 2773 646 2838; x_wconf 88' lang='lat' dir='ltr'><strong>si</strong></span> <span class='ocrx_word' id='word_1_197' title='bbox 666 2772 824 2838; x_wconf 82' lang='lat' dir='ltr'><strong>Ricardus</strong></span> <span class='ocrx_word' id='word_1_198' title='bbox 843 2772 885 2838; x_wconf 93' lang='lat' dir='ltr'><strong>de</strong></span> <span class='ocrx_word' id='word_1_199' title='bbox 905 2774 1019 2839; x_wconf 88' lang='lat' dir='ltr'><strong>Boeles</strong></span> <span class='ocrx_word' id='word_1_200' title='bbox 1040 2782 1075 2839; x_wconf 90' lang='lat' dir='ltr'><strong>et</strong></span> <span class='ocrx_word' id='word_1_201' title='bbox 1094 2775 1203 2860; x_wconf 89' lang='lat' dir='ltr'><strong>plures</strong></span> 
     </span>
     <span class='ocr_line' id='line_1_24' title="bbox 99 2874 1202 2945; baseline 0.004 -4"><span class='ocrx_word' id='word_1_202' title='bbox 99 2874 149 2940; x_wconf 81' lang='lat' dir='ltr'><strong>alii</strong></span> <span class='ocrx_word' id='word_1_203' title='bbox 176 2885 213 2942; x_wconf 91' lang='lat' dir='ltr'><strong>et</strong></span> <span class='ocrx_word' id='word_1_204' title='bbox 243 2875 347 2942; x_wconf 79' lang='lat' dir='ltr'><strong>inira⁴</strong></span> <span class='ocrx_word' id='word_1_205' title='bbox 375 2876 621 2942; x_wconf 87' lang='lat' dir='ltr'><strong>disseisiuerunt</strong></span> <span class='ocrx_word' id='word_1_206' title='bbox 643 2879 778 2944; x_wconf 89' lang='lat' dir='ltr'><strong>Petrum</strong></span> <span class='ocrx_word' id='word_1_207' title='bbox 813 2878 988 2944; x_wconf 88' lang='lat' dir='ltr'><strong>Scissorem</strong></span> <span class='ocrx_word' id='word_1_208' title='bbox 1024 2880 1064 2945; x_wconf 92' lang='lat' dir='ltr'><strong>de</strong></span> <span class='ocrx_word' id='word_1_209' title='bbox 1101 2880 1202 2945; x_wconf 91' lang='lat' dir='ltr'><strong>libero</strong></span> 
     </span>
     <span class='ocr_line' id='line_1_25' title="bbox 101 2981 1202 3069; baseline 0.005 -26"><span class='ocrx_word' id='word_1_210' title='bbox 101 2987 286 3048; x_wconf 84' lang='lat' dir='ltr'><strong>tenemento</strong></span> <span class='ocrx_word' id='word_1_211' title='bbox 315 3004 375 3047; x_wconf 90' lang='lat' dir='ltr'><strong>suo</strong></span> <span class='ocrx_word' id='word_1_212' title='bbox 403 2981 439 3047; x_wconf 91' lang='lat' dir='ltr'><strong>in</strong></span> <span class='ocrx_word' id='word_1_213' title='bbox 468 2983 640 3048; x_wconf 88' lang='lat' dir='ltr'><strong>Dilintona</strong></span> <span class='ocrx_word' id='word_1_214' title='bbox 672 2991 746 3068; x_wconf 88' lang='lat' dir='ltr'><strong>post</strong></span> <span class='ocrx_word' id='word_1_215' title='bbox 780 2982 919 3069; x_wconf 86' lang='lat' dir='ltr'><strong>primam</strong></span> <span class='ocrx_word' id='word_1_216' title='bbox 953 2992 1022 3060; x_wconf 83' lang='lat' dir='ltr'><strong>etc,</strong></span> <span class='ocrx_word' id='word_1_217' title='bbox 1052 2992 1087 3049; x_wconf 87' lang='lat' dir='ltr'><strong>et</strong></span> <span class='ocrx_word' id='word_1_218' title='bbox 1115 2985 1202 3049; x_wconf 88' lang='lat' dir='ltr'><strong>unde</strong></span> 
     </span>
     <span class='ocr_line' id='line_1_26' title="bbox 99 3083 1078 3171; baseline 0.006 -25"><span class='ocrx_word' id='word_1_219' title='bbox 99 3085 241 3166; x_wconf 86' lang='lat' dir='ltr'><strong>queritur</strong></span> <span class='ocrx_word' id='word_1_220' title='bbox 255 3083 345 3170; x_wconf 88' lang='lat' dir='ltr'><strong>quod</strong></span> <span class='ocrx_word' id='word_1_221' title='bbox 359 3083 605 3150; x_wconf 86' lang='lat' dir='ltr'><strong>disseisiuerunt</strong></span> <span class='ocrx_word' id='word_1_222' title='bbox 619 3085 695 3150; x_wconf 86' lang='lat' dir='ltr'><strong>enm</strong></span> <span class='ocrx_word' id='word_1_223' title='bbox 707 3084 750 3150; x_wconf 89' lang='lat' dir='ltr'><strong>de</strong></span> <span class='ocrx_word' id='word_1_224' title='bbox 766 3085 806 3171; x_wconf 87' lang='lat' dir='ltr'><strong>vj.</strong></span> <span class='ocrx_word' id='word_1_225' title='bbox 822 3085 904 3151; x_wconf 87' lang='lat' dir='ltr'><strong>acris</strong></span> <span class='ocrx_word' id='word_1_226' title='bbox 918 3095 1003 3151; x_wconf 88' lang='lat' dir='ltr'><strong>terre</strong></span> <span class='ocrx_word' id='word_1_227' title='bbox 1018 3096 1078 3152; x_wconf 90' lang='lat' dir='ltr'><strong>etc.</strong></span> 
     </span>
    </p>

    <p class='ocr_par' dir='ltr' id='par_1_5' title="bbox 96 3187 1247 3794">
     <span class='ocr_line' id='line_1_27' title="bbox 156 3187 1203 3257; baseline 0.003 -4"><span class='ocrx_word' id='word_1_228' title='bbox 156 3188 200 3253; x_wconf 84' lang='lat' dir='ltr'><strong>Et</strong></span> <span class='ocrx_word' id='word_1_229' title='bbox 223 3187 387 3254; x_wconf 85' lang='lat' dir='ltr'><strong>Ricardus</strong></span> <span class='ocrx_word' id='word_1_230' title='bbox 410 3187 455 3254; x_wconf 94' lang='lat' dir='ltr'><strong>de</strong></span> <span class='ocrx_word' id='word_1_231' title='bbox 476 3189 591 3254; x_wconf 87' lang='lat' dir='ltr'><strong>Boeles</strong></span> <span class='ocrx_word' id='word_1_232' title='bbox 614 3189 757 3255; x_wconf 88' lang='lat' dir='ltr'><strong>balliuus</strong></span> <span class='ocrx_word' id='word_1_233' title='bbox 781 3190 920 3256; x_wconf 84' lang='lat' dir='ltr'><strong>Comitis</strong></span> <span class='ocrx_word' id='word_1_234' title='bbox 943 3191 984 3256; x_wconf 93' lang='lat' dir='ltr'><strong>de</strong></span> <span class='ocrx_word' id='word_1_235' title='bbox 1010 3189 1203 3257; x_wconf 86' lang='lat' dir='ltr'><strong>Herefordia</strong></span> 
     </span>
     <span class='ocr_line' id='line_1_28' title="bbox 98 3290 1200 3380; baseline 0.005 -26"><span class='ocrx_word' id='word_1_236' title='bbox 98 3291 183 3356; x_wconf 82' lang='lat' dir='ltr'><strong>cuius</strong></span> <span class='ocrx_word' id='word_1_237' title='bbox 211 3291 365 3357; x_wconf 90' lang='lat' dir='ltr'><strong>homines</strong></span> <span class='ocrx_word' id='word_1_238' title='bbox 393 3290 457 3378; x_wconf 91' lang='lat' dir='ltr'><strong>ipsi</strong></span> <span class='ocrx_word' id='word_1_239' title='bbox 485 3299 563 3357; x_wconf 88' lang='lat' dir='ltr'><strong>sunt</strong></span> <span class='ocrx_word' id='word_1_240' title='bbox 592 3299 652 3358; x_wconf 89' lang='lat' dir='ltr'><strong>etc.</strong></span> <span class='ocrx_word' id='word_1_241' title='bbox 683 3293 779 3358; x_wconf 89' lang='lat' dir='ltr'><strong>uenit</strong></span> <span class='ocrx_word' id='word_1_242' title='bbox 806 3301 842 3357; x_wconf 92' lang='lat' dir='ltr'><strong>et</strong></span> <span class='ocrx_word' id='word_1_243' title='bbox 871 3293 951 3359; x_wconf 89' lang='lat' dir='ltr'><strong>dicit</strong></span> <span class='ocrx_word' id='word_1_244' title='bbox 979 3293 1065 3380; x_wconf 93' lang='lat' dir='ltr'><strong>quod</strong></span> <span class='ocrx_word' id='word_1_245' title='bbox 1101 3292 1200 3359; x_wconf 88' lang='lat' dir='ltr'><strong>nichil</strong></span> 
     </span>
     <span class='ocr_line' id='line_1_29' title="bbox 97 3393 1201 3484; baseline 0.005 -26"><span class='ocrx_word' id='word_1_246' title='bbox 97 3393 235 3462; x_wconf 83' lang='lat' dir='ltr'><strong>clamant</strong></span> <span class='ocrx_word' id='word_1_247' title='bbox 261 3397 299 3460; x_wconf 89' lang='lat' dir='ltr'><strong>in</strong></span> <span class='ocrx_word' id='word_1_248' title='bbox 323 3401 512 3460; x_wconf 87' lang='lat' dir='ltr'><strong>tenemento</strong></span> <span class='ocrx_word' id='word_1_249' title='bbox 540 3395 596 3459; x_wconf 92' lang='lat' dir='ltr'><strong>illo</strong></span> <span class='ocrx_word' id='word_1_250' title='bbox 625 3395 689 3460; x_wconf 89' lang='lat' dir='ltr'><strong>nisi</strong></span> <span class='ocrx_word' id='word_1_251' title='bbox 718 3418 924 3462; x_wconf 81' lang='lat' dir='ltr'><strong>communem</strong></span> <span class='ocrx_word' id='word_1_252' title='bbox 952 3406 1085 3484; x_wconf 83' lang='lat' dir='ltr'><strong>pastore</strong></span> <span class='ocrx_word' id='word_1_253' title='bbox 1114 3398 1201 3463; x_wconf 88' lang='lat' dir='ltr'><strong>unde</strong></span> 
     </span>
     <span class='ocr_line' id='line_1_30' title="bbox 98 3497 1202 3588; baseline 0.003 -26"><span class='ocrx_word' id='word_1_254' title='bbox 98 3497 225 3566; x_wconf 86' lang='lat' dir='ltr'><strong>fuerunt</strong></span> <span class='ocrx_word' id='word_1_255' title='bbox 249 3501 287 3565; x_wconf 88' lang='lat' dir='ltr'><strong>in</strong></span> <span class='ocrx_word' id='word_1_256' title='bbox 310 3499 430 3565; x_wconf 83' lang='lat' dir='ltr'><strong>seisins</strong></span> <span class='ocrx_word' id='word_1_257' title='bbox 451 3499 493 3565; x_wconf 88' lang='lat' dir='ltr'><strong>ab</strong></span> <span class='ocrx_word' id='word_1_258' title='bbox 514 3499 651 3585; x_wconf 89' lang='lat' dir='ltr'><strong>antiquo</strong></span> <span class='ocrx_word' id='word_1_259' title='bbox 672 3508 828 3587; x_wconf 90' lang='lat' dir='ltr'><strong>tempore,</strong></span> <span class='ocrx_word' id='word_1_260' title='bbox 850 3509 885 3566; x_wconf 90' lang='lat' dir='ltr'><strong>et</strong></span> <span class='ocrx_word' id='word_1_261' title='bbox 905 3501 986 3566; x_wconf 87' lang='lat' dir='ltr'><strong>dicit</strong></span> <span class='ocrx_word' id='word_1_262' title='bbox 1008 3500 1094 3588; x_wconf 91' lang='lat' dir='ltr'><strong>quod</strong></span> <span class='ocrx_word' id='word_1_263' title='bbox 1114 3508 1202 3565; x_wconf 87' lang='lat' dir='ltr'><strong>terra</strong></span> 
     </span>
     <span class='ocr_line' id='line_1_31' title="bbox 96 3601 1247 3691; baseline 0.002 -25"><span class='ocrx_word' id='word_1_264' title='bbox 96 3601 148 3669; x_wconf 90' lang='lat' dir='ltr'><strong>illa</strong></span> <span class='ocrx_word' id='word_1_265' title='bbox 161 3605 299 3671; x_wconf 83' lang='lat' dir='ltr'><strong>redacta</strong></span> <span class='ocrx_word' id='word_1_266' title='bbox 312 3612 364 3670; x_wconf 93' lang='lat' dir='ltr'><strong>est</strong></span> <span class='ocrx_word' id='word_1_267' title='bbox 378 3603 413 3669; x_wconf 92' lang='lat' dir='ltr'><strong>in</strong></span> <span class='ocrx_word' id='word_1_268' title='bbox 428 3605 591 3669; x_wconf 85' lang='lat' dir='ltr'><strong>culturam</strong></span> <span class='ocrx_word' id='word_1_269' title='bbox 605 3604 665 3670; x_wconf 93' lang='lat' dir='ltr'><strong>hoc</strong></span> <span class='ocrx_word' id='word_1_270' title='bbox 685 3627 770 3669; x_wconf 90' lang='lat' dir='ltr'><strong>anno</strong></span> <span class='ocrx_word' id='word_1_271' title='bbox 791 3605 840 3670; x_wconf 85' lang='lat' dir='ltr'><strong>ita</strong></span> <span class='ocrx_word' id='word_1_272' title='bbox 858 3605 945 3691; x_wconf 91' lang='lat' dir='ltr'><strong>quod</strong></span> <span class='ocrx_word' id='word_1_273' title='bbox 964 3604 991 3669; x_wconf 89' lang='lat' dir='ltr'><strong>si</strong></span> <span class='ocrx_word' id='word_1_274' title='bbox 1011 3604 1122 3669; x_wconf 82' lang='lat' dir='ltr'><strong>suerio</strong></span> <span class='ocrx_word' id='word_1_275' title='bbox 1142 3625 1202 3668; x_wconf 84' lang='lat' dir='ltr'><strong>sua</strong></span> <span class='ocrx_word' id='word_1_276' title='bbox 1243 3675 1247 3679; x_wconf 49' lang='grc'>,</span> 
     </span>
     <span class='ocr_line' id='line_1_32' title="bbox 97 3707 1202 3794; baseline -0.002 -20"><span class='ocrx_word' id='word_1_277' title='bbox 97 3717 185 3791; x_wconf 80' lang='lat' dir='ltr'><strong>pasta</strong></span> <span class='ocrx_word' id='word_1_278' title='bbox 205 3709 278 3774; x_wconf 88' lang='lat' dir='ltr'><strong>sint</strong></span> <span class='ocrx_word' id='word_1_279' title='bbox 295 3707 394 3774; x_wconf 80' lang='lat' dir='ltr'><strong>blada</strong></span> <span class='ocrx_word' id='word_1_280' title='bbox 413 3709 471 3773; x_wconf 89' lang='lat' dir='ltr'><strong>illa</strong></span> <span class='ocrx_word' id='word_1_281' title='bbox 487 3709 548 3774; x_wconf 91' lang='lat' dir='ltr'><strong>hoo</strong></span> <span class='ocrx_word' id='word_1_282' title='bbox 569 3732 633 3774; x_wconf 90' lang='lat' dir='ltr'><strong>non</strong></span> <span class='ocrx_word' id='word_1_283' title='bbox 656 3710 720 3774; x_wconf 86' lang='lat' dir='ltr'><strong>fuit</strong></span> <span class='ocrx_word' id='word_1_284' title='bbox 742 3733 817 3775; x_wconf 90' lang='lat' dir='ltr'><strong>cum</strong></span> <span class='ocrx_word' id='word_1_285' title='bbox 839 3710 947 3774; x_wconf 81' lang='lat' dir='ltr'><strong>warda</strong></span> <span class='ocrx_word' id='word_1_286' title='bbox 967 3710 1053 3774; x_wconf 84' lang='lat' dir='ltr'><strong>faeta</strong></span> <span class='ocrx_word' id='word_1_287' title='bbox 1074 3716 1124 3773; x_wconf 89' lang='lat' dir='ltr'><strong>set</strong></span> <span class='ocrx_word' id='word_1_288' title='bbox 1144 3731 1202 3794; x_wconf 89' lang='lat' dir='ltr'><strong>per</strong></span> 
     </span>
    </p>
   </div>
   <div class='ocr_carea' id='block_1_4' title="bbox 96 3812 1332 3900">
    <p class='ocr_par' dir='ltr' id='par_1_6' title="bbox 96 3812 1332 3900">
     <span class='ocr_line' id='line_1_33' title="bbox 96 3812 1332 3900; baseline 0.001 -23"><span class='ocrx_word' id='word_1_289' title='bbox 96 3812 284 3899; x_wconf 57' lang='lat' dir='ltr'><strong>cenapium,</strong></span> <span class='ocrx_word' id='word_1_290' title='bbox 300 3821 334 3878; x_wconf 87' lang='lat' dir='ltr'><strong>et</strong></span> <span class='ocrx_word' id='word_1_291' title='bbox 350 3813 432 3877; x_wconf 89' lang='lat' dir='ltr'><strong>bene</strong></span> <span class='ocrx_word' id='word_1_292' title='bbox 448 3812 528 3878; x_wconf 86' lang='lat' dir='ltr'><strong>dicit</strong></span> <span class='ocrx_word' id='word_1_293' title='bbox 549 3813 635 3900; x_wconf 90' lang='lat' dir='ltr'><strong>quod</strong></span> <span class='ocrx_word' id='word_1_294' title='bbox 654 3815 774 3879; x_wconf 84' lang='lat' dir='ltr'><strong>fossata</strong></span> <span class='ocrx_word' id='word_1_295' title='bbox 793 3814 851 3879; x_wconf 85' lang='lat' dir='ltr'><strong>illa</strong></span> <span class='ocrx_word' id='word_1_296' title='bbox 869 3835 934 3878; x_wconf 88' lang='lat' dir='ltr'><strong>non</strong></span> <span class='ocrx_word' id='word_1_297' title='bbox 954 3822 1031 3878; x_wconf 88' lang='lat' dir='ltr'><strong>sunt</strong></span> <span class='ocrx_word' id='word_1_298' title='bbox 1054 3835 1112 3898; x_wconf 86' lang='lat' dir='ltr'><strong>per</strong></span> <span class='ocrx_word' id='word_1_299' title='bbox 1130 3812 1202 3878; x_wconf 88' lang='lat' dir='ltr'><strong>illos</strong></span> <span class='ocrx_word' id='word_1_300' title='bbox 1330 3864 1332 3867; x_wconf 86' lang='grc'>-</span> 
     </span>
    </p>
   </div>
   <div class='ocr_carea' id='block_1_5' title="bbox 95 3915 1202 4086">
    <p class='ocr_par' dir='ltr' id='par_1_7' title="bbox 95 3915 1202 4086">
     <span class='ocr_line' id='line_1_34' title="bbox 96 3915 1202 4003; baseline 0 -23"><span class='ocrx_word' id='word_1_301' title='bbox 96 3923 255 3998; x_wconf 83' lang='lat' dir='ltr'><strong>prostrata</strong></span> <span class='ocrx_word' id='word_1_302' title='bbox 285 3923 336 3980; x_wconf 88' lang='lat' dir='ltr'><strong>set</strong></span> <span class='ocrx_word' id='word_1_303' title='bbox 365 3936 424 4001; x_wconf 90' lang='lat' dir='ltr'><strong>per</strong></span> <span class='ocrx_word' id='word_1_304' title='bbox 452 3915 633 3980; x_wconf 82' lang='lat' dir='ltr'><strong>forestarios</strong></span> <span class='ocrx_word' id='word_1_305' title='bbox 661 3925 697 3981; x_wconf 91' lang='lat' dir='ltr'><strong>et</strong></span> <span class='ocrx_word' id='word_1_306' title='bbox 725 3939 784 4003; x_wconf 90' lang='lat' dir='ltr'><strong>per</strong></span> <span class='ocrx_word' id='word_1_307' title='bbox 808 3915 1096 3982; x_wconf 85' lang='lat' dir='ltr'><strong>consideracionem</strong></span> <span class='ocrx_word' id='word_1_308' title='bbox 1123 3915 1202 3981; x_wconf 88' lang='lat' dir='ltr'><strong>uiri-</strong></span> 
     </span>
     <span class='ocr_line' id='line_1_35' title="bbox 95 4019 267 4086; baseline 0.012 -2"><span class='ocrx_word' id='word_1_309' title='bbox 95 4019 267 4086; x_wconf 74' lang='lat' dir='ltr'><strong>doliorum</strong></span> 
     </span>
    </p>
   </div>
   <div class='ocr_carea' id='block_1_6' title="bbox 94 4139 1204 4516">
    <p class='ocr_par' dir='ltr' id='par_1_8' title="bbox 125 4139 1204 4204">
     <span class='ocr_line' id='line_1_36' title="bbox 125 4139 1204 4204; baseline -0.001 -13"><span class='ocrx_word' id='word_1_310' title='bbox 125 4139 375 4191; x_wconf 76' lang='lat' dir='ltr'><strong>¹Tlredelorcinnt.</strong></span> <span class='ocrx_word' id='word_1_311' title='bbox 707 4141 760 4192; x_wconf 72' lang='lat'><strong>⁶11</strong></span> <span class='ocrx_word' id='word_1_312' title='bbox 783 4141 855 4192; x_wconf 84' lang='lat' dir='ltr'><strong>there</strong></span> <span class='ocrx_word' id='word_1_313' title='bbox 870 4155 924 4192; x_wconf 77' lang='lat' dir='ltr'><strong>was</strong></span> <span class='ocrx_word' id='word_1_314' title='bbox 945 4155 962 4190; x_wconf 84' lang='lat' dir='ltr'><strong>a</strong></span> <span class='ocrx_word' id='word_1_315' title='bbox 983 4156 1052 4191; x_wconf 83' lang='lat' dir='ltr'><strong>mere</strong></span> <span class='ocrx_word' id='word_1_316' title='bbox 1067 4155 1158 4204; x_wconf 81' lang='lat' dir='ltr'><strong>esoapo</strong></span> <span class='ocrx_word' id='word_1_317' title='bbox 1175 4143 1204 4190; x_wconf 78' lang='lat' dir='ltr'><strong>ol</strong></span> 
     </span>
    </p>

    <p class='ocr_par' dir='ltr' id='par_1_9' title="bbox 123 4205 1202 4270">
     <span class='ocr_line' id='line_1_37' title="bbox 123 4205 1202 4270; baseline 0 -14"><span class='ocrx_word' id='word_1_318' title='bbox 123 4206 255 4270; x_wconf 75' lang='lat' dir='ltr'><strong>’Supply</strong></span> <span class='ocrx_word' id='word_1_319' title='bbox 266 4207 358 4256; x_wconf 76' lang='lat' dir='ltr'><strong>niclrc&#39;l.</strong></span> <span class='ocrx_word' id='word_1_320' title='bbox 676 4207 760 4257; x_wconf 84' lang='lat' dir='ltr'><strong>bessts</strong></span> <span class='ocrx_word' id='word_1_321' title='bbox 772 4207 829 4257; x_wconf 81' lang='lat' dir='ltr'><strong>isto</strong></span> <span class='ocrx_word' id='word_1_322' title='bbox 841 4205 885 4256; x_wconf 81' lang='lat' dir='ltr'><strong>the</strong></span> <span class='ocrx_word' id='word_1_323' title='bbox 895 4205 999 4256; x_wconf 84' lang='lat' dir='ltr'><strong>lnndin</strong></span> <span class='ocrx_word' id='word_1_324' title='bbox 1013 4207 1132 4269; x_wconf 85' lang='lat' dir='ltr'><strong>question</strong></span> <span class='ocrx_word' id='word_1_325' title='bbox 1148 4205 1202 4256; x_wconf 87' lang='lat' dir='ltr'><strong>this</strong></span> 
     </span>
    </p>

    <p class='ocr_par' dir='ltr' id='par_1_10' title="bbox 94 4269 1201 4400">
     <span class='ocr_line' id='line_1_38' title="bbox 123 4269 1201 4332; baseline 0 -12"><span class='ocrx_word' id='word_1_326' title='bbox 123 4269 367 4332; x_wconf 72' lang='lat' dir='ltr'><strong>⁸Dillingtonsnd</strong></span> <span class='ocrx_word' id='word_1_327' title='bbox 379 4269 529 4322; x_wconf 81' lang='lat' dir='ltr'><strong>Kimbolton</strong></span> <span class='ocrx_word' id='word_1_328' title='bbox 542 4271 625 4322; x_wconf 81' lang='lat' dir='ltr'><strong>arsin</strong></span> <span class='ocrx_word' id='word_1_329' title='bbox 675 4271 848 4322; x_wconf 83' lang='lat' dir='ltr'><strong>wouldbeno</strong></span> <span class='ocrx_word' id='word_1_330' title='bbox 863 4271 992 4321; x_wconf 83' lang='lat' dir='ltr'><strong>disseisin.</strong></span> <span class='ocrx_word' id='word_1_331' title='bbox 1026 4271 1081 4321; x_wconf 81' lang='lat' dir='ltr'><strong>&#39;I&#39;he</strong></span> <span class='ocrx_word' id='word_1_332' title='bbox 1099 4272 1201 4322; x_wconf 79' lang='lat' dir='ltr'><strong>Stntnte</strong></span> 
     </span>
     <span class='ocr_line' id='line_1_39' title="bbox 94 4333 1200 4400; baseline 0.003 -17"><span class='ocrx_word' id='word_1_333' title='bbox 94 4333 350 4400; x_wconf 76' lang='lat' dir='ltr'><strong>Hnntingdonshire.</strong></span> <span class='ocrx_word' id='word_1_334' title='bbox 675 4338 703 4386; x_wconf 82' lang='lat' dir='ltr'><strong>ot</strong></span> <span class='ocrx_word' id='word_1_335' title='bbox 729 4338 832 4386; x_wconf 84' lang='lat' dir='ltr'><strong>Merton</strong></span> <span class='ocrx_word' id='word_1_336' title='bbox 857 4334 907 4386; x_wconf 76' lang='lat' dir='ltr'><strong>has</strong></span> <span class='ocrx_word' id='word_1_337' title='bbox 934 4337 998 4386; x_wconf 88' lang='lat' dir='ltr'><strong>been</strong></span> <span class='ocrx_word' id='word_1_338' title='bbox 1024 4336 1106 4400; x_wconf 76' lang='lat' dir='ltr'><strong>lntely</strong></span> <span class='ocrx_word' id='word_1_339' title='bbox 1126 4340 1200 4399; x_wconf 63' lang='grc' dir='ltr'><strong>ραις</strong></span> 
     </span>
    </p>

    <p class='ocr_par' dir='ltr' id='par_1_11' title="bbox 94 4400 1200 4516">
     <span class='ocr_line' id='line_1_40' title="bbox 122 4400 1200 4516; baseline -0.004 -64"><span class='ocrx_word' id='word_1_340' title='bbox 122 4402 249 4516; x_wconf 48' lang='lat' dir='ltr'><strong>‘lgdmes</strong></span> <span class='ocrx_word' id='word_1_341' title='bbox 267 4401 297 4452; x_wconf 88' lang='lat' dir='ltr'><strong>ol</strong></span> <span class='ocrx_word' id='word_1_342' title='bbox 316 4401 359 4451; x_wconf 85' lang='lat' dir='ltr'><strong>the</strong></span> <span class='ocrx_word' id='word_1_343' title='bbox 376 4401 451 4452; x_wconf 85' lang='lat' dir='ltr'><strong>other</strong></span> <span class='ocrx_word' id='word_1_344' title='bbox 466 4401 624 4453; x_wconf 80' lang='lat' dir='ltr'><strong>deforciants</strong></span> <span class='ocrx_word' id='word_1_345' title='bbox 676 4402 817 4465; x_wconf 79' lang='lat' dir='ltr'><strong>seemingly</strong></span> <span class='ocrx_word' id='word_1_346' title='bbox 827 4401 902 4452; x_wconf 83' lang='lat' dir='ltr'><strong>Peter</strong></span> <span class='ocrx_word' id='word_1_347' title='bbox 913 4401 1037 4452; x_wconf 81' lang='lat' dir='ltr'><strong>hasbeen</strong></span> <span class='ocrx_word' id='word_1_348' title='bbox 1049 4400 1200 4464; x_wconf 80' lang='lat' dir='ltr'><strong>approving.</strong></span> 
     </span>
     <span class='ocr_line' id='line_1_41' title="bbox 94 4465 211 4516; baseline 0.017 -2"><span class='ocrx_word' id='word_1_349' title='bbox 94 4465 156 4514; x_wconf 83' lang='lat' dir='ltr'><strong>omit</strong></span> <span class='ocrx_word' id='word_1_350' title='bbox 203 4503 211 4516; x_wconf 92' lang='lat'><strong>.</strong></span> 
     </span>
    </p>
   </div>
   <div class='ocr_carea' id='block_1_7' title="bbox 176 4563 1114 4623">
    <p class='ocr_par' dir='ltr' id='par_1_12' title="bbox 176 4563 1114 4623">
     <span class='ocr_line' id='line_1_42' title="bbox 176 4563 1114 4623; baseline -0.002 0"><span class='ocrx_word' id='word_1_351' title='bbox 176 4576 211 4623; x_wconf 73' lang='lat' dir='ltr'><strong>M.</strong></span> <span class='ocrx_word' id='word_1_352' title='bbox 239 4575 293 4622; x_wconf 87' lang='lat'>111.</span> <span class='ocrx_word' id='word_1_353' title='bbox 1075 4563 1114 4622; x_wconf 86' lang='lat'><strong>18</strong></span> 
     </span>
    </p>
   </div>
   <div class='ocr_carea' id='block_1_8' title="bbox 0 0 1588 5075">
    <p class='ocr_par' dir='ltr' id='par_1_13' title="bbox 0 0 1588 5075">
     <span class='ocr_line' id='line_1_43' title="bbox 0 0 1588 5075; baseline 0 2"><span class='ocrx_word' id='word_1_354' title='bbox 0 0 1588 5075; x_wconf 95' lang='lat' dir='ltr'><strong> </strong></span> 
     </span>
    </p>
   </div>
  </div>
 </body>
</html>
