3167 5075
484 412 621 472 nassas,
642 409 708 461 an.
733 398 827 473 1224,
848 411 912 462 aa
935 399 964 460 8.
1236 398 1278 461 29

169 598 204 641 se
218 576 254 641 in
268 598 421 664 magnam
438 578 571 643 assisam
592 579 685 644 Dom.
702 578 803 666 Regis
824 579 860 643 in
881 578 1040 645 comitatu
1062 601 1175 645 uersus
1197 602 1281 657 eum,

167 690 205 745 et
219 680 318 746 assisa
332 683 532 748 summonita
545 691 604 760 est,
614 690 649 747 et
663 682 749 769 petit
759 683 918 749 iudicium
932 683 961 749 si
975 706 1073 770 super
1087 684 1148 749 hoc
1162 683 1282 749 debeat

166 783 210 849 de
237 786 393 851 warentia
421 786 621 873 respondere
683 788 726 851 Et
755 787 847 852 Prior
874 788 1039 874 cognoscit
1067 787 1155 874 quod
1183 788 1283 853 assisa

166 890 367 955 summonita
388 900 439 957 est
461 899 496 956 et
517 890 604 977 quod
624 890 735 977 posuit
754 913 789 956 se
809 891 949 957 inillam
964 892 1106 957 assisam.
1149 892 1195 957 Et
1209 892 1283 957 ideo

166 994 408 1059 consideratum
430 1003 481 1061 eet
503 994 590 1081 quod
611 996 712 1061 assisa
729 996 885 1082 procedat
904 995 939 1062 in
959 998 1127 1075 comitatu,
1141 1004 1176 1061 et
1195 996 1282 1083 quod

165 1096 327 1182 placitum
341 1098 496 1163 warentia
510 1098 703 1165 remancat¹.
747 1100 793 1165 Et
807 1099 882 1165 ideo
896 1100 966 1165 sine
981 1100 1034 1165 die
1049 1108 1110 1166 etc.

107 1248 114 1261 .
234 1201 335 1288 Hugo
350 1202 380 1267 le
395 1203 489 1289 Heyr
501 1203 603 1290 peciit
616 1202 652 1267 in
666 1202 826 1268 comitatu
846 1224 960 1268 uersus
982 1204 1163 1269 Robertum
1176 1202 1281 1268 filium

165 1303 313 1391 Philippi
338 1306 477 1393 triginta
501 1329 562 1372 acr.
586 1314 672 1371 tene
699 1328 773 1370 cum
798 1306 940 1392 pertin
966 1305 1141 1371 Bolehurst
1165 1314 1205 1371 ut
1230 1304 1282 1371 ius

164 1431 274 1486 suum,
289 1408 377 1475 unde
392 1410 597 1475 Thurstanus
611 1432 693 1475 auus
707 1433 785 1475 suus
800 1410 865 1475 fuit
879 1410 1009 1476 saisitus
1029 1420 1068 1476 ut
1082 1410 1123 1476 de
1137 1410 1231 1476 feodo
1247 1418 1282 1476 et

162 1512 238 1578 iure
268 1521 303 1578 et
332 1513 367 1578 in
396 1513 557 1579 dominico
585 1522 732 1601 tempore
762 1514 805 1579 Η
836 1514 937 1602 Regis
965 1513 1021 1579 aui
1055 1514 1149 1581 Dom.
1180 1514 1282 1601 Regis
1327 1574 1333 1587 ,

163 1617 326 1703 capiendo
353 1616 431 1683 inde
460 1618 593 1704 expleta
627 1618 670 1684 ad
705 1618 887 1685 ualenciam
923 1642 954 1684 v.
982 1619 1037 1684 sol.
1068 1627 1138 1697 etc,
1168 1625 1204 1684 et
1239 1618 1281 1683 de

164 1722 352 1786 Thurstano
367 1721 534 1786 descendit
553 1722 605 1786 ius
626 1730 712 1787 tene
732 1721 822 1786 illius
841 1722 1002 1788 Giliberto
1022 1722 1089 1788 lilio
1108 1744 1176 1800 suo,
1190 1729 1226 1786 et
1239 1721 1281 1786 de

165 1824 329 1891 Giliborto
344 1825 421 1891 huic
437 1826 572 1912 Hugoni
586 1834 626 1890 ut
640 1825 708 1890 filio
723 1834 757 1889 et
772 1825 886 1891 heredi
900 1848 968 1904 suo,
981 1834 1017 1891 et
1031 1826 1118 1913 quod
1133 1826 1199 1891 tale
1217 1826 1282 1891 fuit

167 1930 222 1995 ius
236 1953 333 1996 suum
350 1931 472 2017 optulit
486 1930 621 2017 probare
635 1952 694 2016 per
708 1952 824 2017 corpus
842 1929 1012 1995 cuiusdam
1032 1930 1127 1994 liben'
1140 1928 1280 1995 hominis

165 2034 220 2101 sui
236 2036 442 2121 Stephanum
458 2034 611 2100 (lembus
627 2035 683 2121 qui
697 2034 758 2100 hoc
773 2036 869 2100 offert
883 2043 944 2100 etc.
959 2034 1044 2101 sicut
1058 2033 1099 2099 de
1114 2034 1189 2099 uisu
1203 2056 1269 2099 sno.
1326 2104 1329 2109 ,

234 2140 278 2204 Et
292 2140 456 2205 Rohertus
470 2138 565 2204 uenit
579 2160 686 2203 coram
700 2138 887 2203 iusticiariis
901 2146 937 2204 et
951 2137 1098 2203 defendit
1112 2137 1163 2203 ius
1182 2159 1279 2203 suum

163 2244 253 2309 sicut
267 2243 358 2329 psius
371 2242 518 2309 defendit
532 2242 568 2307 in
583 2241 741 2307 comitatu
755 2264 946 2329 percorpus
960 2264 1057 2307 suum
1072 2249 1107 2306 et
1126 2240 1278 2306 seiainam

164 2348 345 2413 'lhurstani
356 2356 391 2413 et
402 2356 510 2413 totum
522 2355 581 2412 etc
594 2353 629 2412 et
639 2346 733 2411 uenit
743 2353 889 2411 amatus
899 2353 935 2410 et
948 2345 1096 2411 concedit
1110 2344 1278 2411 recordum

165 2449 258 2538 quod
286 2449 374 2515 idem
404 2449 505 2538 Hugo
533 2449 744 2515 recordaturi
803 2450 847 2514 Et
880 2448 970 2514 ideo⁸
998 2449 1099 2538 Hugo
1128 2448 1280 2515 similiter

162 2556 331 2644 cognoscit
352 2556 520 2621 recoidum
544 2554 631 2642 qnod
653 2555 741 2621 idem
767 2555 931 2620 Robertus
956 2555 1035 2620 facit
1059 2555 1124 2620 nisi
1146 2563 1278 2620 tantum

164 2659 256 2748 quod
280 2659 361 2724 dicit
387 2658 473 2745 quod
498 2667 576 2722 sunt
600 2657 640 2724 de
666 2681 732 2724 uno
755 2658 869 2744 stipite
893 2666 928 2724 et
953 2658 1066 2744 incip'‘
1090 2659 1278 2746 progeniem

164 2785 262 2829 suam
277 2771 355 2826 ante
369 2768 500 2847 tempus
514 2759 691 2825 Thurstani
706 2767 740 2826 et
754 2759 796 2825 de
811 2761 1000 2826 antecessor’
1016 2760 1201 2826 Thnrstani.

233 2867 280 2932 Et
306 2865 469 2931 Robertus
494 2864 640 2930 defendit
663 2865 864 2951 parentelam
892 2873 927 2930 et
951 2863 1033 2929 dicit
1061 2864 1148 2950 quod
1177 2864 1277 2929 nichil

161 2968 243 3035 inde
259 2969 404 3034 locutum
418 2967 483 3032 fuit
496 2967 532 3033 in
546 2967 704 3033 comitatu
719 2975 778 3033 etc.

231 3075 278 3138 Et
292 3072 370 3160 quia
384 3073 484 3159 Hugo
504 3072 649 3158 loquitur
667 3070 709 3136 de
729 3071 849 3136 saisina
867 3069 1045 3136 Thnrstani
1063 3070 1152 3157 post'
1171 3071 1277 3157 capud

162 3177 290 3264 stipitis
304 3176 542 3242 consideratum
557 3183 608 3240 est
622 3176 709 3262 quod
723 3174 870 3241 duellum
884 3174 1046 3262 procedat.

231 3283 277 3346 Et
298 3281 386 3347 idem
408 3281 572 3346 Robertus
593 3281 672 3346 fecit
693 3291 932 3346 sacramentum
953 3303 1050 3346 snum
1072 3288 1184 3346 contra
1204 3303 1277 3367 pre-

162 3386 293 3452 dictum
308 3383 536 3471 Stephanum⁸,
548 3392 583 3450 et
598 3384 772 3450 cumidem
787 3385 976 3472 Stephanus
990 3384 1107 3450 debuit
1121 3385 1227 3449 iurare
1241 3393 1277 3448 et

160 3491 305 3557 iurasset
320 3489 429 3554 omnia
442 3489 544 3554 uerba
557 3488 659 3555 duelli
674 3512 776 3576 usqne
791 3489 833 3555 ad
853 3489 962 3555 uisum
983 3496 1068 3553 terre
1087 3487 1147 3553 ubi
1160 3487 1277 3554 debuit

162 3594 272 3660 dicere
288 3591 375 3679 quod
388 3592 475 3657 uidit
488 3591 672 3678 predictum
688 3593 910 3658 Thurstanum
928 3592 1079 3657 seisitum
1098 3591 1183 3656 sicut
1203 3613 1275 3677 pre-

160 3699 292 3765 dictum
306 3705 357 3763 est
371 3697 459 3762 idem
474 3696 663 3783 Stephanus
676 3696 761 3762 dixit
776 3695 863 3783 qnod
878 3697 938 3761 hoc
952 3695 1059 3760 noluit
1077 3694 1184 3760 iurare
1198 3695 1277 3781 qnia

164 3803 226 3869 hoc
255 3824 321 3867 non
350 3801 437 3866 uidit
466 3801 590 3867 scilicet
618 3801 726 3887 ipsum
755 3801 978 3866 Thurstanum
1007 3799 1154 3865 seisitum
1191 3800 1276 3866 sicut

196 4031 323 4080 ¹Gf.Br.
336 4030 355 4081 f.
368 4031 470 4092 39954.
746 4029 891 4092 Thumtan,
915 4029 944 4080 in
967 4029 1041 4082 order
1060 4034 1088 4082 to
1109 4045 1187 4095 prove
1214 4047 1274 4082 con·
1382 4050 1386 4055 ”

197 4094 695 4158 ¹Thisun0tab103thetenmtwagss
746 4095 907 4158 sanguinity.
938 4096 976 4146 Aa
998 4100 1026 4147 to
1047 4096 1102 4146 this
1119 4111 1162 4146 seo
1179 4097 1272 4148 Glanv.

165 4161 248 4277 paple
264 4160 293 4210 in
309 4174 411 4224 mon·
448 4159 600 4212 soefflm
613 4161 694 4224 ,Μ’
746 4161 792 4257 ubl
803 4159 1001 4287 2Iitiiilioouuts
1022 4239 1058 4275 on
1077 4226 1123 4276 the
1144 4225 1225 4276 asisin
1246 4227 1276 4276 of

182 4262 299 4342 ⁸³'Cosa
310 4293 385 4340 idem.
747 4289 880 4341 Thurstan
896 4289 955 4341 who
971 4306 1044 4342 came
1059 4293 1128 4342 altor
1143 4290 1189 4341 the
1204 4307 1273 4341 com-

198 4355 356 4419 ⁴Probably
373 4357 475 4419 incipit.
508 4355 550 4406 He
566 4370 625 4406 now
647 4355 696 4406 has
746 4371 809 4405 mon
820 4360 949 4408 ancaator.

168 4435 284 4473 sacoaras
295 4426 324 4471 to
335 4435 370 4471 an
381 4425 500 4472 ancestor
510 4427 621 4472 rcmotcr
630 4419 696 4472 man
777 4421 790 4456 ⁸
806 4421 995 4472 Demandaut’s
1005 4420 1154 4485 chammon.
