3167 5075
524 427 588 475 sn.
615 413 708 484 1221,
730 425 793 472 nn.
819 415 847 473 5.
1174 409 1239 476 713

130 601 175 667 Et
200 599 341 666 Thomas
367 599 523 665 concessit
545 597 684 662 assisam.
735 597 758 662 J
760 605 903 661 oratores
925 597 1039 662 dicunt
1062 597 1148 684 quod
1170 599 1238 683 ipse

129 728 196 770 non
232 703 409 770 disseisiuit
445 725 500 766 cos
535 701 614 786 quia
647 698 710 785 ipsi
744 722 912 784 nunquam
947 701 1134 765 habuerunt
1163 701 1238 766 inde

129 808 290 886 seisinam,
309 817 360 873 set
382 807 453 892 ipsa
475 805 623 870 Dionisia
644 827 758 868 reuera
779 804 888 890 aliquo
910 813 1056 890 ternpore
1079 807 1143 869 suit
1163 828 1238 869 cum

129 919 233 992 matre
254 932 314 989 sua
335 909 427 974 cuius
448 907 506 972 dos
528 915 615 971 terra
636 907 693 971 ilia
713 906 784 983 fuit,
800 907 857 971 sed
876 915 915 970 ut
936 906 978 972 de
1000 909 1094 973 feodo
1114 910 1238 973 nullam

129 1015 279 1080 seisinam
303 1014 379 1078 inde
406 1013 598 1087 habuerunt.
646 1012 690 1075 Et
715 1011 789 1076 ideo
815 1011 1052 1076 consideratum
1079 1013 1238 1098 estquod

130 1128 184 1182 eat
199 1117 276 1182 inde
291 1117 359 1182 sine
374 1116 427 1181 die
444 1126 477 1180 et
492 1115 630 1202 predicti
645 1116 785 1180 Thomas
800 1124 836 1180 et
850 1117 999 1180 Diouisia
1011 1116 1047 1179 in
1062 1116 1239 1180 misericor-

129 1221 185 1286 dia
199 1228 260 1285 etc.

65 1320 89 1377 ⁷·
195 1321 307 1386 Assisa
335 1321 429 1386 uenit
457 1321 664 1407 recognitura
692 1321 720 1386 si
749 1321 917 1386 Johaunes
946 1320 1063 1406 Dagod
1092 1331 1126 1386 et
1156 1322 1239 1386 tales

129 1427 252 1492 iniuste
272 1433 331 1491 etc.
349 1425 596 1490 disseisiuerunt
616 1425 801 1490 Johannem
821 1426 863 1490 de
883 1425 1070 1492 Brimstona
1089 1425 1131 1490 de
1152 1449 1237 1491 com·

129 1553 232 1596 muna
256 1539 388 1616 pasture
414 1553 471 1594 sue
497 1529 532 1593 in
563 1530 732 1594 Brimtona
761 1551 825 1615 que
854 1531 999 1615 pertinet
1027 1530 1069 1594 ad
1099 1530 1237 1594 liberum

129 1643 356 1701 tenementum
371 1657 466 1699 suum
482 1634 516 1697 in
533 1634 646 1698 eadem
661 1633 743 1698 uilla
756 1632 841 1697 inira
855 1642 915 1701 ete.
960 1635 1005 1697 Et
1019 1633 1082 1719 ipsi
1097 1633 1242 1697 ueniunt
1250 1638 1327 1674 ‘'⁰¹¹2'‘
1335 1647 1382 1674 ⁰⁰¹¹·
1456 1631 1461 1637 ’

1250 1684 1379 1722 stitutionem

129 1747 166 1804 et
188 1739 370 1804 concedunt
391 1738 532 1802 assisam.
578 1737 601 1802 J
602 1746 747 1802 uratores
768 1737 884 1802 dicunt
906 1738 992 1824 quod
1014 1761 1129 1802 reuera
1149 1738 1236 1802 idem
1250 1728 1401 1770 “dmi

127 1844 298 1910 Johannes
319 1842 493 1907 assartauit
515 1841 690 1928 quamdam
712 1849 839 1927 partem
865 1842 953 1906 bosci
978 1842 1036 1907 ubi
1062 1842 1132 1927 ipse
1154 1843 1238 1906 solet
1316 1877 1319 1882 ·

129 1947 250 2012 habere
270 1967 474 2011 communem
495 1966 588 2009 suam
609 1944 736 2008 circiter
750 1944 832 2009 duas
846 1967 936 2009 acras
950 1952 985 2008 ct
1000 1944 1075 2008 dim.
1092 1945 1134 2009 de
1148 1967 1239 2008 mora

119 2055 164 2116 'et
186 2050 259 2114 illes
282 2050 359 2114 fecit
380 2049 554 2126 includere,
576 2057 627 2113 set
649 2048 729 2113 alibi
750 2056 860 2134 potest
886 2047 1005 2113 habere
1030 2070 1236 2112 communem

126 2153 252 2241 ubique
266 2155 301 2219 in
316 2155 411 2219 bosco
425 2163 586 2240 quantum
600 2151 745 2238 pertinet
764 2151 807 2216 ad
827 2159 1052 2216 tenementum
1067 2175 1164 2216 suum
1176 2161 1235 2216 etc

127 2258 208 2323 Post
221 2256 315 2322 uenit
330 2265 364 2320 et
378 2256 515 2320 retraxit
529 2279 563 2319 se
579 2263 639 2320 etc.

78 2411 84 2424 .
194 2361 307 2426 Assisa
336 2361 428 2425 uenit
458 2361 664 2446 recognitum
692 2349 720 2424 si
749 2359 867 2424 Petrus
900 2359 940 2423 de
978 2359 1237 2445 Durantestorpe

126 2465 251 2531 iniuste
266 2473 326 2532 etc
342 2463 520 2529 disseisiuit
540 2465 705 2551 Rogerum
727 2463 846 2530 Cheles
864 2463 906 2528 de
926 2463 1027 2529 libero
1049 2472 1237 2530 tenemento

126 2592 188 2635 suo
202 2568 238 2633 in
253 2568 361 2633 Pania
374 2568 542 2632 Rideuare
557 2568 643 2632 infra
657 2576 717 2632 etc.

196 2673 240 2736 Et
251 2672 367 2736 Petrus
379 2671 472 2735 uenit
484 2679 518 2735 et
530 2670 610 2735 dicit
622 2671 708 2755 quod
719 2670 848 2734 nullum
860 2669 999 2736 liberum
1011 2680 1237 2738 tenementum

126 2776 247 2841 habuit
261 2774 296 2839 in
311 2774 423 2839 eadem
441 2773 527 2849 uilla
544 2780 577 2837 et
592 2772 669 2837 inde
683 2774 776 2857 ponit
791 2794 827 2837 se
841 2795 939 2859 super
952 2774 1094 2841 assisam.

195 2881 364 2946 Juratores
389 2879 502 2944 dicunt
528 2877 615 2963 quod
644 2876 777 2963 quidam
807 2877 970 2942 Robertus
1000 2878 1117 2945 Cheles
1145 2880 1239 2943 cuius

129 2984 293 3049 hereditas
315 2991 402 3047 terre
422 2982 479 3046 illa
497 2981 562 3045 fuit
581 3004 655 3045 cum
677 2981 838 3045 laboraret
858 2979 893 3043 in
908 2982 1062 3046 extremis
1076 2983 1237 3047 commisit

128 3097 250 3153 tenum
266 3086 355 3150 illam
370 3084 497 3171 Rogero
513 3084 554 3148 de
570 3082 688 3149 Cheles
702 3083 795 3147 fratri
815 3106 874 3147 suo
893 3084 1013 3148 iuniori
1034 3085 1069 3148 in
1091 3085 1239 3150 custodia

127 3215 205 3257 cum
220 3189 329 3277 pueris
343 3188 411 3253 suis
425 3187 482 3273 qui
497 3196 577 3251 tnnc
592 3188 725 3251 fuerunt
739 3187 826 3251 infra
845 3195 976 3261 etatem,
992 3196 1028 3252 et
1041 3210 1080 3252 eo
1094 3189 1238 3252 Roberto

127 3297 284 3361 defuncto
298 3293 454 3358 remansit
469 3300 556 3357 terra
569 3292 627 3355 illa
641 3292 703 3377 ipsi
719 3292 846 3376 Rogero
861 3291 896 3355 in
911 3292 1059 3356 custodia
1074 3292 1132 3377 qui
1146 3291 1236 3356 illam

127 3398 248 3464 tenuit.
280 3397 397 3461 Postea
411 3417 489 3460 uero
503 3395 632 3481 quando
647 3394 741 3480 pueri
755 3394 891 3459 Roberti
906 3395 1015 3460 fratris
1028 3396 1238 3482 primogeniti

126 3502 316 3567 habuerunt
342 3508 464 3565 etatem
490 3498 623 3563 iuerunt
649 3497 903 3583 perquirerem,
930 3508 964 3563 et
992 3499 1062 3584 ipse
1091 3501 1239 3587 Rogerus

125 3624 257 3689 semper
282 3600 438 3667 remansit
463 3600 499 3665 in
525 3600 644 3665 seisina
668 3623 771 3686 usque
798 3601 840 3666 ad
865 3601 992 3666 obitum
1013 3625 1118 3680 suum,
1141 3613 1177 3668 et
1200 3627 1238 3669 eo

125 3707 283 3774 defuncto
304 3705 461 3771 remansit
483 3704 601 3769 seisina
623 3713 708 3768 terre
730 3705 820 3769 illius
841 3704 897 3769 isti
923 3706 1050 3791 Rogero
1073 3730 1132 3792 per
1156 3708 1239 3773 duas

125 3819 287 3887 nestoras,
308 3817 342 3873 et
362 3818 442 3873 tunc
465 3808 556 3872 uenit
578 3808 640 3872 iste
664 3808 780 3873 Petrus
802 3819 841 3873 ut
862 3809 1010 3895 capitalis
1032 3810 1182 3876 dominus
1204 3822 1239 3877 et

125 3936 207 3980 eum
222 3911 318 3977 eiecit
332 3920 367 3975 et
382 3910 491 3996 posuit
506 3910 589 3974 filios
603 3910 742 3996 predicti
757 3911 894 3976 Reberti
908 3911 1016 3977 fratris
1030 3913 1238 4000 primogeniti

123 4016 163 4081 in
180 4014 330 4079 seisinem
348 4021 432 4077 terre
448 4012 543 4077 illius.
590 4012 633 4076 Et
648 4012 722 4077 ideo
737 4013 977 4079 consideratum
998 4025 1048 4079 est
1067 4016 1153 4101 quod
1174 4038 1238 4081 non

124 4118 307 4184 disseisiuit
318 4117 425 4203 ipsum
436 4116 557 4181 iniuste
571 4116 648 4201 quia
659 4116 798 4181 liberum
810 4125 1036 4183 tenementum
1046 4142 1110 4184 non
1122 4120 1238 4186 habuit

125 4234 191 4291 etc.

162 4385 312 4447 ¹Alluding
322 4386 349 4435 oi
360 4400 449 4435 course
461 4388 487 4434 to
500 4384 660 4447 thaohapter
711 4384 756 4434 the
783 4384 898 4447 plaintffl
924 4384 1079 4437 withdrsws.
1124 4386 1188 4437 This
1216 4387 1239 4439 is

124 4452 255 4514 touching
263 4454 457 4514 approvement.
481 4451 591 4501 Observe
601 4452 658 4501 that
710 4451 777 4499 riu.
790 4455 888 4509 Omma,
899 4454 941 4501 26.
