3167 5075
311 416 429 476 comm
450 425 549 487 rnen,
572 424 636 477 in.
661 408 819 487 1236-7,
841 425 903 476 cu
928 412 976 474 21.
1131 406 1194 476 227

113 594 238 681 quantur
259 596 351 662 Dom.
367 594 491 684 Regem
515 604 549 661 et
570 595 656 683 quod
681 596 783 683 aliqui
802 604 1069 661 summoneautur
1088 616 1192 661 comm

112 702 190 766 Dom.
214 702 301 789 Rege
331 701 371 766 de
401 696 565 766 communi
595 701 715 787 placito
741 700 843 767 etad
873 701 979 767 locum
1008 700 1193 767 incertum¹.

112 804 148 867 Et
162 804 252 889 Hugo
265 826 323 890 per
337 812 539 869 attornatum
560 826 656 869 suum
676 816 710 869 et
731 803 787 869 elii
807 797 923 868 dicunt
942 805 1028 890 quod
1049 804 1109 867 hoc
1130 826 1195 866 non

110 907 194 972 debet
216 908 261 973 eis
283 930 397 973 nocere
421 908 499 995 quio
522 908 680 994 placitum
705 908 796 973 istud
821 918 871 974 est
896 910 1063 995 inceptum
1089 931 1194 973 coram

110 1010 189 1077 Dom
213 1013 302 1100 Rege
326 1013 451 1099 etipse
476 1012 592 1078 Comes
616 1035 722 1077 coram
746 1014 839 1078 Doni
863 1013 954 1099 Rege
976 1014 1055 1079 eliae
1077 1014 1113 1078 in
1136 1014 1196 1078 hoc

109 1116 213 1201 placito
233 1116 399 1203 respondit
423 1116 492 1181 eine
516 1116 576 1181 hoc
599 1114 686 1202 quod
709 1116 800 1181 istud
823 1117 972 1194 obiceret,
993 1125 1028 1181 et
1047 1117 1196 1203 quemuis
1316 1113 1319 1118 ’

110 1220 276 1285 communia
303 1220 423 1307 placita
446 1220 680 1305 prohibeantur
703 1218 789 1305 quod
812 1241 877 1283 non
901 1229 1079 1306 sequantur
1102 1221 1196 1285 Dom.

109 1323 226 1409 Regem,
240 1346 307 1389 non
321 1324 469 1410 sequitur
482 1330 614 1409 propter
634 1322 694 1387 hoe
715 1322 795 1408 quin
814 1322 924 1409 aliqua
942 1325 1063 1410 placita
1086 1325 1197 1412 singu-

108 1427 177 1493 laria
202 1436 381 1515 sequantur
408 1428 517 1513 ipsum
547 1426 639 1491 Dom.
665 1426 798 1513 Regem,
825 1436 859 1491 et
888 1435 1008 1514 petunt
1031 1428 1195 1493 iudicium.

108 1532 175 1597 Dice
202 1533 300 1598 datus
328 1540 378 1597 est
407 1530 454 1596 eis
483 1530 558 1595 talis
588 1538 647 1595 etc.
672 1552 778 1594 eoram
808 1531 902 1595 Dom.
929 1531 1019 1617 Rege
1049 1540 1088 1597 ut
1117 1540 1197 1597 tunc

108 1642 250 1701 tractetur
279 1635 321 1700 de
346 1656 425 1721 pace
448 1634 535 1698 inter
558 1655 612 1698 eos
635 1640 669 1697 ct
693 1632 721 1697 si
744 1640 824 1698 tunc
848 1634 934 1697 inter
957 1656 1011 1699 eos
1034 1657 1098 1699 non
1122 1658 1195 1699 con-

107 1740 227 1818 uenerit,
249 1738 404 1827 procedat
428 1737 556 1823 loquela
578 1737 665 1801 inter
688 1759 742 1801 eos
765 1737 801 1801 in
824 1737 937 1802 eodem
961 1746 1051 1803 stetu
1074 1739 1109 1803 in
1132 1762 1197 1825 quo

106 1862 181 1905 nunc
195 1851 243 1907 est
259 1841 339 1907 ete*

47 1942 76 2007 lt.
160 1944 342 2010 Willelmus
370 1944 411 2009 de
441 1943 595 2009 Ferrariis
621 1942 706 2029 petit
732 1965 845 2008 uersus
870 1944 1069 2009 dohannem⁸
1092 1944 1197 2009 filium
1268 1962 1282 1991 ⁰

105 2045 228 2113 Galliidi
242 2048 333 2135 quod
347 2048 445 2113 faciat
460 2047 491 2112 ei
506 2048 755 2113 consuetudines
769 2056 804 2112 et
819 2056 908 2113 recta
927 2049 1063 2115 seruicia
1082 2072 1145 2136 que
1166 2050 1197 2114 ei

105 2152 195 2217 lacere
214 2154 316 2219 debet
336 2153 376 2217 de
397 2152 498 2218 libero
518 2160 705 2217 tenemento
729 2174 787 2217 suo
811 2152 898 2239 quod
921 2152 962 2219 de
986 2176 1024 2218 eo
1048 2161 1140 2219 tenet
1162 2152 1197 2218 in

104 2254 176 2343 Pery
196 2266 231 2323 ct
252 2258 342 2323 unde
365 2256 553 2343 dicitquod
576 2279 650 2321 cum
673 2257 790 2321 debeat
813 2256 907 2322 eide
930 2264 1117 2322 tenemento
1142 2258 1199 2322 illo

104 2361 264 2426 seruicium
282 2362 382 2427 tercie
402 2362 504 2447 portis
525 2360 622 2425 unius
641 2360 756 2425 militis
775 2383 841 2424 nou
861 2361 936 2425 uult
956 2360 989 2426 ei
1011 2362 1113 2426 locere
1135 2360 1199 2425 nisi

103 2475 239 2550 quartam
254 2475 393 2554 partem,
408 2474 443 2530 et
458 2473 606 2552 preterca
620 2486 694 2528 cum
709 2462 829 2529 debeat
848 2465 952 2530 facere
971 2465 1199 2530 racionabilem

103 2579 212 2634 sectum
242 2570 285 2636 de
317 2567 430 2634 eodem
460 2576 648 2634 tenemento
677 2567 719 2632 ad
748 2567 871 2632 curiam
901 2590 993 2633 suem
1022 2591 1080 2654 pro
1105 2569 1199 2633 affor-

103 2674 252 2740 ciameuto
278 2673 368 2738 curie
391 2681 425 2738 et
448 2695 506 2759 pro
529 2673 602 2737 uisu
627 2671 728 2736 frenci
752 2671 853 2757 plegii
873 2672 943 2757 ipse
965 2681 1087 2738 sectam
1108 2673 1199 2737 illem

103 2775 128 2839 ci
142 2777 240 2842 lacere
261 2775 464 2853 oontmdicit,
479 2784 514 2840 et
533 2776 582 2840 ita
600 2774 688 2861 quod
708 2797 773 2840 non
793 2782 845 2840 est
863 2775 969 2841 lactus
988 2777 1078 2842 uisus
1098 2777 1199 2842 franci

102 2879 191 2966 plegii
209 2903 271 2946 nee
292 2881 328 2945 in
349 2879 438 2945 curia
459 2901 518 2944 sue
536 2901 597 2944 nec
617 2879 719 2948 eciam
738 2901 797 2965 per
816 2878 1048 2958 uioecomitem‚
1063 2889 1098 2946 et
1112 2881 1199 2946 unde

102 2981 308 3051 deterioratus
331 2992 381 3049 est
403 2983 444 3048 ed
466 2983 645 3048 uolenciam
664 2982 688 3069 j.
705 3005 811 3048 meroe
833 2983 931 3048 etad
953 2982 1133 3048 ualenciom
1148 3007 1199 3050 xx.

102 3088 148 3152 eol.
163 3111 219 3174 pro
234 3088 427 3154 detencione
444 3087 672 3174 scutagiorum,
687 3094 722 3151 et
736 3087 824 3152 unde
839 3086 1020 3174 dicitquod
1040 3087 1104 3152 luit
1122 3086 1199 3152 inde

101 3189 130 3254 in
143 3192 260 3257 neieina
273 3200 309 3257 et
324 3190 469 3277 loquitur
483 3188 524 3255 de
538 3189 657 3255 seisine
672 3211 731 3254 sue
744 3191 881 3276 propria.

159 3297 202 3362 Et
226 3297 397 3362 ‚Iohannes
422 3295 516 3359 uenit
542 3302 577 3360 et
602 3293 766 3381 cognoscit
791 3293 878 3380 quod
903 3293 1002 3359 debet
1026 3292 1199 3359 seruioium

101 3399 191 3464 tercie
215 3399 321 3486 partie
346 3397 445 3462 unius
468 3396 583 3461 militie
607 3405 642 3461 et
666 3396 807 3461 libenter
832 3395 864 3460 ei
887 3395 992 3462 faciet.
1036 3396 1087 3460 De
1112 3403 1201 3460 secta

102 3521 171 3566 uero
192 3503 236 3568 ad
260 3501 385 3568 curiam
407 3509 442 3566 et
464 3500 505 3565 de
527 3499 601 3565 uisu
624 3499 724 3564 franci
746 3498 847 3586 plegii
868 3498 948 3564 dicit
969 3498 1056 3585 quod
1077 3498 1200 3562 nullam

101 3613 214 3671 sectam
238 3605 270 3670 ei
293 3604 393 3670 debet
415 3603 493 3690 quia
514 3625 628 3669 reuera
649 3603 700 3669 W.
724 3603 841 3669 Comes
866 3602 907 3668 de
933 3602 1086 3668 Ferrariis
1108 3611 1202 3688 peter

102 3702 195 3789 ipsius
208 3705 368 3772 Willelmi
382 3705 476 3771 dedit
490 3714 716 3771 tenementum
730 3705 814 3770 illud
833 3705 961 3771 cuidam
980 3705 1121 3770 Radulfo
1134 3706 1202 3771 filio

102 3808 256 3896 Stephani
279 3813 313 3877 in
341 3810 539 3877 escambium
568 3811 736 3876 cuiusdam
762 3817 848 3876 terre
871 3811 906 3876 in
930 3811 1116 3877 Stanfordio
1138 3833 1202 3897 que

102 3910 196 3979 libera
217 3915 281 3980 fuit
299 3925 335 3982 et
355 3916 479 3980 nullam
499 3923 620 3980 sectam
641 3913 756 3980 debuit
775 3937 835 3980 nec
854 3915 961 3979 uisum
981 3915 1083 3980 franci
1102 3915 1203 4002 plegii

131 4126 140 4158 ¹
156 4127 210 4178 The
228 4130 310 4180 words
327 4131 356 4180 of
374 4129 417 4181 the
434 4129 544 4180 Ghurter
561 4145 621 4181 ere:
674 4132 745 4192 1237,
765 4146 794 4180 co
813 4131 949 4194 judgmcnt
967 4145 1027 4195 may
1045 4147 1123 4181 never
1138 4131 1203 4183 hore

100 4193 254 4244 Communia
277 4195 374 4258 placita
400 4211 455 4244 non
482 4201 623 4257 sequuntur
673 4196 737 4246 been
748 4195 833 4258 given.
867 4197 931 4248 Mat.
943 4197 1001 4247 Pur.
1011 4198 1061 4245 vol.
1072 4200 1095 4255 3,
1107 4213 1134 4261 p.
1145 4200 1201 4250 394.

101 4257 195 4308 curiam
223 4265 339 4310 nostrum
365 4264 405 4311 set
432 4264 571 4311 teneantur
594 4261 622 4309 in
674 4261 919 4311 ThieoceeisFitz.
931 4263 1025 4324 Briese,
1037 4265 1094 4311 881.

101 4322 184 4384 uiqtm
203 4327 274 4374 certe
292 4325 357 4376 loeo.
393 4325 509 4376 Stetutes
531 4327 559 4376 ol
580 4325 624 4376 the
706 4327 820 4376 ’cmm
840 4329 980 4376 rotantem
1001 4329 1031 4375 de
1053 4329 1201 4386 delenirem,

101 4387 196 4446 Renlm,
207 4389 259 4438 vol.
271 4391 293 4448 1,
305 4405 331 4453 p.
344 4391 382 4442 10.
675 4391 730 4442 MS.

130 4453 229 4502 ²John
252 4455 313 4504 lterl
334 4457 362 4504 of
388 4455 493 4506 Gheeter
515 4455 574 4506 died
596 4455 624 4506 in

1009 4557 1115 4618 let-2
