3167 5075
340 418 381 481 54
641 426 793 488 ramur,
816 424 882 474 an.
906 411 1004 486 ml,-
1023 425 1085 473 aa
1110 413 1138 473 8.

339 602 458 669 habere
480 599 598 667 debeat
619 597 800 665 custodiam
821 596 1001 663 secundum
1023 597 1130 684 legem
1152 603 1238 663 tene
1259 595 1352 663 illam
1373 620 1449 684 per-

340 704 456 789 quirat.
550 702 552 709 ’

209 810 303 873 1014.
405 806 545 871 Thomas
560 804 646 869 filius
659 804 819 869 Willelmi
834 804 874 869 de
890 804 1075 870 Blakeuilla
1088 803 1308 870 summonitus
1321 804 1386 869 fuit
1406 804 1450 869 ad

220 908 286 948 Μ·
340 906 598 995 respondendum
622 906 786 971 Willelmo
816 907 883 972 filio
913 907 1069 973 Willelmi
1098 908 1140 973 de
1170 908 1356 973 Blakeuilla
1385 930 1452 993 quo

340 1020 482 1079 waranto
497 1034 531 1076 se
546 1019 640 1076 tenet
654 1009 689 1075 in
703 1009 830 1077 duabus
844 1011 994 1096 partibus
1007 1011 1094 1077 feodi
1103 1012 1128 1097 3.
1144 1012 1260 1077 militis
1273 1034 1349 1077 cum
1365 1020 1451 1097 pert.

341 1118 376 1183 in
392 1117 533 1185 Saldena
547 1115 634 1181 unde
649 1114 815 1201 predictus
829 1116 1013 1181 Willelmus
1032 1124 1126 1202 pater
1146 1139 1225 1182 suus
1246 1116 1339 1181 cuius
1357 1114 1454 1181 heres

342 1224 411 1309 ipse
427 1230 477 1287 est
493 1221 556 1286 fuit
571 1220 701 1285 seisitns
716 1242 800 1284 anno
815 1227 849 1284 et
864 1219 918 1284 die
933 1242 997 1306 quo
1012 1219 1103 1285 obiit.

408 1328 454 1391 Et
467 1326 607 1391 Thomas
622 1322 715 1389 uenit
729 1330 764 1388 et
779 1323 942 1410 cognoscit
957 1323 1040 1387 bene
1056 1322 1143 1409 quod
1157 1323 1341 1389 Willelmus
1355 1332 1453 1410 pater

344 1453 422 1497 suus
444 1428 525 1493 obiit
547 1426 686 1504 saisitus,
708 1434 758 1491 set
780 1426 867 1491 idem
889 1427 1030 1491 Thomas
1050 1435 1102 1491 est
1123 1427 1211 1492 filius
1231 1450 1310 1493 suus
1329 1428 1454 1513 primo-

344 1534 476 1621 genitus
497 1540 531 1596 et
553 1532 647 1596 heres
668 1528 958 1616 ipsius'Willelmi‚
979 1539 1015 1595 et
1038 1530 1111 1596 ideo
1136 1537 1229 1595 tenet
1250 1553 1284 1595 se
1306 1532 1343 1596 in
1364 1541 1455 1597 terra

344 1638 409 1703 illu
454 1633 647 1703 concordati
661 1640 748 1699 sunt.
792 1632 947 1697 Habeant
961 1634 1205 1720 cyrographum.

213 1747 309 1811 1015.
409 1738 550 1803 Alardus
564 1736 655 1801 Prior
670 1737 709 1801 de
726 1735 758 1801 S.
775 1735 936 1801 Germano
950 1736 1150 1801 attachiatus
1171 1737 1236 1801 luit
1254 1737 1297 1803 ad
1319 1760 1455 1824 respon·

213 1845 304 1886 ⁰⁰¹⁰&
344 1843 488 1911 dandum
503 1841 630 1909 Serloni
644 1839 684 1906 de
700 1840 834 1926 Pempol
849 1863 948 1927 quare
963 1863 1029 1905 non
1043 1849 1138 1906 tenet
1151 1841 1183 1906 ci
1198 1841 1296 1907 finem
1310 1843 1347 1908 in
1361 1842 1454 1908 curia

343 1947 376 2015 J.
401 1946 501 2032 Regis
529 1944 617 2031 apud
646 1945 884 2009 Lanceatonam
914 1943 1002 2009 inter
1026 1943 1197 2031 Augerum
1223 1945 1366 2011 Priorem
1392 1968 1454 2011 an-

345 2059 535 2115 tecessorem
558 2046 704 2113 eiusdem
728 2046 846 2111 Prioris
866 2055 901 2112 et
915 2045 1088 2111 Warinum
1107 2046 1149 2112 de
1169 2048 1304 2134 Pempol
1322 2058 1453 2135 patrem

344 2153 489 2219 eiusdem
516 2150 660 2218 Serlonis
684 2150 777 2215 cuius
800 2149 894 2213 heres
919 2157 980 2214 etc.
1003 2149 1044 2215 de
1070 2150 1150 2236 xiiij.
1177 2172 1240 2217 acr.
1264 2160 1350 2216 terre
1376 2174 1453 2217 cum

344 2260 469 2345 pertin
485 2257 640 2338 Quedich’
656 2256 691 2320 in
700 2254 874 2320 Witenhoc
885 2264 919 2320 ct
933 2255 969 2319 in
984 2256 1098 2321 Bleroc
1111 2255 1199 2321 unde
1213 2255 1454 2344 cyrographum

345 2372 405 2429 etc.
421 2371 456 2426 et
471 2360 557 2426 unde
572 2359 659 2424 idem
680 2358 772 2424 Serlo
792 2358 941 2444 queritur
955 2358 1042 2445 quod
1055 2358 1183 2424 desicut
1196 2359 1285 2423 idem
1299 2359 1456 2445 Augems

345 2464 503 2533 concessit
532 2462 637 2529 eidem
664 2462 798 2527 Warino
824 2470 928 2526 totam
954 2462 1092 2527 eandem
1116 2471 1238 2525 terram
1261 2462 1454 2528 tencndam¹

346 2593 420 2636 cum
435 2579 517 2656 pert.
531 2567 706 2634 tenendam
720 2568 752 2634 ei
767 2576 802 2632 et
816 2567 991 2633 heredibus
1004 2567 1072 2632 suis
1090 2565 1132 2631 de
1153 2566 1266 2631 eodem
1287 2565 1397 2631 Priore
1417 2575 1455 2632 et

346 2675 413 2740 suis
436 2673 670 2739 successoribus
695 2673 732 2738 in
754 2681 950 2759 perpetuum
974 2681 1009 2736 et
1032 2670 1132 2736 nichil
1156 2670 1220 2736 sibi
1248 2672 1388 2736 retinuit
1415 2671 1455 2736 in

346 2778 468 2844 eisdem
491 2777 588 2855 uillis,
607 2777 771 2864 predictus
795 2777 887 2842 Prior
907 2785 1021 2842 contra
1041 2776 1142 2840 linem
1163 2775 1258 2840 illum
1278 2776 1456 2862 impediuit

346 2882 620 2968 presentaoionem
644 2905 736 2946 suam
757 2881 800 2946 ad
814 2881 981 2947 ecclesiam
996 2880 1037 2945 de
1052 2879 1208 2960 Quedich’
1223 2879 1274 2944 ita
1287 2879 1375 2965 quod
1394 2903 1456 2966 per

346 2986 428 3054 illud
442 2985 713 3070 impedimentum
728 2984 821 3050 dedit
836 2985 993 3071 Episcopo
1008 2984 1069 3049 loci
1083 2983 1251 3049 ecclesiam
1270 2983 1379 3048 illam’
1392 3007 1453 3070 per

346 3089 433 3176 quod
454 3089 668 3154 deterioratus
690 3097 741 3154 est
763 3097 799 3153 ct
820 3089 997 3176 dampnum
1020 3089 1121 3153 habet
1141 3087 1183 3153 ad
1203 3088 1386 3154 ualenciam
1400 3112 1457 3155 xx.

347 3215 440 3258 marc.
457 3191 583 3256 atinde
598 3191 747 3276 producit
763 3200 894 3259 sectam.

413 3295 456 3358 Et
482 3293 572 3358 Prior
601 3293 694 3359 uenit
724 3302 759 3359 et
784 3295 947 3380 cognoscit
976 3294 1075 3360 finem
1100 3303 1136 3360 et
1160 3294 1395 3381 cyrographum
1419 3305 1456 3361 et

346 3398 492 3466 defendit
507 3399 695 3484 dampnum,
709 3407 760 3464 set
775 3398 856 3463 dicit
869 3397 956 3483 quod
969 3399 1206 3485 cyrographum
1220 3421 1286 3464 non
1309 3399 1455 3485 loquitur

346 3505 387 3571 de
411 3503 546 3570 ecclesia
569 3503 627 3568 illa
646 3502 708 3568 nisi
724 3510 856 3568 tantum
871 3502 912 3567 de
927 3501 1005 3588 xiiij.
1021 3525 1081 3568 acr.
1097 3514 1183 3567 terre
1198 3525 1273 3568 cum
1287 3512 1370 3589 pert
1385 3503 1455 3568 scil

346 3609 388 3674 de
403 3608 481 3695 xiiij.
497 3629 599 3673 carue.
614 3615 708 3674 terre.

414 3715 457 3779 Et
484 3713 575 3779 Scrlo
600 3713 681 3779 dicit
710 3714 797 3800 quod
826 3712 991 3799 predictus
1020 3712 1171 3798 Augerus
1200 3709 1302 3796 peciit
1331 3714 1453 3774 terram

348 3815 437 3882 illam
467 3839 541 3881 cum
567 3816 717 3882 omnibus
743 3827 824 3902 pert
851 3825 886 3881 et
915 3816 965 3881 ita
993 3815 1085 3879 illam
1114 3823 1234 3880 temam
1263 3814 1455 3902 recognouit

348 3920 454 3985 cidem
476 3920 609 3985 Warino
631 3943 706 3986 cum
728 3920 879 3985 omnibus
900 3927 982 4005 pert.
1003 3942 1063 3984 nec
1085 3918 1172 3984 idem
1195 3919 1287 3984 Prior
1308 3919 1454 4005 aliquam

349 4035 467 4090 terram
483 4024 583 4088 habet
597 4024 632 4088 in
652 4024 812 4089 dominico
827 4024 862 4089 in
877 4023 991 4088 eadem
1006 4024 1087 4088 uilla
1101 4046 1160 4089 nec
1174 4023 1306 4109 aliquod
1321 4022 1453 4088 feodum

349 4127 449 4193 habet
468 4129 503 4192 in
524 4116 652 4192 eadem⁸
676 4127 756 4192 uilla
775 4127 840 4192 nisi
861 4126 943 4192 illud
965 4127 1052 4213 quod
1073 4127 1143 4213 ipse
1164 4136 1257 4192 tenet
1278 4127 1320 4192 dc
1341 4127 1455 4192 eodem

349 4232 467 4311 Priore,
490 4239 524 4296 et
548 4231 673 4296 desicut
695 4232 795 4298 nichil
817 4232 945 4319 excepit
967 4231 1002 4297 in
1024 4233 1222 4319 cyrographo
1244 4242 1279 4298 et
1305 4241 1457 4318 preterea

382 4393 467 4442 ¹0m.
480 4395 617 4444 rancidum.
924 4393 1456 4462 thepresentalionlapsedtothebishop.

382 4458 393 4492 ²
408 4458 447 4523 By
464 4475 555 4509 raason
571 4461 601 4510 ol
621 4457 665 4510 the
681 4459 777 4510 Prior's
797 4459 875 4510 claim
956 4460 968 4497 ³
984 4464 1013 4511 ιἰι
1024 4465 1109 4514 rodem
1119 4461 1247 4527 repeated.
