3167 5075
358 413 476 461 consu
498 412 683 473 uuonan.
709 397 869 476 1235-6,
891 414 954 462 nn
979 400 1029 463 20.
1183 397 1246 467 157

211 580 300 647 Dom
311 582 383 647 Rex
396 582 508 648 eodem
520 582 615 649 modo
626 581 801 669 respondet
815 604 879 669 quo
894 581 1059 669 respondit
1070 582 1106 648 in
1116 583 1246 649 recordo
1270 588 1273 596 '

153 684 268 750 Mathis
298 685 430 751 Besill’².
477 687 522 751 Et
551 686 623 752 ideo
653 685 740 751 idem
769 686 934 752 iudicium.
981 688 1025 752 Et
1050 687 1128 774 quia
1152 688 1246 753 Dom

151 786 216 852 Rex
230 789 391 876 cognoscit
410 789 497 875 quod
516 790 565 855 ite
584 786 650 855 fuit'
670 790 800 855 scisitus
823 800 858 856 et
881 814 940 878 per
960 814 1036 856 eum
1058 791 1246 867 disseisitus,

150 892 378 959 consideratum
401 904 452 961 est
472 896 559 982 quod
580 896 696 962 Comes
715 896 920 983 recuperauit
939 896 1090 962 saisinam
1105 919 1198 963 suam
1213 906 1247 962 et

150 996 328 1063 Anketillus
343 997 378 1062 in
393 998 617 1065 misericordia
662 999 769 1064 Datus
789 1008 839 1064 est
861 998 930 1064 dies
952 998 1058 1065 eidem
1079 1000 1248 1066 Anketillo
1310 1090 1313 1097 Ι

150 1122 254 1166 uersus
274 1102 370 1169 Dom.
385 1104 510 1191 Regem
531 1102 572 1168 de
588 1112 752 1191 warentya
773 1112 885 1170 utrum
907 1104 1026 1170 debeat
1040 1105 1247 1171 warentizare

150 1206 492 1273 wmfflfflw

43 1318 117 1385 1137.
208 1311 343 1376 Matillis
356 1334 420 1398 qus
436 1310 499 1376 fuit
514 1334 595 1376 uxor
609 1311 747 1377 Walteri
761 1311 802 1377 de
818 1312 1004 1399 Leyburnia
1020 1335 1084 1400 que
1106 1314 1247 1400 appella-
1307 1336 1370 1377 mor.

150 1415 194 1480 uit
207 1416 387 1482 Robertum
403 1416 493 1481 Sorel
509 1415 549 1481 de
565 1426 668 1482 morte
686 1417 824 1504 predicti
840 1417 978 1483 Walteri
1000 1419 1064 1483 uiri
1084 1420 1135 1484 sui
1156 1418 1249 1484 uenit

148 1526 179 1582 et
191 1520 326 1585 retraxit
341 1543 375 1585 se
391 1528 425 1585 et
439 1520 513 1585 ideo
528 1520 599 1606 ipsa
614 1529 648 1585 et
662 1520 763 1608 plegii
778 1520 830 1586 sui
844 1520 879 1585 in
893 1522 1112 1588 misericordie
1125 1531 1160 1587 et
1178 1523 1249 1609 ipsa

148 1623 348 1689 custodiatur.
395 1624 438 1689 Et
453 1623 531 1710 quia
544 1624 689 1689 nescitur
702 1623 809 1689 adhuc
824 1632 936 1689 utrum
955 1625 1063 1711 ipsum
1085 1626 1249 1692 interfecit

147 1748 199 1811 per
211 1727 426 1794 infortunium
448 1728 500 1794 uel
515 1729 578 1793 alio
593 1728 696 1807 mod0,
711 1738 745 1794 et
761 1729 838 1816 quia
851 1730 960 1816 posuit
974 1752 1009 1795 se
1024 1730 1058 1796 iu
1072 1730 1249 1812 ecclesiam,

147 1830 240 1919 eligat
254 1832 343 1898 idem
359 1832 522 1898 Robertus
536 1854 639 1896 unum
654 1832 695 1896 de
706 1830 833 1898 duobus
848 1841 959 1897 utrum
974 1833 1115 1899 uoluerit
1129 1856 1248 1921 ponere

147 1956 177 1999 se
187 1935 219 1999 in
231 1936 398 2002 ecclesiam
411 1935 503 2001 stibi
514 1957 651 2023 regnum
667 1935 814 2001 abiurare
826 1936 879 2001 uel
895 1936 948 2001 hic
963 1937 1076 2001 statim
1091 1938 1246 2003 abiurare.

147 2037 186 2103 Et
213 2040 280 2126 ipse
308 2039 403 2128 eligit
433 2038 519 2126 quod
549 2038 662 2103 statim
692 2038 744 2103 hic
772 2038 936 2105 abiurabit
966 2048 1025 2105 etc
1070 2039 1247 2106 Abiurauit

145 2165 274 2231 regnum
290 2154 325 2210 ct
347 2144 446 2231 elegit
466 2151 596 2230 portum
619 2143 756 2208 Douore.
803 2143 846 2208 Et
867 2143 962 2209 datus
977 2153 1027 2210 est
1042 2144 1074 2209 ei
1088 2146 1247 2211 terminus

145 2250 329 2315 transeundi
344 2272 433 2315 mare
448 2272 468 2314 a
483 2249 548 2313 tale
564 2246 617 2313 die
633 2256 693 2313 eto.
708 2248 743 2311 in
758 2247 890 2326 aldios,
905 2256 939 2313 et
954 2247 1086 2315 interim
1101 2257 1246 2316 transeat

146 2353 194 2418 uel
208 2362 285 2419 tunc
300 2352 344 2419 ad
359 2353 536 2419 terminum
557 2352 711 2417 ultimum
734 2351 797 2416 nisi
818 2352 1016 2439 impediatur
1037 2376 1095 2439 pro
1116 2352 1245 2420 defectu

145 2456 231 2522 nauis
246 2458 299 2523 uel
315 2466 498 2523 uentorum.
544 2456 587 2521 Et
604 2456 716 2521 Simon
731 2455 771 2520 de
790 2457 903 2521 Monte
923 2456 1014 2523 Forti
1035 2481 1135 2524 manu
1157 2459 1245 2547 capit

146 2562 224 2646 quod
248 2563 384 2628 interim
409 2583 566 2649 pereum
591 2584 657 2626 non
683 2560 814 2626 eueniet
837 2562 960 2627 malum
984 2585 1044 2628 nec
1066 2562 1245 2650 dampnum

145 2664 231 2732 Dom.
246 2667 334 2756 Regi
348 2690 408 2732 nec
422 2689 528 2754 regno.

45 2765 113 2832 1138.
203 2769 399 2856 Preceptum
422 2769 485 2834 luit
507 2768 690 2834 uioecomiti
710 2769 890 2856 quodcum
912 2771 1027 2837 balliui
1046 2771 1088 2838 de
1104 2773 1243 2861 Kinges·
1355 2813 1361 2824 ·

147 2880 217 2940 tona
236 2875 379 2961 quedam
402 2874 519 2940 catalla
540 2873 742 2939 inuenissent
759 2873 795 2938 in
809 2872 904 2939 domo
921 2875 1080 2962 Stephani
1095 2876 1135 2942 de
1150 2878 1242 2944 Meu-

146 2976 222 3044 dona
235 2981 324 3045 furto
339 2987 378 3044 ut
392 2978 562 3044 dicebatur
576 2978 711 3055 sublata,
723 2987 928 3066 propterque
943 2980 1094 3047 Emmam
1110 3004 1242 3049 uxorem

145 3082 238 3169 ipsius
249 3085 419 3172 Stephano
430 3083 517 3149 domi
529 3106 593 3148 non
605 3083 766 3148 existente
778 3107 852 3149 cum
862 3083 940 3170 ipsis
951 3086 1076 3151 catallis
1087 3098 1243 3174 ceperunt

146 3197 197 3253 etc
218 3211 356 3276 eamque
375 3188 411 3253 in
434 3187 524 3253 curia
544 3186 637 3252 Dom.
661 3186 761 3273 Regis
784 3186 826 3252 de
851 3187 1055 3275 Kingestona
1079 3213 1185 3256 coram
1208 3215 1243 3258 se

147 3311 233 3378 super
246 3291 374 3357 catallis
388 3290 452 3354 illis
467 3288 509 3354 ab
524 3289 578 3354 eo²
595 3297 751 3375 tanquam
774 3290 861 3354 furto
882 3290 1019 3356 sublatis
1040 3304 1240 3374 accusarunt,
1331 3374 1333 3378 ι

146 3399 233 3483 super
246 3397 367 3484 quibus
381 3419 455 3461 cum
470 3395 541 3482 ipsa
562 3395 679 3459 Emma
700 3393 883 3480 predictum
906 3395 1111 3481 Stephanum
1132 3397 1240 3462 uirum

146 3523 232 3568 suum
246 3503 400 3568 traxisset
414 3501 455 3567 ad
470 3510 650 3566 warantum
670 3500 732 3586 ipsi
752 3499 867 3565 balliui
889 3500 1116 3566 nichilominus
1137 3502 1241 3589 ipsam

147 3605 285 3674 Emmam
316 3606 470 3694 suspendi
500 3607 646 3672 fecerunt
675 3615 745 3682 eto,
770 3605 821 3670 'et
846 3604 933 3670 unde
962 3615 1152 3693 preceptum
1178 3609 1242 3674 fuir

147 3709 320 3779 uioecomiti
341 3710 441 3800 quod⁸
464 3711 616 3798 predictis
635 3711 765 3776 balliuis
782 3711 962 3796 preciperet
980 3711 1067 3797 quod
1083 3712 1242 3778 recordari

147 3815 278 3884 fecerent
308 3818 470 3905 loquelam
499 3817 589 3882 illam
620 3824 679 3882 etc.
710 3823 744 3880 et
773 3815 941 3881 recordum
970 3814 1053 3881 illud
1085 3816 1241 3883 haberent

147 3943 241 3988 coram
256 3923 351 3990 Dom.
367 3923 458 4010 Rege
473 3931 532 3988 eto.
571 3921 637 4002 Qui
652 3920 791 3986 ueniunt
807 3928 841 3987 et
858 3919 1067 3987 recordantur
1080 3931 1139 3988 etc.
1155 3924 1242 4010 quod

147 4024 333 4094 inuenerunt
362 4026 543 4113 predictam
574 4027 723 4091 Emmam
753 4025 924 4112 graneam*
952 4036 1145 4114 coquentem
1181 4037 1241 4095 eto.

148 4127 186 4194 Et
199 4132 322 4218 quesita
337 4131 395 4197 ubi
409 4129 545 4197 haberet
564 4129 734 4218 graneam⁶
748 4128 839 4195 illam
860 4128 940 4195 dicit
955 4129 1042 4216 quod
1056 4131 1164 4198 furata
1178 4133 1242 4198 fuir

177 4345 447 4410 ¹Belerriugtocase
459 4349 530 4398 1141.
746 4345 785 4380 θ’*
802 4347 886 4398 These
897 4347 980 4399 words
991 4363 1061 4399 seem
1070 4349 1239 4412 superfluous.

176 4409 252 4462 'The
271 4413 351 4476 goods
367 4429 433 4464 were
456 4414 540 4464 stolen
558 4412 591 4476 by
609 4413 663 4464 Ste-
748 4414 759 4444 ⁴
775 4414 847 4476 pron’
859 4414 916 4463 ΜΒ.

150 4473 218 4537 phou.
748 4477 759 4510 ⁶
774 4477 861 4542 qrano'
873 4479 929 4530 ΜΒ.
