3167 5075
355 386 421 451 314
587 400 821 464 nrcnsnmls,
843 384 1026 465 n.1›.·1217‚
1047 402 1111 453 nn
1134 390 1227 455 1-2.

354 566 520 637 hiriensis¹
539 593 603 657 que
624 577 766 636 testetur
785 570 872 658 qnod
891 572 961 659 ipse
980 572 1023 637 ed
1042 574 1246 640 uoluntatem
1266 574 1394 640 Abbctis
1407 583 1434 639 ct

355 684 534 741 conuentus
560 674 600 739 de
623 675 833 741 Middeldone
854 684 889 741 et
914 677 956 743 ed
977 678 1253 763 presentacionem
1273 680 1387 746 Thome
1403 681 1435 745 de

354 780 510 845 Werhem
533 801 668 865 persone
694 780 827 846 ecclesie
853 780 895 846 de
921 780 1094 847 Stoclende
1117 782 1250 848 admisit
1274 783 1433 849 Johcnncn
1534 835 1536 840 ⁴

354 885 509 950 Auencnt
523 884 674 949 clericum
689 883 731 949 ed
746 894 939 971 perpetuam
953 886 1107 951 niceriam
1119 888 1241 973 (repelle
1252 887 1293 954 de
1303 888 1434 953 Delwode

354 1012 418 1075 que
440 988 482 1054 ed
504 988 672 1053 ecclesiam
693 987 734 1053 de
758 987 934 1054 Stoclande
955 997 1090 1075 spectet,
1104 990 1268 1057 reddendo
1289 992 1436 1057 mnuedn

354 1114 488 1177 persone
525 1090 657 1155 ecclesie
694 1090 735 1155 de
766 1092 940 1158 Stoclende
968 1094 1100 1160 nomine
1128 1096 1293 1181 pensionis
1321 1118 1369 1161 xr.
1394 1096 1438 1160 sol.

355 1196 480 1259 Profert
503 1192 606 1258 eciam
634 1193 760 1259 litteras
782 1195 824 1262 R.
850 1196 1087 1262 Scrisbin'ensis
1111 1198 1280 1285 Episcopi'
1307 1208 1440 1285 potentes

354 1320 417 1386 que
444 1305 608 1363 testentur
633 1297 720 1383 quod
745 1298 816 1384 ipse
841 1322 916 1364 cnm
942 1300 1045 1365 officio
1070 1301 1288 1368 archidiaconi
1311 1304 1442 1369 Dorsetie

354 1402 516 1489 quondam
527 1401 726 1487 fungeretur,
737 1399 778 1465 de
793 1401 947 1466 mandato
959 1403 1001 1467 Η
1013 1404 1176 1489 quondam
1192 1405 1344 1492 Episcopi
1357 1406 1444 1471 sntc

354 1506 503 1571 hiriensis
526 1504 659 1570 admisit
682 1504 867 1570 Johennem
888 1506 1044 1571 Auenent
1065 1506 1218 1571 clericum
1238 1508 1283 1574 ed
1304 1508 1443 1594 capellan

353 1609 394 1675 de
406 1608 879 1696 Delwdeedpresentccionem
888 1608 1444 1677 Abbatisetconnentusdehliddel·

353 1713 439 1779 done
452 1720 487 1778 et
500 1712 542 1778 de
557 1714 728 1779 uoluntate
742 1712 876 1777 rectoris
890 1712 1023 1777 ecclesie
1042 1711 1083 1777 de
1099 1711 1283 1792 Stoclande,
1299 1725 1334 1780 et
1351 1716 1442 1802 ipsun

353 1818 388 1884 in
403 1842 442 1883 ee.
455 1817 602 1883 instituit
616 1816 779 1882 reddendo
795 1824 855 1881 etc.
870 1839 922 1881 xx.
937 1816 992 1882 sol
1008 1815 1138 1881 nomine
1152 1818 1319 1903 pensionis
1332 1828 1387 1885 etc

418 1924 462 1987 Et
477 1922 639 1987 Robertus
655 1921 747 1986 uenit
762 1928 797 1985 et
811 1919 892 1984 dicit
912 1919 1000 2006 quod
1019 1918 1089 2006 ipse
1109 1921 1195 2007 petit
1214 1922 1349 1988 assisam
1366 1945 1442 1989 snam

353 2025 394 2092 de
416 2035 520 2091 morte
543 2024 712 2090 cuiusdam
733 2024 855 2110 Rogeri
876 2023 934 2109 qui
955 2024 1065 2090 tenuit
1086 2026 1244 2111 capellam
1267 2027 1355 2093 illam
1378 2037 1442 2092 ente

353 2130 537 2216 predictum
566 2128 751 2193 Johennem
780 2126 839 2214 qui
868 2127 1014 2214 Rogems
1042 2129 1119 2195 inde
1147 2132 1230 2196 obiit
1258 2151 1390 2219 persone
1409 2130 1442 2196 ed

353 2233 629 2319 presentecionem
658 2238 896 2295 antecessorum
925 2252 1056 2296 suorum
1093 2242 1163 2311 etc,
1192 2242 1229 2301 et
1264 2236 1294 2301 si
1330 2236 1441 2322 Episoo

354 2360 415 2423 pus
435 2336 440 2423 l
458 2336 591 2402 admisit
614 2336 721 2421 ipsum
744 2334 931 2399 «Iohannem
957 2334 1018 2401 hoc
1041 2337 1119 2403 fecit
1142 2337 1266 2403 iniuste
1292 2349 1326 2405 et
1347 2348 1442 2405 contre

353 2441 519 2526 appellum
534 2462 629 2505 suum
645 2447 679 2503 et
699 2446 812 2503 contra
830 2438 996 2523 appellum
1016 2440 1114 2506 Alani
1133 2442 1335 2528 Dispenserii
1354 2465 1439 2508 enun-

353 2547 420 2612 culi
439 2546 490 2613 sui
511 2546 569 2632 qni
589 2553 662 2632 post
682 2553 822 2610 mortem
842 2544 980 2630 predicti
995 2547 1115 2633 Rogeri
1133 2547 1310 2614 emmicuit
1327 2548 1439 2614 mmm

353 2648 469 2714 ultime
496 2648 747 2736 presentacionis
770 2649 812 2714 de
835 2648 949 2713 eedem
972 2651 1099 2735 capella
1123 2673 1237 2716 uersus
1261 2652 1364 2738 ipsum
1383 2651 1439 2716 hh

354 2753 474 2818 batem,

420 2855 666 2923 consideratum
681 2864 732 2922 est
746 2857 833 2943 quod
847 2855 947 2922 eseise
960 2867 1135 2937 remenect,
1148 2866 1184 2924 et
1198 2858 1286 2946 qnod
1298 2861 1440 2926 Robnm

353 2960 453 3026 nichil
468 2961 576 3047 capiet
590 2983 649 3046 per
663 2961 723 3025 hoo
737 2959 859 3025 breue'.

221 3082 314 3146 1313Ι
419 3064 518 3130 Olina
531 3085 594 3150 que
612 3064 675 3129 luit
695 3086 776 3128 uxor
795 3064 940 3151 Philippi
961 3065 1110 3130 Bertram
1129 3066 1216 3153 petit
1236 3065 1344 3135 dotem
1362 3089 1438 3134 errem

227 3192 301 3232 crore.
353 3189 466 3233 uersus
488 3167 691 3234 Clementem
714 3167 844 3254 Bonpcs
865 3176 900 3233 et
922 3168 1068 3233 Rocnem
1090 3192 1224 3236 uxorem
1245 3171 1315 3236 eins
1335 3182 1366 3236 et
1385 3171 1438 3235 Ra-

351 3271 480 3336 dulfum
509 3270 550 3336 de
581 3270 751 3335 Siluetona
776 3278 812 3335 et
833 3269 1029 3336 Matillidem
1053 3295 1187 3338 uxorem
1209 3273 1287 3340 eius
1330 3275 1370 3340 Et
1386 3271 1438 3358 ipsi

352 3382 513 3441 uenerunt
528 3381 563 3438 et
577 3373 750 3437 noluerunt
765 3372 957 3459 respondere
971 3375 1040 3439 sine
1055 3374 1148 3440 breui
1162 3386 1198 3440 et
1211 3399 1276 3442 non
1287 3376 1437 3442 habuimus

351 3479 459 3545 breue.
520 3479 564 3542 Et
592 3477 665 3542 ideo
694 3477 791 3542 datus
821 3486 871 3543 est
906 3479 953 3544 eis
987 3478 1057 3544 dies
1093 3480 1127 3544 in
1160 3481 1300 3547 crastino
1333 3489 1385 3547 etc
1409 3487 1437 3541 et

352 3583 529 3649 uicecomes
551 3580 670 3644 habeat
691 3587 771 3646 tunc
790 3580 890 3645 breue
910 3581 1072 3667 origenale
1094 3605 1153 3669 per
1171 3584 1258 3671 quod
1279 3586 1347 3650 illos
1366 3605 1437 3648 sum·

352 3687 489 3765 monuit,
501 3694 535 3750 et
546 3685 589 3750 sit
604 3684 775 3751 auditurus
789 3684 947 3751 iudicium
962 3709 1058 3752 suum
1073 3687 1114 3752 de
1130 3687 1190 3753 hoc
1200 3688 1287 3775 quod
1300 3687 1375 3755 illud
1385 3707 1437 3751 non

352 3790 468 3856 hebuit
482 3789 542 3854 teli
556 3788 608 3854 die
625 3798 684 3853 etc.

219 3906 313 3970 1314,
419 3891 564 3956 Elimbet
578 3912 642 3978 que
657 3891 720 3956 luit
736 3912 817 3955 uxor
830 3891 950 3979 Rogeri
965 3890 1006 3957 de
1020 3892 1054 3957 lc
1067 3893 1162 3979 Heye
1182 3917 1242 3980 per
1259 3901 1436 3960 attornetun

209 4004 319 4047 flerem
352 4016 448 4061 sunm
476 3993 576 4079 peciit
603 4015 716 4059 uersus
746 3994 862 4082 Enger'
884 3995 925 4060 de
949 3995 1088 4060 Fraxino
1109 4003 1145 4061 et
1165 3996 1305 4062 Alicicm
1325 4015 1437 4062 uxorem

353 4101 423 4166 eius
444 4099 578 4164 terciam
599 4105 725 4185 portem
745 4098 843 4163 unius
865 4119 969 4164 cerac
988 4105 1075 4164 terre
1096 4121 1171 4164 cum
1194 4109 1277 4186 pert
1297 4101 1331 4166 in
1350 4097 1439 4164 Thur·

385 4331 395 4362 ¹
414 4329 523 4380 Herbert
533 4328 557 4380 le
568 4329 641 4391 Poor,
657 4331 827 4383 1194-1217.
961 4329 974 4364 ⁸
989 4331 1026 4381 Δε
1040 4333 1069 4382 to
1083 4329 1201 4384 Robert's
1212 4332 1278 4396 title,
1292 4348 1332 4386 see
1341 4331 1392 4383 Bot-
1401 4327 1438 4378 Cl-

386 4399 396 4428 ²
412 4393 524 4446 Bichnrd
535 4396 559 4445 le
570 4395 636 4446 Poor
646 4396 691 4447 the
702 4411 760 4447 now
772 4396 872 4460 bishop.
930 4396 981 4447 vol.
994 4399 1018 4455 1,
1029 4411 1054 4460 p.
1067 4397 1116 4447 60³
1127 4397 1152 4447 b.
