3167 5075
326 422 368 485 92
641 430 783 491 uiuunt,
805 430 871 480 nn.
895 416 988 491 1225,
1011 430 1074 479 nn
1098 415 1127 479 9.

192 617 285 683 1064,
389 604 520 672 ¹Abbas
556 604 597 670 de
633 602 869 670 Messendena'
903 625 962 690 per
990 610 1192 668 sttometum
1221 623 1319 667 suum
1347 601 1435 688 petit

208 718 270 759 Μ
325 732 438 777 uersus
452 709 642 775 Hubertum
656 707 697 773 de
718 708 844 795 Burgo⁸
857 706 945 794 quod
966 708 1137 793 permittet
1156 728 1232 771 eum
1246 714 1434 792 presentare

324 814 484 902 ydoneam
503 835 672 901 personam
693 812 735 877 ed
755 812 923 877 eeclesiam
943 811 984 877 de
1000 812 1170 878 Oweltone
1183 833 1246 898 que
1261 818 1359 875 uocet
1373 818 1435 875 ete

325 918 423 983 etad
447 939 539 982 suem
565 922 691 1002 spectet
714 915 935 992 donacionem,
957 914 1045 979 unde
1069 914 1217 1002 queritur
1238 913 1325 1001 quod
1346 913 1435 978 idem

326 1022 496 1088 Hubertus
526 1042 601 1084 eum
630 1018 752 1083 iniuste
776 1018 916 1105 impedit
941 1028 977 1083 et
1000 1018 1123 1103 profert
1145 1026 1269 1083 certam
1295 1016 1435 1082 Walter-i

325 1126 385 1191 filii
395 1124 553 1191 Willelmi
567 1124 608 1189 de
623 1125 735 1189 Penne
748 1123 900 1189 aduocati
910 1123 1043 1189 ecclesie
1055 1124 1199 1189 eiusdem
1215 1145 1278 1210 que
1293 1130 1436 1188 testetur

326 1230 412 1317 quod
426 1230 495 1317 ipse
515 1228 607 1294 dedit
627 1236 662 1293 et
681 1226 838 1292 noncessit
857 1234 917 1292 eto
933 1226 994 1291 deo
1016 1235 1051 1291 et
1073 1228 1205 1293 ecclesie
1228 1227 1269 1293 de
1292 1228 1436 1292 Messen-

326 1334 459 1399 denset
473 1330 633 1397 cononicis
652 1339 712 1395 etc.
728 1329 895 1395 ecclesiam
915 1329 957 1394 de
977 1330 1172 1396 Howeltons
1190 1354 1266 1396 cum
1285 1329 1437 1395 omnibns

326 1444 407 1524 pert.
438 1434 505 1501 suis
534 1442 593 1499 eto
624 1433 716 1498 saluo
744 1431 889 1498 Johanni
918 1432 1012 1497 frutri
1040 1455 1099 1497 suo
1127 1432 1274 1519 predicto
1303 1431 1438 1498 ecclesio

327 1539 483 1629 quamdiu
498 1538 626 1604 uixerit.
672 1538 798 1602 Profert
820 1537 923 1602 eciam
946 1544 1068 1601 certem
1090 1537 1251 1603 Johannis
1272 1536 1436 1623 quondam

327 1642 542 1709 Norwieensis
568 1640 735 1727 Episcopi⁴
759 1662 824 1727 que
850 1639 1019 1704 confimat
1041 1639 1089 1705 eis
1114 1639 1363 1705 sduocseionem
1385 1660 1437 1703 ec·

327 1748 422 1813 eleeie
437 1746 478 1812 de
494 1746 663 1811 Oweltono
677 1744 761 1810 siout
776 1742 942 1831 predictus
955 1743 1120 1808 Walterus
1134 1766 1207 1809 eum
1227 1744 1274 1810 eis
1293 1743 1435 1809 ndens-

327 1852 439 1919 biliter
453 1852 600 1917 contulit.

393 1956 438 2021 Et
453 1955 624 2021 Hubertue
640 1976 698 2041 per
711 1961 914 2019 attornatum
929 1940 1026 2018 suum
1041 1952 1135 2018 uenit
1152 1961 1187 2019 et
1205 1951 1353 2018 defendit
1367 1951 1437 2016 uim

328 2068 363 2127 et
382 2060 536 2126 iniuriam
559 2068 594 2124 et
615 2060 695 2125 dicit
717 2059 804 2147 quod
825 2059 912 2125 iuste
934 2059 1073 2145 impedit
1094 2058 1172 2145 quie
1192 2046 1375 2124 manerium
1396 2058 1438 2123 de

329 2165 500 2230 Keustono
514 2163 606 2227 ouius
620 2162 757 2228 manerii
768 2162 953 2229 Oweltona⁵
967 2170 1018 2227 est
1032 2162 1215 2226 membrum
1229 2160 1294 2224 fuit
1308 2160 1439 2226 eschae-

328 2276 401 2333 tum
416 2267 509 2332 Dom.
520 2266 568 2332 -Η,
585 2267 685 2354 Regis
704 2267 760 2332 sui
779 2267 873 2332 Dom.
890 2266 992 2353 Regis
1011 2274 1046 2331 et
1066 2266 1136 2351 ipse
1155 2264 1237 2330 illud
1255 2266 1438 2331 manerium

328 2394 404 2438 cum
418 2371 571 2436 membris
586 2378 620 2435 et
635 2372 784 2437 omnibus
799 2380 879 2457 pert.
895 2372 963 2436 suis
977 2370 1113 2435 tradidit
1127 2369 1292 2434 Willelmo
1307 2370 1442 2457 Lunge·

329 2496 427 2561 epeye
453 2473 545 2540 fratri
567 2474 641 2539 ειιοο
662 2473 841 2539 tenendum
865 2474 908 2540 ed
934 2474 1140 2541 uoluntatem
1166 2496 1258 2541 suem
1285 2482 1320 2540 et
1349 2473 1439 2540 ideo'

330 2579 514 2643 Willelmus
537 2577 595 2664 qui
618 2600 684 2643 non
709 2577 826 2643 babuit
855 2577 931 2643 inde
960 2579 1025 2644 nisi
1051 2578 1185 2644 bolliam
1215 2578 1372 2643 concessit
1404 2587 1441 2644 et

329 2683 455 2749 dimisit
489 2683 671 2747 membrum
706 2681 748 2747 de
777 2682 947 2748 Oweltona
975 2683 1140 2749 Willelmo
1175 2681 1267 2747 fratri
1301 2682 1442 2769 predicti

331 2787 470 2854 Wolteri
484 2787 525 2852 de
545 2787 578 2852 le
596 2787 717 2864 Penne,
732 2786 780 2852 ite
795 2786 881 2872 quod
896 2796 970 2872 post
983 2795 1122 2853 mortem
1138 2787 1295 2853 Willelmi
1310 2789 1442 2875 Longe-

331 2913 429 2978 speye
458 2890 556 2955 rediit
585 2891 765 2955 manerium
795 2890 837 2955 de
863 2891 1035 2956 Konstone
1062 2891 1104 2956 ed
1134 2891 1227 2956 Dom.
1251 2891 1377 2979 Regem
1404 2900 1442 2956 et

332 2998 534 3086 recognitum
549 2996 613 3062 fuit
626 3019 685 3083 per
698 3004 889 3082 preceptum
905 2995 998 3062 Dom.
1013 2997 1114 3083 Regis
1133 2996 1220 3083 quod
1241 2996 1443 3062 membrum⁸

331 3101 373 3167 de
388 3101 557 3167 Oweltone
571 3100 635 3165 fnit
649 3098 832 3164 membrum
848 3099 889 3164 de
902 3100 1073 3164 Kaustono
1087 3108 1122 3165 et
1136 3099 1182 3164 sic
1196 3099 1384 3186 pertinebat
1397 3099 1442 3164 sd

333 3206 545 3282 Keustonem,
559 3211 594 3268 et
609 3201 695 3289 quod
710 3202 894 3267 Willelmus
908 3201 949 3268 de
964 3202 998 3268 le
1011 3201 1124 3268 Penne
1139 3225 1206 3267 non
1225 3202 1342 3267 hebuit
1356 3202 1440 3267 illud

332 3309 396 3376 nisi
409 3308 450 3373 de
465 3307 564 3373 bellio
574 3305 732 3372 Willelmi
746 3306 959 3392 Lungespeye
974 3313 1010 3371 et
1024 3313 1103 3370 tuno
1117 3327 1176 3392 per
1190 3305 1280 3370 illem
1294 3304 1443 3392 recogni-

333 3413 457 3478 cionem
473 3409 653 3476 disseisitus
673 3409 737 3473 fuit
756 3408 923 3473 Walterus
941 3407 983 3474 de
1002 3408 1115 3474 eodem
1136 3409 1288 3485 monerio,
1302 3417 1338 3473 et
1351 3407 1442 3474 idem

334 3514 504 3580 Hubertue
523 3512 606 3578 illud
625 3511 805 3576 manerium
828 3511 928 3575 habet
947 3533 987 3575 ex
1006 3510 1091 3576 dono
1111 3509 1204 3577 Dom.
1219 3512 1251 3577 J.
1267 3511 1392 3598 Regis⁰‚
1405 3520 1444 3576 et

333 3619 459 3684 deeicut
474 3616 638 3682 Walterus
657 3637 722 3679 non
743 3613 859 3680 hebuit
878 3613 955 3679 inde
975 3613 1105 3680 feodum
1126 3637 1187 3680 nec
1208 3614 1325 3701 aliquis
1347 3616 1444 3682 heres

333 3743 411 3785 suus
425 3718 549 3805 aliquid
563 3718 640 3783 inde
655 3717 756 3782 hebet
769 3739 830 3782 nec
844 3716 968 3803 aliquid
986 3717 1063 3782 inde
1083 3718 1204 3783 clamat
1221 3740 1287 3783 non
1307 3719 1445 3785 uidetur

334 3823 366 3887 ei
380 3821 466 3909 qnod
480 3820 599 3886 debeot
613 3820 655 3885 ad
669 3819 850 3907 simplicem
865 3830 987 3885 cartem
1001 3820 1143 3886 Abbatis
1156 3821 1358 3907 respondere.

400 3924 444 3989 Et
457 3923 570 3990 Abbes
583 3944 642 4009 per
655 3930 857 3989 attornetum
872 3946 969 3989 suum
988 3923 1069 3990 dicit
1088 3926 1175 4012 quod
1189 3926 1356 3994 Wolterus
1374 3951 1445 3995 non

366 4131 524 4181 ¹B.m.1s.
944 4129 1091 4181 'causton
1103 4130 1273 4182 undOulton.

366 4194 378 4227 ⁸
394 4195 550 4258 Miseenden,
561 4193 654 4248 Bntks
685 4195 798 4247 Monoet.
808 4196 861 4247 rol.
944 4195 955 4228 ⁰
970 4195 1081 4246 Noturol
1092 4210 1149 4252 son,
1161 4200 1208 4247 not
1219 4196 1333 4248 brother.

334 4262 585 4389 &spiridione
942 4260 1246 4387 :diffinies

366 4392 378 4424 ⁴
392 4389 462 4441 John
493 4390 522 4440 of
549 4389 654 4450 Orford,
684 4391 864 4450 11⁷5-1tt03
943 4390 955 4425 ⁰
971 4391 1018 4443 See
1028 4391 1089 4442 Bet.
1100 4391 1140 4442 01.
1152 4392 1202 4442 rol.
1215 4392 1238 4450 1,
1249 4407 1276 4456 p.
1288 4393 1332 4443 30.

333 4455 404 4508 John
416 4455 448 4507 de
459 4457 535 4522 Grey,
551 4456 686 4510 luto-14.
