3167 5075
162 347 383 414 rarmaum’s
405 363 497 412 111111
520 363 559 412 ur
580 362 752 424 1101110111,
775 361 841 414 an.
865 345 958 424 1217,
980 361 1044 411 aa
1067 346 1116 409 12.
1161 347 1224 410 625
1275 348 1280 356 ⁴

130 547 240 606 cartam
254 540 416 628 Margerie
431 539 530 604 sorori
544 562 602 605 sue
621 547 655 605 et
675 525 880 625 mesuagium
900 536 982 603 illud
1003 536 1034 602 ei
1053 535 1154 613 dedit,
1174 541 1225 598 set
1256 572 1259 582 ·

130 642 192 728 ipsa
213 643 304 709 nulla
326 645 458 730 expleta
480 644 558 710 inde
581 644 669 730 cepit
694 644 730 708 in
759 643 832 708 uita
860 642 963 729 ipsius
991 640 1131 707 Walteri
1159 638 1225 703 nisi

128 755 247 811 tantum
277 747 363 833 quod
392 748 480 834 cepit
504 748 699 835 homagium.
745 747 789 812 Et
812 747 890 832 quia
911 745 1033 811 donum
1054 745 1137 809 illud
1160 743 1225 808 fuir

128 850 238 915 lactum
252 851 288 915 in
307 851 471 939 languore,
487 859 521 917 et
542 852 614 938 ipsa
633 851 724 916 nulla
742 851 874 937 expleta
890 849 967 915 inde
988 849 1076 936 cepit
1097 848 1133 912 in
1154 847 1225 912 uita

127 954 218 1040 ipsius
231 940 377 1034 walteri,
393 956 643 1023 Consideratum
658 964 708 1020 est
724 957 811 1040 quod
823 955 1007 1020 Willelmus
1018 953 1224 1040 recuperauit

126 1059 267 1126 saisinam
281 1083 382 1136 snam,
398 1068 432 1126 et
447 1059 612 1127 Galffidus
626 1059 661 1124 in
677 1059 895 1124 misericordia
909 1067 969 1124 etc.

51 1160 91 1222 119.
183 1163 341 1228 Radulfus
356 1163 397 1228 de
413 1163 550 1227 Matisco
565 1162 675 1248 posuit
690 1184 725 1227 se
744 1162 779 1226 in
802 1184 955 1248 magnam
974 1160 1108 1225 assisam
1127 1159 1221 1224 Dom.
1243 1174 1379 1224 5111100111

126 1264 216 1352 Regis
244 1266 280 1330 in
309 1265 467 1331 comitatu
504 1265 545 1330 de
582 1264 872 1330 consuetudinibus
908 1272 943 1329 et
979 1262 1123 1328 seruiciis
1158 1285 1223 1349 quc

124 1369 255 1434 Thomas
281 1369 468 1455 Bardulphe
497 1369 584 1455 petit
605 1391 719 1433 uersus
749 1390 834 1444 eum,
860 1368 948 1432 unde
973 1367 1061 1432 idem
1083 1366 1222 1431 Thomas

123 1473 268 1560 exigebat
290 1473 332 1538 ab
354 1474 467 1538 eodem
490 1472 632 1537 Radulfo
654 1473 739 1559 quod
760 1472 911 1537 redderet
933 1472 965 1537 61
984 1473 1026 1536 de
1047 1471 1223 1557 uillenagio

123 1599 317 1662 perannum
340 1576 402 1642 xix.
418 1576 491 1642 den.
507 1584 542 1642 et
563 1599 693 1641 aruram
716 1577 818 1642 trium
840 1576 968 1642 dierum
990 1584 1025 1641 et
1046 1599 1222 1641 messuram

122 1677 217 1743 trium
231 1679 360 1744 dierum
375 1678 417 1743 ad
432 1687 562 1744 austum
577 1678 679 1764 ipsius
694 1678 827 1756 Thema,
843 1687 877 1744 et
891 1701 1061 1766 gersonem
1080 1701 1138 1765 pro
1155 1678 1224 1743 filia

121 1805 176 1848 sua
196 1784 381 1849 maritanda
402 1791 437 1849 et
459 1805 559 1848 unam
581 1783 736 1869 gallinam
759 1783 801 1847 ad
824 1783 945 1848 Natale
968 1791 1002 1848 et
1024 1790 1075 1846 tot
1096 1805 1160 1848 oua
1180 1783 1222 1847 ad

121 1887 238 1954 Pascha
262 1897 297 1954 et
323 1888 495 1974 tallagium
520 1897 554 1952 et
580 1887 667 1973 quod
692 1888 735 1952 sit
761 1888 944 1973 prepositus
969 1910 1055 1964 suus,
1078 1896 1112 1952 et
1135 1887 1223 1952 unde

121 1991 280 2076 predictus
295 1992 456 2057 Radulfus
477 1990 509 2056 ei
528 2013 593 2055 non
613 1990 766 2077 cognouit
781 1990 846 2055 nisi
860 1991 1042 2076 predictum
1057 1991 1222 2056 redditum

120 2103 151 2158 et
165 2105 329 2161 araturam
345 2103 380 2160 et
394 2117 579 2160 messmam.
625 2094 685 2160 Set
700 2094 779 2180 quia
798 2093 856 2158 illa
874 2102 952 2158 sunt
971 2093 1103 2160 seruilia
1126 2102 1161 2160 et
1180 2095 1222 2159 ad

119 2199 329 2289 uillenagium
358 2199 544 2288 spectancia
573 2209 607 2265 et
638 2223 702 2264 non
732 2201 773 2264 ad
811 2199 951 2264 liberum
988 2208 1224 2278 tenementum,

119 2305 354 2371 consideratum
369 2315 419 2370 est
435 2305 521 2391 quod
536 2326 656 2390 magna
673 2304 773 2368 assisa
792 2326 858 2367 non
877 2304 962 2369 iacet
982 2304 1069 2368 inter
1088 2327 1150 2380 eos,
1173 2313 1224 2369 set

119 2407 174 2475 fiat
188 2409 362 2496 inquisicio
376 2432 435 2496 per
448 2409 503 2495 xij.
519 2417 588 2474 tam
603 2407 725 2472 milites
740 2415 811 2485 etc,
825 2407 868 2472 ad
886 2409 1178 2494 recognoscendum
1195 2407 1224 2472 si

117 2512 231 2582 debeat
252 2515 415 2601 predictas
435 2513 686 2580 consuetudines
708 2520 742 2579 ct
762 2512 902 2579 seruicia
924 2522 984 2580 etc.
1031 2515 1109 2579 Post
1129 2514 1223 2580 uenit

116 2617 276 2685 Radulfus
305 2629 340 2686 et
368 2619 533 2707 cognoscit
558 2641 670 2684 omnes
699 2619 862 2705 predictas
887 2620 1137 2685 consuetudines
1162 2629 1223 2685 etc.

117 2722 157 2787 Et
172 2724 246 2790 ideo
262 2726 500 2790 consideratum
517 2723 668 2809 estquod
684 2723 825 2789 Thomas
843 2725 1050 2811 recuperauit
1068 2725 1221 2790 seisinam

115 2846 204 2891 suam
221 2827 265 2892 (16
280 2827 435 2914 predictis
450 2836 511 2892 etc.

47 2936 82 2999 20.
176 2932 291 2996 Assisa
305 2931 399 2996 uenit
413 2930 620 3016 recognitum
634 2930 663 2994 si
677 2929 844 2995 Walterus
858 2930 899 2996 de
915 2932 1085 3019 Hingham
1099 2932 1221 2998 iniuste
1258 2944 1362 2993 utrone-

114 3042 170 3098 etc
192 3032 373 3099 disseisiuit
394 3032 596 3097 Willelmum
618 3031 660 3096 de
682 3032 754 3119 Age
776 3032 818 3097 de
840 3056 1013 3099 communa
1032 3042 1165 3121 pastura
1186 3034 1222 3098 in

113 3134 262 3224 Pallinge
291 3158 354 3222 qua
383 3136 528 3222 pertinet
557 3135 599 3200 ad
629 3133 768 3200 liberum
798 3144 1024 3201 tenementum
1053 3160 1150 3201 suum
1186 3138 1222 3201 in

112 3240 226 3305 cadem
251 3239 332 3304 uilla
358 3247 432 3325 post
454 3238 514 3304 ult'
537 3248 597 3303 etc.
643 3239 686 3303 Et
713 3236 879 3303 Walterus
901 3240 994 3303 uenit
1017 3248 1051 3304 et
1073 3239 1222 3305 concedit

111 3344 256 3421 assisam,
285 3352 319 3409 61
348 3342 428 3407 (11011
458 3342 544 3428 quod
574 3342 758 3407 Willelmus
787 3365 955 3427 nunquam
990 3341 1108 3407 habuit
1144 3344 1221 3407 inde

55 3514 58 3519 ,
111 3448 266 3514 seisinam
289 3448 352 3513 nisi
375 3448 454 3513 dum
478 3447 566 3512 idem
593 3446 758 3511 Walterus
782 3446 846 3512 fuit
872 3447 957 3511 infra
980 3456 1103 3512 etatem
1126 3457 1161 3514 et
1186 3448 1221 3512 in

111 3554 262 3619 custodia
276 3561 336 3617 etc,

173 3658 197 3723 J
200 3666 346 3723 uratores
361 3655 475 3721 dicunt
490 3656 577 3742 quod
592 3658 758 3743 predictus
773 3656 939 3723 Waltcrns
959 3678 1024 3720 non
1044 3656 1221 3721 disseisiuit

109 3761 254 3825 eundem
278 3760 479 3825 Willelmum
504 3760 634 3837 iniuste,
667 3760 745 3846 quia
767 3767 863 3845 pater
891 3758 994 3845 ipsius
1023 3758 1161 3823 Walteri
1186 3767 1222 3823 et

109 3876 329 3930 antecessores
350 3864 402 3929 sui
422 3886 550 3949 semper
569 3871 747 3950 potuerunt
769 3872 890 3929 terram
911 3862 1001 3927 illam
1023 3862 1167 3927 excolere
1186 3870 1221 3925 61

108 3966 186 4033 inde
212 3969 317 4033 facere
341 3968 546 4032 uoluntatem
576 3988 668 4031 suam
698 3966 767 4031 sine
790 3966 901 4052 aliqua
921 3988 1094 4030 commuue
1122 3987 1221 4051 quam

108 4072 179 4158 ipse
206 4074 263 4138 uel
293 4073 377 4138 alius
399 4071 447 4136 ibi
468 4071 612 4149 haberet,
635 4078 685 4135 set
707 4092 823 4135 reuera
843 4070 922 4134 dum
945 4069 1032 4135 idem
1055 4069 1221 4134 Walterus

108 4176 173 4241 fuit
188 4176 227 4241 in
242 4177 390 4242 custodia
404 4175 521 4241 habuit
536 4175 623 4241 idem
635 4174 819 4240 Willelmus
830 4173 1004 4261 aliquando
1016 4195 1220 4239 communam

108 4300 168 4363 per
181 4279 359 4345 custodem.
406 4279 450 4342 Et
465 4278 538 4343 ideo
553 4279 790 4343 consideratum
807 4286 857 4343 est
872 4278 958 4365 quod
969 4278 1133 4342 Walterus
1144 4276 1220 4342 inde

107 4382 245 4466 quietus
259 4390 294 4447 et
308 4381 491 4449 Willelmus
506 4382 541 4449 in
556 4379 774 4447 misericordia
788 4403 847 4466 pro
862 4380 940 4446 falso
955 4380 1092 4447 clamore
1108 4388 1169 4446 610.

197 4518 237 4566 11.
260 4518 309 4569 111.
1091 4503 1133 4566 40
