3167 5075
473 408 614 469 emar,
636 408 701 459 nn.
727 394 820 467 1225,
842 408 904 456 an.
928 378 956 457 9'.
1222 395 1264 457 83

159 582 322 647 Rabertus
345 581 386 648 de
407 579 627 647 Wulewardia
649 588 683 645 et
710 586 775 643 tres
800 578 857 644 alii
882 577 1018 642 milites¹
1043 586 1205 643 uenerunt
1229 588 1264 643 et

157 684 272 751 dicunt
287 694 401 773 postea
415 684 501 772 quod
515 682 656 771 quadam
670 683 723 749 die
736 682 887 748 Veneria¹
900 681 989 768 apud
1003 681 1263 758 Wulewardiam,

157 790 290 867 scilicet,
309 789 442 876 quidam
460 811 573 854 eorum
592 810 652 874 per
674 785 961 851 summonicionem
983 785 1085 872 ipsius
1105 786 1129 851 J
1130 787 1265 852 ohannis

157 892 198 959 de
228 892 337 971 Tisho,
362 893 495 981 quidam
525 915 582 980 pro
613 891 731 957 aueriis
756 891 824 956 suis
849 889 1064 978 replegiandis
1090 912 1153 977 que
1178 891 1265 956 idem

156 996 325 1063 Johannea
338 1006 478 1084 ceperat,
494 1004 529 1062 et
544 1019 619 1061 cum
633 995 680 1061 ibi
695 1002 803 1060 essent
825 994 914 1059 idem
933 994 957 1059 J
958 994 1101 1087 ohannes
1121 996 1266 1082 precepit

156 1101 206 1166 eis
230 1110 270 1166 ut
296 1100 447 1166 uiderent
472 1100 580 1187 ipsum
606 1098 782 1164 Ricardum
811 1107 846 1163 et
871 1096 986 1162 darent
1013 1097 1044 1163 ei
1067 1098 1153 1163 diem
1177 1098 1266 1184 apud

158 1204 494 1282 westmonasterium,
530 1204 579 1268 ita
614 1200 701 1289 quod
737 1223 796 1288 per
831 1210 1021 1287 preceptum
1057 1224 1152 1267 suum
1189 1224 1264 1267 eum

157 1307 314 1373 uiderunt
329 1317 364 1373 et
378 1308 410 1373 ei
423 1306 511 1373 diem
525 1305 686 1371 dederunt
701 1313 735 1370 et
750 1305 774 1370 J
774 1305 917 1369 ohannes
935 1326 1067 1390 presens
1086 1313 1136 1371 est
1156 1313 1190 1370 et
1205 1307 1265 1372 hoc

156 1408 246 1476 idem
269 1410 431 1497 cognoscit
453 1417 487 1475 et
509 1410 589 1475 dicit
611 1408 697 1495 qued
717 1409 777 1473 hoc
798 1408 874 1473 fecit
893 1431 952 1494 per
973 1409 1151 1475 stulticiam
1172 1432 1265 1475 suam

156 1516 229 1581 sine
259 1516 450 1581 uicecomite
479 1524 514 1582 et
542 1515 635 1603 ponit
664 1536 698 1579 ae
728 1514 763 1578 in
793 1512 1052 1579 misericordiam.
1111 1514 1156 1579 Et
1192 1514 1265 1580 ideo

157 1620 377 1686 committitur
389 1620 490 1707 gaole.
535 1619 652 1685 Postea
665 1618 764 1683 finem
779 1617 857 1683 fecit
871 1640 930 1703 per
943 1641 972 1682 x.
988 1618 1134 1684 marcas⁸.

225 1724 270 1789 Et
283 1724 430 1811 Rogerus
445 1731 479 1788 et
490 1722 597 1787 Alicia
611 1722 670 1787 hoc
681 1729 878 1809 cognoscunt
893 1730 927 1787 et
938 1722 1096 1787 Ricardus
1107 1722 1264 1788 similiter.

156 1827 220 1893 Set
234 1826 392 1891 Ricardus
406 1832 479 1913 poet
493 1824 587 1890 uenit
602 1832 636 1889 et
651 1824 731 1889 dicit
746 1824 833 1910 quod
848 1824 936 1889 idem
951 1826 1097 1911 Ragerus
1111 1834 1146 1891 et
1159 1826 1266 1891 Alicia

157 1952 224 1995 non
238 1928 361 1994 debent
375 1951 433 2015 per
447 1951 481 1993 se
495 1927 681 2013 responderi
696 1927 772 2014 quia
786 1927 910 1993 habcnt
931 1928 1123 2015 participem
1142 1930 1266 1995 scilicet

157 2032 324 2121 quandam
344 2032 445 2097 filiam
466 2031 594 2097 Florida
615 2033 776 2119 quondam
792 2032 896 2097 uxor'⁴
911 2032 1062 2098 Nicholai
1075 2034 1116 2099 de
1131 2034 1266 2121 Uptona

156 2161 222 2225 que
237 2145 333 2225 rapta
347 2136 410 2201 fuit
425 2136 460 2201 in
475 2136 569 2201 domo
588 2136 733 2201 eiusdem
755 2136 908 2201 Nicholai
928 2136 1016 2223 apud
1035 2137 1203 2223 Uptcnam
1223 2138 1265 2204 ab

155 2239 350 2306 aduersariis
364 2240 431 2305 suis
446 2248 480 2304 et
496 2239 581 2327 qued
596 2239 656 2304 hoc
671 2262 785 2305 uerum
801 2240 845 2304 sit
860 2248 895 2305 et
916 2241 1003 2327 quod
1021 2242 1070 2306 ita
1088 2250 1183 2328 rapta
1202 2242 1266 2307 fuit

156 2351 192 2409 et
207 2364 267 2428 per
280 2343 423 2408 utesium
438 2342 584 2407 leuatum
600 2342 694 2407 offert
709 2342 803 2407 Dcm.
818 2343 903 2430 Regi
920 2343 962 2409 xl.
978 2345 1031 2410 soi
1047 2366 1106 2430 per
1120 2345 1165 2409 sic
1179 2344 1266 2431 quod

156 2449 185 2515 si
201 2450 263 2513 hoc
277 2471 342 2514 non
357 2448 401 2514 sit
416 2471 530 2514 uerum
545 2448 679 2513 amittat
695 2456 799 2513 totam
814 2446 1018 2533 predictam⁸.

226 2555 272 2620 Et
306 2555 453 2642 Rogerus
482 2563 517 2619 et
546 2553 653 2620 Alicia
681 2561 801 2641 petunt
829 2553 985 2618 iudicium
1015 2576 1110 2619 suum
1139 2563 1174 2620 et
1202 2579 1268 2621 non

156 2658 340 2723 defendunt
355 2658 415 2723 hoc
429 2658 529 2722 immo
544 2656 657 2722 dicunt
677 2656 764 2743 quod
784 2657 849 2722 duo
871 2657 965 2743 pueri
986 2680 1067 2744 quos
1088 2659 1122 2723 N
1123 2659 1266 2724 icholaus

157 2763 276 2828 habuit
298 2763 419 2828 mortui
441 2771 525 2827 sunt.
572 2761 765 2829 concordati
783 2770 860 2827 sunt
879 2771 914 2827 et
928 2763 1074 2849 Rogems
1092 2763 1150 2829 dat
1164 2788 1194 2830 x.
1210 2766 1266 2830 sol.

157 2889 217 2954 pro
232 2866 367 2932 licencia
380 2865 599 2932 concordandi

224 2969 405 3035 ‘Waltems
419 2969 461 3034 de
476 2971 634 3035 Bosebroc
649 2992 707 3056 pro
721 2993 755 3035 se
771 2980 806 3036 et
820 2971 843 3036 J
844 2971 973 3037 ohanna
987 2993 1086 3036 uxore
1100 2995 1160 3036 sua
1173 2971 1265 3037 cuius
1338 3004 1351 3034 ο

157 3073 228 3138 loco
243 3081 303 3138 etc.
320 3081 438 3159 petunt
452 3095 566 3138 uersus
584 3071 759 3138 Ricardum
780 3073 821 3138 de
841 3073 1037 3139 Dunnewer’
1053 3082 1087 3139 et
1101 3074 1265 3160 Agnetem

157 3199 294 3242 uxorem
324 3175 394 3241 eius
424 3175 621 3241 Gilibertum
647 3176 823 3241 Passelewe
850 3176 898 3241 et'
924 3200 1057 3242 uxorem
1084 3177 1154 3242 eius
1179 3177 1266 3263 quod

157 3278 281 3344 faciant
310 3278 342 3342 ei
370 3277 620 3342 consuetudines
649 3286 683 3342 et
712 3285 801 3342 recta
829 3277 965 3342 seruicia
994 3300 1057 3363 que
1086 3279 1133 3343 eis
1161 3278 1265 3343 facere

156 3383 281 3448 debent
314 3381 354 3447 de
387 3382 488 3446 libero
517 3389 706 3447 tenemento
736 3403 795 3448 suo
824 3383 911 3468 quod
940 3383 981 3447 de
1011 3383 1058 3447 eis
1087 3391 1202 3447 tenent
1230 3383 1265 3447 in

156 3487 350 3573 Nywctena,
379 3485 553 3551 Ruchtcna
589 3495 623 3551 et
659 3485 694 3550 in
731 3485 954 3572 Geyntintona
990 3495 1050 3552 etc.
1079 3487 1166 3552 unde
1202 3486 1265 3572 ipsi

156 3591 326 3656 Walterus
352 3597 386 3654 et
411 3589 564 3654 Johanna
588 3589 702 3654 dicunt
721 3588 725 3677 Ι
746 3590 833 3676 quod
855 3590 927 3676 ipsa
951 3591 1103 3656 Johanna
1124 3599 1174 3655 est
1197 3590 1265 3654 filia

156 3695 376 3782 primogenita
390 3695 503 3758 sororis
518 3694 661 3780 ipsarum
673 3693 813 3782 Agnetis
824 3701 858 3759 et
871 3695 966 3760 Sarre
977 3703 1011 3760 et
1021 3695 1091 3780 ipse
1100 3694 1265 3759 Walterus

155 3809 193 3865 et
209 3799 362 3864 Johanna
375 3797 645 3884 acquietauernnt
660 3798 820 3864 releuium
835 3821 931 3863 sunm
951 3799 992 3863 de
1012 3805 1083 3862 tota
1100 3807 1264 3883 terraque

156 3903 223 3970 fuit
237 3902 328 3968 Petri
343 3901 383 3967 de
399 3903 431 3966 N
433 3911 606 3989 ywentona
620 3901 660 3967 de
675 3911 779 3967 morte
793 3902 896 3988 ipsius
915 3901 1005 3966 Petri
1025 3909 1059 3965 et
1079 3901 1165 3987 petit
1179 3901 1265 3987 quod

155 4008 222 4095 ipsi
236 4006 395 4072 Ricardus
410 4015 444 4071 et
463 4006 575 4094 Agnes
596 4007 715 4072 facient
736 4007 782 4072 eis
805 4007 839 4072 in
861 4007 1019 4072 auxilium
1041 4005 1130 4071 illiue
1151 4005 1266 4071 releuii

158 4161 604 4289 fatttatstflttm
619 4160 687 4210 Μ·
770 4159 1127 4288 3313&th

192 4295 204 4326 ²
221 4295 320 4358 supply
329 4299 452 4343 uenerant
464 4295 523 4356 ipsi,
536 4291 566 4340 B.
769 4291 781 4323 ⁶
797 4291 828 4339 Β,
840 4306 876 4339 m.
887 4292 912 4339 8.

192 4359 204 4392 ¹
211 4361 255 4474 ἐὴ
269 4359 388 4475 posstlgese
404 4372 479 4420 pose
495 4355 685 4418 irregularitiea
770 4355 780 4388 ²
798 4355 897 4418 snpply
908 4357 1021 4418 Sar-ram,
1034 4355 1064 4404 B.

157 4439 202 4475 eae
235 4441 255 4478 r.
280 4462 286 4475 .
318 4443 359 4474 a.

1093 4525 1176 4584 6-2
