<?xml version="1.0" encoding="UTF-8"?>
<!DOCTYPE html PUBLIC "-//W3C//DTD XHTML 1.0 Transitional//EN"
    "http://www.w3.org/TR/xhtml1/DTD/xhtml1-transitional.dtd">
<html xmlns="http://www.w3.org/1999/xhtml" xml:lang="en" lang="en">
 <head>
  <title>
</title>
<meta http-equiv="Content-Type" content="text/html;charset=utf-8" />
  <meta name='ocr-system' content='tesseract 3.04.00' />
  <meta name='ocr-capabilities' content='ocr_page ocr_carea ocr_par ocr_line ocrx_word'/>
</head>
<body>
  <div class='ocr_page' id='page_1' title='image "bractonsnoteboo03maitgoog_0717.png"; bbox 0 0 3167 5075; ppageno 0'>
   <div class='ocr_carea' id='block_1_1' title="bbox 517 325 1235 402">
    <p class='ocr_par' dir='ltr' id='par_1_1' title="bbox 517 325 1235 402">
     <span class='ocr_line' id='line_1_1' title="bbox 517 325 1235 402; baseline 0.001 -15"><span class='ocrx_word' id='word_1_1' title='bbox 517 339 583 389; x_wconf 63' lang='lat' dir='ltr'>sn.</span> <span class='ocrx_word' id='word_1_2' title='bbox 609 327 704 402; x_wconf 79' lang='lat'>1221,</span> <span class='ocrx_word' id='word_1_3' title='bbox 725 338 790 390; x_wconf 70' lang='lat' dir='ltr'>Mt.</span> <span class='ocrx_word' id='word_1_4' title='bbox 815 329 844 390; x_wconf 82' lang='lat'>5.</span> <span class='ocrx_word' id='word_1_5' title='bbox 1169 325 1235 392; x_wconf 83' lang='lat'>703</span> 
     </span>
    </p>
   </div>
   <div class='ocr_carea' id='block_1_2' title="bbox 39 507 1375 3708">
    <p class='ocr_par' dir='ltr' id='par_1_2' title="bbox 120 507 1237 786">
     <span class='ocr_line' id='line_1_2' title="bbox 121 507 1236 578; baseline -0.004 0"><span class='ocrx_word' id='word_1_6' title='bbox 121 536 183 578; x_wconf 89' lang='lat' dir='ltr'>sue</span> <span class='ocrx_word' id='word_1_7' title='bbox 219 511 255 576; x_wconf 92' lang='lat' dir='ltr'>in</span> <span class='ocrx_word' id='word_1_8' title='bbox 291 510 470 576; x_wconf 85' lang='lat' dir='ltr'>Barewella</span> <span class='ocrx_word' id='word_1_9' title='bbox 505 509 591 574; x_wconf 87' lang='lat' dir='ltr'>sicut</span> <span class='ocrx_word' id='word_1_10' title='bbox 627 531 700 574; x_wconf 86' lang='lat' dir='ltr'>eam</span> <span class='ocrx_word' id='word_1_11' title='bbox 737 507 859 574; x_wconf 89' lang='lat' dir='ltr'>habere</span> <span class='ocrx_word' id='word_1_12' title='bbox 887 508 1011 574; x_wconf 85' lang='lat' dir='ltr'>debent</span> <span class='ocrx_word' id='word_1_13' title='bbox 1044 517 1079 574; x_wconf 86' lang='lat' dir='ltr'>et</span> <span class='ocrx_word' id='word_1_14' title='bbox 1115 508 1236 574; x_wconf 88' lang='lat' dir='ltr'>habere</span> 
     </span>
     <span class='ocr_line' id='line_1_3' title="bbox 120 613 1237 700; baseline -0.004 -18"><span class='ocrx_word' id='word_1_15' title='bbox 120 622 364 682; x_wconf 85' lang='lat' dir='ltr'>consueuerunt</span> <span class='ocrx_word' id='word_1_16' title='bbox 386 623 531 700; x_wconf 88' lang='lat' dir='ltr'>tempore</span> <span class='ocrx_word' id='word_1_17' title='bbox 553 613 691 678; x_wconf 85' lang='lat' dir='ltr'>Roberti</span> <span class='ocrx_word' id='word_1_18' title='bbox 713 613 877 700; x_wconf 82' lang='lat' dir='ltr'>quondam</span> <span class='ocrx_word' id='word_1_19' title='bbox 900 613 1040 680; x_wconf 85' lang='lat' dir='ltr'>Comitis</span> <span class='ocrx_word' id='word_1_20' title='bbox 1061 613 1237 678; x_wconf 86' lang='lat' dir='ltr'>Leicestrie</span> 
     </span>
     <span class='ocr_line' id='line_1_4' title="bbox 121 721 202 786; baseline 0 0"><span class='ocrx_word' id='word_1_21' title='bbox 121 721 202 786; x_wconf 87' lang='lat' dir='ltr'>etc.¹</span> 
     </span>
    </p>

    <p class='ocr_par' dir='ltr' id='par_1_3' title="bbox 120 820 1240 1736">
     <span class='ocr_line' id='line_1_5' title="bbox 191 820 1238 908; baseline -0.003 -19"><span class='ocrx_word' id='word_1_22' title='bbox 191 825 235 890; x_wconf 88' lang='lat' dir='ltr'>Et</span> <span class='ocrx_word' id='word_1_23' title='bbox 250 824 436 888; x_wconf 90' lang='lat' dir='ltr'>Willelmus</span> <span class='ocrx_word' id='word_1_24' title='bbox 450 822 531 887; x_wconf 84' lang='lat' dir='ltr'>dicit</span> <span class='ocrx_word' id='word_1_25' title='bbox 551 821 639 908; x_wconf 88' lang='lat' dir='ltr'>quod</span> <span class='ocrx_word' id='word_1_26' title='bbox 659 823 720 887; x_wconf 93' lang='lat' dir='ltr'>hoc</span> <span class='ocrx_word' id='word_1_27' title='bbox 739 822 841 887; x_wconf 90' lang='lat' dir='ltr'>breue</span> <span class='ocrx_word' id='word_1_28' title='bbox 862 844 928 886; x_wconf 90' lang='lat' dir='ltr'>non</span> <span class='ocrx_word' id='word_1_29' title='bbox 949 821 1049 886; x_wconf 84' lang='lat' dir='ltr'>debet</span> <span class='ocrx_word' id='word_1_30' title='bbox 1071 820 1103 886; x_wconf 91' lang='lat' dir='ltr'>ei</span> <span class='ocrx_word' id='word_1_31' title='bbox 1123 842 1238 886; x_wconf 87' lang='lat' dir='ltr'>nocere</span> 
     </span>
     <span class='ocr_line' id='line_1_6' title="bbox 123 925 1238 1015; baseline -0.002 -23"><span class='ocrx_word' id='word_1_32' title='bbox 123 929 207 1015; x_wconf 88' lang='lat' dir='ltr'>quin</span> <span class='ocrx_word' id='word_1_33' title='bbox 232 929 333 993; x_wconf 80' lang='lat' dir='ltr'>assisa</span> <span class='ocrx_word' id='word_1_34' title='bbox 357 926 520 1013; x_wconf 84' lang='lat' dir='ltr'>procedat,</span> <span class='ocrx_word' id='word_1_35' title='bbox 544 926 622 1012; x_wconf 86' lang='lat' dir='ltr'>quia</span> <span class='ocrx_word' id='word_1_36' title='bbox 647 926 796 992; x_wconf 88' lang='lat' dir='ltr'>homines</span> <span class='ocrx_word' id='word_1_37' title='bbox 820 927 862 990; x_wconf 91' lang='lat' dir='ltr'>de</span> <span class='ocrx_word' id='word_1_38' title='bbox 889 925 1048 992; x_wconf 83' lang='lat' dir='ltr'>Sheltona</span> <span class='ocrx_word' id='word_1_39' title='bbox 1070 947 1238 1011; x_wconf 86' lang='lat' dir='ltr'>nunquam</span> 
     </span>
     <span class='ocr_line' id='line_1_7' title="bbox 121 1029 1238 1118; baseline -0.002 -22"><span class='ocrx_word' id='word_1_40' title='bbox 121 1041 271 1118; x_wconf 84' lang='lat' dir='ltr'>tempore</span> <span class='ocrx_word' id='word_1_41' title='bbox 288 1031 426 1097; x_wconf 83' lang='lat' dir='ltr'>Comitis</span> <span class='ocrx_word' id='word_1_42' title='bbox 441 1030 578 1094; x_wconf 82' lang='lat' dir='ltr'>Roberti</span> <span class='ocrx_word' id='word_1_43' title='bbox 593 1029 779 1094; x_wconf 85' lang='lat' dir='ltr'>habuerunt</span> <span class='ocrx_word' id='word_1_44' title='bbox 795 1052 1001 1095; x_wconf 80' lang='lat' dir='ltr'>communem</span> <span class='ocrx_word' id='word_1_45' title='bbox 1015 1031 1105 1095; x_wconf 84' lang='lat' dir='ltr'>ultra</span> <span class='ocrx_word' id='word_1_46' title='bbox 1119 1029 1238 1116; x_wconf 82' lang='lat' dir='ltr'>hayam</span> 
     </span>
     <span class='ocr_line' id='line_1_8' title="bbox 121 1132 1237 1218; baseline -0.004 -18"><span class='ocrx_word' id='word_1_47' title='bbox 121 1135 226 1212; x_wconf 87' lang='lat' dir='ltr'>illam,</span> <span class='ocrx_word' id='word_1_48' title='bbox 237 1142 271 1200; x_wconf 86' lang='lat' dir='ltr'>et</span> <span class='ocrx_word' id='word_1_49' title='bbox 283 1133 356 1199; x_wconf 90' lang='lat' dir='ltr'>ideo</span> <span class='ocrx_word' id='word_1_50' title='bbox 367 1133 458 1198; x_wconf 88' lang='lat' dir='ltr'>illam</span> <span class='ocrx_word' id='word_1_51' title='bbox 469 1155 527 1218; x_wconf 92' lang='lat' dir='ltr'>per</span> <span class='ocrx_word' id='word_1_52' title='bbox 537 1132 638 1197; x_wconf 91' lang='lat' dir='ltr'>breue</span> <span class='ocrx_word' id='word_1_53' title='bbox 649 1132 734 1197; x_wconf 92' lang='lat' dir='ltr'>illud</span> <span class='ocrx_word' id='word_1_54' title='bbox 747 1140 950 1218; x_wconf 82' lang='lat' dir='ltr'>prosternere</span> <span class='ocrx_word' id='word_1_55' title='bbox 964 1155 1031 1198; x_wconf 91' lang='lat' dir='ltr'>non</span> <span class='ocrx_word' id='word_1_56' title='bbox 1044 1132 1237 1198; x_wconf 89' lang='lat' dir='ltr'>debuerunt.</span> 
     </span>
     <span class='ocr_line' id='line_1_9' title="bbox 122 1235 1240 1324; baseline -0.002 -22"><span class='ocrx_word' id='word_1_57' title='bbox 122 1239 171 1303; x_wconf 84' lang='lat' dir='ltr'>Et</span> <span class='ocrx_word' id='word_1_58' title='bbox 207 1247 356 1324; x_wconf 84' lang='lat' dir='ltr'>preterea</span> <span class='ocrx_word' id='word_1_59' title='bbox 392 1236 473 1302; x_wconf 89' lang='lat' dir='ltr'>dicit</span> <span class='ocrx_word' id='word_1_60' title='bbox 508 1236 597 1322; x_wconf 88' lang='lat' dir='ltr'>quod</span> <span class='ocrx_word' id='word_1_61' title='bbox 633 1245 779 1322; x_wconf 85' lang='lat' dir='ltr'>tempore</span> <span class='ocrx_word' id='word_1_62' title='bbox 816 1236 954 1302; x_wconf 86' lang='lat' dir='ltr'>Roberti</span> <span class='ocrx_word' id='word_1_63' title='bbox 984 1236 1131 1312; x_wconf 88' lang='lat' dir='ltr'>Comitis,</span> <span class='ocrx_word' id='word_1_64' title='bbox 1161 1235 1240 1322; x_wconf 86' lang='lat' dir='ltr'>quia</span> 
     </span>
     <span class='ocr_line' id='line_1_10' title="bbox 121 1340 1239 1427; baseline -0.003 -21"><span class='ocrx_word' id='word_1_65' title='bbox 121 1343 273 1406; x_wconf 86' lang='lat' dir='ltr'>homines</span> <span class='ocrx_word' id='word_1_66' title='bbox 301 1340 441 1427; x_wconf 77' lang='lat' dir='ltr'>predicti</span> <span class='ocrx_word' id='word_1_67' title='bbox 471 1362 530 1405; x_wconf 87' lang='lat' dir='ltr'>nec</span> <span class='ocrx_word' id='word_1_68' title='bbox 560 1340 618 1405; x_wconf 85' lang='lat' dir='ltr'>alii</span> <span class='ocrx_word' id='word_1_69' title='bbox 647 1341 790 1426; x_wconf 84' lang='lat' dir='ltr'>aliquam</span> <span class='ocrx_word' id='word_1_70' title='bbox 820 1363 1026 1406; x_wconf 83' lang='lat' dir='ltr'>communsm</span> <span class='ocrx_word' id='word_1_71' title='bbox 1052 1340 1239 1405; x_wconf 87' lang='lat' dir='ltr'>habuerunt</span> 
     </span>
     <span class='ocr_line' id='line_1_11' title="bbox 120 1440 1238 1529; baseline -0.001 -22"><span class='ocrx_word' id='word_1_72' title='bbox 120 1443 211 1508; x_wconf 82' lang='lat' dir='ltr'>infra</span> <span class='ocrx_word' id='word_1_73' title='bbox 224 1443 342 1529; x_wconf 77' lang='lat' dir='ltr'>heyam</span> <span class='ocrx_word' id='word_1_74' title='bbox 356 1442 457 1520; x_wconf 87' lang='lat' dir='ltr'>illam,</span> <span class='ocrx_word' id='word_1_75' title='bbox 470 1440 663 1528; x_wconf 85' lang='lat' dir='ltr'>impetrauit</span> <span class='ocrx_word' id='word_1_76' title='bbox 676 1442 746 1528; x_wconf 88' lang='lat' dir='ltr'>ipse</span> <span class='ocrx_word' id='word_1_77' title='bbox 767 1442 935 1508; x_wconf 76' lang='lat' dir='ltr'>licenciam</span> <span class='ocrx_word' id='word_1_78' title='bbox 955 1465 976 1507; x_wconf 83' lang='lat' dir='ltr'>a</span> <span class='ocrx_word' id='word_1_79' title='bbox 989 1443 1083 1508; x_wconf 86' lang='lat' dir='ltr'>Dom</span> <span class='ocrx_word' id='word_1_80' title='bbox 1099 1441 1131 1508; x_wconf 89' lang='lat' dir='ltr'>J.</span> <span class='ocrx_word' id='word_1_81' title='bbox 1147 1443 1238 1528; x_wconf 82' lang='lat' dir='ltr'>Rege</span> 
     </span>
     <span class='ocr_line' id='line_1_12' title="bbox 121 1545 1238 1632; baseline -0.002 -20"><span class='ocrx_word' id='word_1_82' title='bbox 121 1547 167 1612; x_wconf 88' lang='lat' dir='ltr'>de</span> <span class='ocrx_word' id='word_1_83' title='bbox 183 1546 361 1612; x_wconf 87' lang='lat' dir='ltr'>claudendo</span> <span class='ocrx_word' id='word_1_84' title='bbox 375 1546 471 1610; x_wconf 87' lang='lat' dir='ltr'>bosco</span> <span class='ocrx_word' id='word_1_85' title='bbox 485 1545 550 1621; x_wconf 89' lang='lat' dir='ltr'>illo,</span> <span class='ocrx_word' id='word_1_86' title='bbox 566 1553 601 1609; x_wconf 84' lang='lat' dir='ltr'>et</span> <span class='ocrx_word' id='word_1_87' title='bbox 616 1545 665 1610; x_wconf 83' lang='lat' dir='ltr'>ita</span> <span class='ocrx_word' id='word_1_88' title='bbox 683 1567 743 1631; x_wconf 88' lang='lat' dir='ltr'>per</span> <span class='ocrx_word' id='word_1_89' title='bbox 761 1545 931 1611; x_wconf 80' lang='lat' dir='ltr'>licenciam</span> <span class='ocrx_word' id='word_1_90' title='bbox 951 1547 1038 1610; x_wconf 84' lang='lat' dir='ltr'>facta</span> <span class='ocrx_word' id='word_1_91' title='bbox 1059 1546 1123 1610; x_wconf 78' lang='lat' dir='ltr'>fuit</span> <span class='ocrx_word' id='word_1_92' title='bbox 1145 1545 1238 1632; x_wconf 82' lang='lat' dir='ltr'>haya,</span> 
     </span>
     <span class='ocr_line' id='line_1_13' title="bbox 121 1649 832 1736; baseline -0.003 -20"><span class='ocrx_word' id='word_1_93' title='bbox 121 1659 161 1716; x_wconf 91' lang='lat' dir='ltr'>et</span> <span class='ocrx_word' id='word_1_94' title='bbox 176 1673 263 1716; x_wconf 89' lang='lat' dir='ltr'>nuno</span> <span class='ocrx_word' id='word_1_95' title='bbox 278 1649 319 1714; x_wconf 93' lang='lat' dir='ltr'>de</span> <span class='ocrx_word' id='word_1_96' title='bbox 333 1671 420 1714; x_wconf 91' lang='lat' dir='ltr'>nouo</span> <span class='ocrx_word' id='word_1_97' title='bbox 433 1657 585 1736; x_wconf 81' lang='lat' dir='ltr'>reparata</span> <span class='ocrx_word' id='word_1_98' title='bbox 599 1657 634 1714; x_wconf 86' lang='lat' dir='ltr'>et</span> <span class='ocrx_word' id='word_1_99' title='bbox 649 1651 832 1714; x_wconf 83' lang='lat' dir='ltr'>emendata</span> 
     </span>
    </p>

    <p class='ocr_par' dir='ltr' id='par_1_4' title="bbox 123 1752 1240 2236">
     <span class='ocr_line' id='line_1_14' title="bbox 193 1752 1239 1840; baseline 0 -22"><span class='ocrx_word' id='word_1_100' title='bbox 193 1755 237 1818; x_wconf 86' lang='lat' dir='ltr'>Et</span> <span class='ocrx_word' id='word_1_101' title='bbox 252 1754 399 1840; x_wconf 73' lang='lat' dir='ltr'>Rogatus</span> <span class='ocrx_word' id='word_1_102' title='bbox 419 1761 454 1817; x_wconf 88' lang='lat' dir='ltr'>et</span> <span class='ocrx_word' id='word_1_103' title='bbox 473 1753 531 1818; x_wconf 85' lang='lat' dir='ltr'>alii</span> <span class='ocrx_word' id='word_1_104' title='bbox 550 1752 666 1818; x_wconf 86' lang='lat' dir='ltr'>dicunt</span> <span class='ocrx_word' id='word_1_105' title='bbox 685 1753 772 1840; x_wconf 91' lang='lat' dir='ltr'>quod</span> <span class='ocrx_word' id='word_1_106' title='bbox 791 1763 879 1820; x_wconf 85' lang='lat' dir='ltr'>terra</span> <span class='ocrx_word' id='word_1_107' title='bbox 899 1754 963 1819; x_wconf 83' lang='lat' dir='ltr'>suit</span> <span class='ocrx_word' id='word_1_108' title='bbox 983 1762 1062 1819; x_wconf 87' lang='lat' dir='ltr'>tunc</span> <span class='ocrx_word' id='word_1_109' title='bbox 1083 1753 1239 1840; x_wconf 85' lang='lat' dir='ltr'>temporis</span> 
     </span>
     <span class='ocr_line' id='line_1_15' title="bbox 123 1857 1238 1944; baseline 0 -20"><span class='ocrx_word' id='word_1_110' title='bbox 123 1860 161 1924; x_wconf 90' lang='lat' dir='ltr'>in</span> <span class='ocrx_word' id='word_1_111' title='bbox 192 1881 292 1923; x_wconf 86' lang='lat' dir='ltr'>manu</span> <span class='ocrx_word' id='word_1_112' title='bbox 322 1857 415 1922; x_wconf 84' lang='lat' dir='ltr'>Dom</span> <span class='ocrx_word' id='word_1_113' title='bbox 443 1857 553 1944; x_wconf 85' lang='lat' dir='ltr'>Regis,</span> <span class='ocrx_word' id='word_1_114' title='bbox 576 1865 629 1923; x_wconf 87' lang='lat' dir='ltr'>set</span> <span class='ocrx_word' id='word_1_115' title='bbox 652 1857 732 1923; x_wconf 90' lang='lat' dir='ltr'>dum</span> <span class='ocrx_word' id='word_1_116' title='bbox 758 1858 874 1925; x_wconf 87' lang='lat' dir='ltr'>Comes</span> <span class='ocrx_word' id='word_1_117' title='bbox 900 1859 1064 1925; x_wconf 85' lang='lat' dir='ltr'>Robertus</span> <span class='ocrx_word' id='word_1_118' title='bbox 1085 1867 1121 1924; x_wconf 86' lang='lat' dir='ltr'>et</span> <span class='ocrx_word' id='word_1_119' title='bbox 1146 1867 1238 1924; x_wconf 85' lang='lat' dir='ltr'>ante·</span> 
     </span>
     <span class='ocr_line' id='line_1_16' title="bbox 123 1960 1238 2047; baseline -0.003 -20"><span class='ocrx_word' id='word_1_120' title='bbox 123 1983 265 2027; x_wconf 90' lang='lat' dir='ltr'>cessores</span> <span class='ocrx_word' id='word_1_121' title='bbox 279 1960 331 2026; x_wconf 91' lang='lat' dir='ltr'>sui</span> <span class='ocrx_word' id='word_1_122' title='bbox 346 1960 532 2025; x_wconf 87' lang='lat' dir='ltr'>habuerunt</span> <span class='ocrx_word' id='word_1_123' title='bbox 546 1968 667 2026; x_wconf 79' lang='lat' dir='ltr'>terram</span> <span class='ocrx_word' id='word_1_124' title='bbox 687 1960 777 2026; x_wconf 91' lang='lat' dir='ltr'>illam</span> <span class='ocrx_word' id='word_1_125' title='bbox 798 1983 927 2047; x_wconf 84' lang='lat' dir='ltr'>semper</span> <span class='ocrx_word' id='word_1_126' title='bbox 945 1961 1133 2027; x_wconf 87' lang='lat' dir='ltr'>habuerunt</span> <span class='ocrx_word' id='word_1_127' title='bbox 1152 1983 1238 2027; x_wconf 91' lang='lat' dir='ltr'>com·</span> 
     </span>
     <span class='ocr_line' id='line_1_17' title="bbox 124 2064 1240 2152; baseline -0.003 -21"><span class='ocrx_word' id='word_1_128' title='bbox 124 2088 261 2132; x_wconf 85' lang='lat' dir='ltr'>munam</span> <span class='ocrx_word' id='word_1_129' title='bbox 276 2065 311 2130; x_wconf 87' lang='lat' dir='ltr'>in</span> <span class='ocrx_word' id='word_1_130' title='bbox 326 2065 421 2130; x_wconf 90' lang='lat' dir='ltr'>bosco</span> <span class='ocrx_word' id='word_1_131' title='bbox 435 2065 493 2130; x_wconf 90' lang='lat' dir='ltr'>illo</span> <span class='ocrx_word' id='word_1_132' title='bbox 512 2065 597 2129; x_wconf 83' lang='lat' dir='ltr'>infra</span> <span class='ocrx_word' id='word_1_133' title='bbox 616 2065 744 2152; x_wconf 83' lang='lat' dir='ltr'>hayam,</span> <span class='ocrx_word' id='word_1_134' title='bbox 759 2073 795 2129; x_wconf 88' lang='lat' dir='ltr'>et</span> <span class='ocrx_word' id='word_1_135' title='bbox 814 2087 982 2151; x_wconf 83' lang='lat' dir='ltr'>nunquam</span> <span class='ocrx_word' id='word_1_136' title='bbox 1003 2065 1068 2129; x_wconf 84' lang='lat' dir='ltr'>fuit</span> <span class='ocrx_word' id='word_1_137' title='bbox 1087 2064 1134 2129; x_wconf 88' lang='lat' dir='ltr'>ibi</span> <span class='ocrx_word' id='word_1_138' title='bbox 1154 2064 1240 2151; x_wconf 85' lang='lat' dir='ltr'>haya</span> 
     </span>
     <span class='ocr_line' id='line_1_18' title="bbox 124 2171 312 2236; baseline -0.011 0"><span class='ocrx_word' id='word_1_139' title='bbox 124 2171 239 2236; x_wconf 82' lang='lat' dir='ltr'>leuata</span> <span class='ocrx_word' id='word_1_140' title='bbox 252 2178 312 2234; x_wconf 84' lang='lat' dir='ltr'>etc.</span> 
     </span>
    </p>

    <p class='ocr_par' dir='ltr' id='par_1_5' title="bbox 123 2272 1240 2569">
     <span class='ocr_line' id='line_1_19' title="bbox 193 2272 1239 2359; baseline -0.002 -21"><span class='ocrx_word' id='word_1_141' title='bbox 193 2275 237 2339; x_wconf 89' lang='lat' dir='ltr'>Et</span> <span class='ocrx_word' id='word_1_142' title='bbox 260 2273 445 2340; x_wconf 86' lang='lat' dir='ltr'>Willelmus</span> <span class='ocrx_word' id='word_1_143' title='bbox 469 2273 551 2338; x_wconf 87' lang='lat' dir='ltr'>dicit</span> <span class='ocrx_word' id='word_1_144' title='bbox 576 2272 663 2359; x_wconf 91' lang='lat' dir='ltr'>quod</span> <span class='ocrx_word' id='word_1_145' title='bbox 689 2273 838 2359; x_wconf 86' lang='lat' dir='ltr'>sequitur</span> <span class='ocrx_word' id='word_1_146' title='bbox 862 2273 996 2337; x_wconf 79' lang='lat' dir='ltr'>assisam</span> <span class='ocrx_word' id='word_1_147' title='bbox 1021 2295 1124 2350; x_wconf 84' lang='lat' dir='ltr'>suam,</span> <span class='ocrx_word' id='word_1_148' title='bbox 1150 2281 1184 2336; x_wconf 87' lang='lat' dir='ltr'>et</span> <span class='ocrx_word' id='word_1_149' title='bbox 1210 2272 1239 2337; x_wconf 90' lang='lat' dir='ltr'>si</span> 
     </span>
     <span class='ocr_line' id='line_1_20' title="bbox 123 2375 1240 2462; baseline -0.002 -19"><span class='ocrx_word' id='word_1_150' title='bbox 123 2377 217 2443; x_wconf 88' lang='lat' dir='ltr'>curia</span> <span class='ocrx_word' id='word_1_151' title='bbox 236 2375 488 2441; x_wconf 86' lang='lat' dir='ltr'>considerauerit</span> <span class='ocrx_word' id='word_1_152' title='bbox 508 2376 594 2462; x_wconf 89' lang='lat' dir='ltr'>quod</span> <span class='ocrx_word' id='word_1_153' title='bbox 614 2375 722 2440; x_wconf 80' lang='lat' dir='ltr'>iurata</span> <span class='ocrx_word' id='word_1_154' title='bbox 741 2375 814 2440; x_wconf 89' lang='lat' dir='ltr'>fieri</span> <span class='ocrx_word' id='word_1_155' title='bbox 833 2375 952 2440; x_wconf 82' lang='lat' dir='ltr'>debeat</span> <span class='ocrx_word' id='word_1_156' title='bbox 971 2398 1029 2461; x_wconf 90' lang='lat' dir='ltr'>per</span> <span class='ocrx_word' id='word_1_157' title='bbox 1050 2377 1116 2440; x_wconf 84' lang='lat' dir='ltr'>alis</span> <span class='ocrx_word' id='word_1_158' title='bbox 1138 2376 1240 2441; x_wconf 85' lang='lat' dir='ltr'>uerba</span> 
     </span>
     <span class='ocr_line' id='line_1_21' title="bbox 123 2479 1190 2569; baseline 0.001 -23"><span class='ocrx_word' id='word_1_159' title='bbox 123 2503 225 2569; x_wconf 88' lang='lat' dir='ltr'>quam</span> <span class='ocrx_word' id='word_1_160' title='bbox 240 2503 298 2567; x_wconf 88' lang='lat' dir='ltr'>per</span> <span class='ocrx_word' id='word_1_161' title='bbox 312 2481 412 2546; x_wconf 88' lang='lat' dir='ltr'>breue</span> <span class='ocrx_word' id='word_1_162' title='bbox 427 2502 512 2545; x_wconf 90' lang='lat' dir='ltr'>noue</span> <span class='ocrx_word' id='word_1_163' title='bbox 527 2479 703 2559; x_wconf 86' lang='lat' dir='ltr'>disseisine,</span> <span class='ocrx_word' id='word_1_164' title='bbox 718 2479 859 2545; x_wconf 78' lang='lat' dir='ltr'>libenter</span> <span class='ocrx_word' id='word_1_165' title='bbox 873 2502 945 2545; x_wconf 88' lang='lat' dir='ltr'>eam</span> <span class='ocrx_word' id='word_1_166' title='bbox 960 2481 1115 2546; x_wconf 77' lang='lat' dir='ltr'>concedet</span> <span class='ocrx_word' id='word_1_167' title='bbox 1129 2490 1190 2547; x_wconf 83' lang='lat' dir='ltr'>etc</span> 
     </span>
    </p>

    <p class='ocr_par' dir='ltr' id='par_1_6' title="bbox 125 2584 1240 3275">
     <span class='ocr_line' id='line_1_22' title="bbox 193 2584 1238 2672; baseline 0.002 -21"><span class='ocrx_word' id='word_1_168' title='bbox 193 2586 237 2651; x_wconf 90' lang='lat' dir='ltr'>Et</span> <span class='ocrx_word' id='word_1_169' title='bbox 259 2585 337 2671; x_wconf 88' lang='lat' dir='ltr'>quia</span> <span class='ocrx_word' id='word_1_170' title='bbox 358 2585 415 2650; x_wconf 84' lang='lat' dir='ltr'>alii</span> <span class='ocrx_word' id='word_1_171' title='bbox 438 2594 636 2672; x_wconf 81' lang='lat' dir='ltr'>cognoscunt</span> <span class='ocrx_word' id='word_1_172' title='bbox 661 2584 864 2649; x_wconf 90' lang='lat' dir='ltr'>disseisinam</span> <span class='ocrx_word' id='word_1_173' title='bbox 886 2592 921 2648; x_wconf 87' lang='lat' dir='ltr'>et</span> <span class='ocrx_word' id='word_1_174' title='bbox 942 2607 1001 2670; x_wconf 90' lang='lat' dir='ltr'>per</span> <span class='ocrx_word' id='word_1_175' title='bbox 1022 2586 1122 2650; x_wconf 87' lang='lat' dir='ltr'>breue</span> <span class='ocrx_word' id='word_1_176' title='bbox 1144 2586 1238 2653; x_wconf 83' lang='lat' dir='ltr'>Dom</span> 
     </span>
     <span class='ocr_line' id='line_1_23' title="bbox 125 2686 1240 2777; baseline -0.001 -21"><span class='ocrx_word' id='word_1_177' title='bbox 125 2690 229 2777; x_wconf 82' lang='lat' dir='ltr'>Regis</span> <span class='ocrx_word' id='word_1_178' title='bbox 244 2689 331 2776; x_wconf 90' lang='lat' dir='ltr'>quod</span> <span class='ocrx_word' id='word_1_179' title='bbox 344 2690 521 2776; x_wconf 84' lang='lat' dir='ltr'>proferunt,</span> <span class='ocrx_word' id='word_1_180' title='bbox 536 2698 704 2754; x_wconf 85' lang='lat' dir='ltr'>remaneat</span> <span class='ocrx_word' id='word_1_181' title='bbox 717 2687 826 2753; x_wconf 83' lang='lat' dir='ltr'>assisa</span> <span class='ocrx_word' id='word_1_182' title='bbox 869 2686 978 2751; x_wconf 82' lang='lat' dir='ltr'>Datus</span> <span class='ocrx_word' id='word_1_183' title='bbox 992 2696 1043 2753; x_wconf 85' lang='lat' dir='ltr'>est</span> <span class='ocrx_word' id='word_1_184' title='bbox 1063 2687 1133 2753; x_wconf 91' lang='lat' dir='ltr'>dies</span> <span class='ocrx_word' id='word_1_185' title='bbox 1151 2688 1240 2777; x_wconf 84' lang='lat' dir='ltr'>apud</span> 
     </span>
     <span class='ocr_line' id='line_1_24' title="bbox 127 2789 1240 2877; baseline -0.002 -18"><span class='ocrx_word' id='word_1_186' title='bbox 127 2791 456 2859; x_wconf 79' lang='lat' dir='ltr'>westmonasterium</span> <span class='ocrx_word' id='word_1_187' title='bbox 471 2790 513 2855; x_wconf 90' lang='lat' dir='ltr'>de</span> <span class='ocrx_word' id='word_1_188' title='bbox 528 2789 689 2856; x_wconf 87' lang='lat' dir='ltr'>audiendo</span> <span class='ocrx_word' id='word_1_189' title='bbox 704 2790 825 2855; x_wconf 89' lang='lat' dir='ltr'>iudicio</span> <span class='ocrx_word' id='word_1_190' title='bbox 842 2812 911 2856; x_wconf 86' lang='lat' dir='ltr'>suo.</span> <span class='ocrx_word' id='word_1_191' title='bbox 954 2790 1010 2855; x_wconf 86' lang='lat' dir='ltr'>Ad</span> <span class='ocrx_word' id='word_1_192' title='bbox 1032 2814 1130 2877; x_wconf 89' lang='lat' dir='ltr'>quem</span> <span class='ocrx_word' id='word_1_193' title='bbox 1153 2792 1240 2857; x_wconf 91' lang='lat' dir='ltr'>diem</span> 
     </span>
     <span class='ocr_line' id='line_1_25' title="bbox 127 2894 1240 2982; baseline -0.002 -19"><span class='ocrx_word' id='word_1_194' title='bbox 127 2896 222 2963; x_wconf 88' lang='lat' dir='ltr'>uenit</span> <span class='ocrx_word' id='word_1_195' title='bbox 248 2895 433 2961; x_wconf 88' lang='lat' dir='ltr'>Willelmus</span> <span class='ocrx_word' id='word_1_196' title='bbox 458 2904 493 2960; x_wconf 89' lang='lat' dir='ltr'>et</span> <span class='ocrx_word' id='word_1_197' title='bbox 519 2894 600 2960; x_wconf 86' lang='lat' dir='ltr'>dicit</span> <span class='ocrx_word' id='word_1_198' title='bbox 626 2894 714 2980; x_wconf 91' lang='lat' dir='ltr'>quod</span> <span class='ocrx_word' id='word_1_199' title='bbox 737 2894 879 2980; x_wconf 87' lang='lat' dir='ltr'>predicti</span> <span class='ocrx_word' id='word_1_200' title='bbox 903 2895 1051 2961; x_wconf 88' lang='lat' dir='ltr'>homines</span> <span class='ocrx_word' id='word_1_201' title='bbox 1072 2918 1240 2982; x_wconf 88' lang='lat' dir='ltr'>nunquam</span> 
     </span>
     <span class='ocr_line' id='line_1_26' title="bbox 127 2998 1240 3086; baseline -0.001 -21"><span class='ocrx_word' id='word_1_202' title='bbox 127 3010 274 3086; x_wconf 88' lang='lat' dir='ltr'>tempore</span> <span class='ocrx_word' id='word_1_203' title='bbox 291 2999 430 3065; x_wconf 81' lang='lat' dir='ltr'>Comitis</span> <span class='ocrx_word' id='word_1_204' title='bbox 444 2998 582 3063; x_wconf 81' lang='lat' dir='ltr'>Roberti</span> <span class='ocrx_word' id='word_1_205' title='bbox 595 2998 782 3063; x_wconf 84' lang='lat' dir='ltr'>habuerunt</span> <span class='ocrx_word' id='word_1_206' title='bbox 797 3021 1004 3063; x_wconf 84' lang='lat' dir='ltr'>communsm</span> <span class='ocrx_word' id='word_1_207' title='bbox 1024 2998 1060 3064; x_wconf 91' lang='lat' dir='ltr'>in</span> <span class='ocrx_word' id='word_1_208' title='bbox 1074 3000 1169 3064; x_wconf 88' lang='lat' dir='ltr'>bosoo</span> <span class='ocrx_word' id='word_1_209' title='bbox 1183 3000 1240 3064; x_wconf 89' lang='lat' dir='ltr'>illo</span> 
     </span>
     <span class='ocr_line' id='line_1_27' title="bbox 126 3103 1240 3190; baseline -0.001 -21"><span class='ocrx_word' id='word_1_210' title='bbox 126 3106 213 3169; x_wconf 86' lang='lat' dir='ltr'>infra</span> <span class='ocrx_word' id='word_1_211' title='bbox 242 3104 370 3190; x_wconf 89' lang='lat' dir='ltr'>hayam,</span> <span class='ocrx_word' id='word_1_212' title='bbox 399 3113 434 3169; x_wconf 84' lang='lat' dir='ltr'>et</span> <span class='ocrx_word' id='word_1_213' title='bbox 463 3103 539 3169; x_wconf 89' lang='lat' dir='ltr'>inde</span> <span class='ocrx_word' id='word_1_214' title='bbox 568 3103 663 3190; x_wconf 84' lang='lat' dir='ltr'>ponit</span> <span class='ocrx_word' id='word_1_215' title='bbox 691 3126 726 3169; x_wconf 87' lang='lat' dir='ltr'>se</span> <span class='ocrx_word' id='word_1_216' title='bbox 758 3126 857 3189; x_wconf 89' lang='lat' dir='ltr'>super</span> <span class='ocrx_word' id='word_1_217' title='bbox 893 3104 1042 3170; x_wconf 85' lang='lat' dir='ltr'>iuratam</span> <span class='ocrx_word' id='word_1_218' title='bbox 1102 3106 1147 3170; x_wconf 86' lang='lat' dir='ltr'>Et</span> <span class='ocrx_word' id='word_1_219' title='bbox 1183 3105 1240 3169; x_wconf 84' lang='lat' dir='ltr'>alii</span> 
     </span>
     <span class='ocr_line' id='line_1_28' title="bbox 126 3206 631 3275; baseline -0.006 0"><span class='ocrx_word' id='word_1_220' title='bbox 126 3208 287 3275; x_wconf 87' lang='lat' dir='ltr'>similiter.</span> <span class='ocrx_word' id='word_1_221' title='bbox 334 3209 378 3274; x_wconf 90' lang='lat' dir='ltr'>Et</span> <span class='ocrx_word' id='word_1_222' title='bbox 393 3208 467 3273; x_wconf 88' lang='lat' dir='ltr'>ideo</span> <span class='ocrx_word' id='word_1_223' title='bbox 483 3208 543 3273; x_wconf 85' lang='lat' dir='ltr'>fiat</span> <span class='ocrx_word' id='word_1_224' title='bbox 559 3206 631 3273; x_wconf 80' lang='lat' dir='ltr'>etc.1</span> 
     </span>
    </p>

    <p class='ocr_par' dir='ltr' id='par_1_7' title="bbox 39 3308 1375 3708">
     <span class='ocr_line' id='line_1_29' title="bbox 39 3308 1241 3397; baseline 0 -22"><span class='ocrx_word' id='word_1_225' title='bbox 39 3320 47 3333; x_wconf 93' lang='lat'>&#39;</span> <span class='ocrx_word' id='word_1_226' title='bbox 75 3366 82 3378; x_wconf 92' lang='lat'>.</span> <span class='ocrx_word' id='word_1_227' title='bbox 194 3311 307 3375; x_wconf 86' lang='lat' dir='ltr'>Assisa</span> <span class='ocrx_word' id='word_1_228' title='bbox 326 3310 420 3375; x_wconf 84' lang='lat' dir='ltr'>uenit</span> <span class='ocrx_word' id='word_1_229' title='bbox 439 3310 645 3397; x_wconf 83' lang='lat' dir='ltr'>recognitum</span> <span class='ocrx_word' id='word_1_230' title='bbox 665 3308 693 3373; x_wconf 88' lang='lat' dir='ltr'>si</span> <span class='ocrx_word' id='word_1_231' title='bbox 712 3308 880 3373; x_wconf 85' lang='lat' dir='ltr'>Johannes</span> <span class='ocrx_word' id='word_1_232' title='bbox 899 3308 986 3372; x_wconf 91' lang='lat' dir='ltr'>filius</span> <span class='ocrx_word' id='word_1_233' title='bbox 1004 3308 1127 3373; x_wconf 86' lang='lat' dir='ltr'>Alwini</span> <span class='ocrx_word' id='word_1_234' title='bbox 1145 3316 1241 3395; x_wconf 85' lang='lat' dir='ltr'>pater</span> 
     </span>
     <span class='ocr_line' id='line_1_30' title="bbox 126 3412 1240 3502; baseline -0.002 -21"><span class='ocrx_word' id='word_1_235' title='bbox 126 3415 250 3502; x_wconf 86' lang='lat' dir='ltr'>Rogeri</span> <span class='ocrx_word' id='word_1_236' title='bbox 264 3414 328 3478; x_wconf 82' lang='lat' dir='ltr'>suit</span> <span class='ocrx_word' id='word_1_237' title='bbox 342 3414 473 3479; x_wconf 84' lang='lat' dir='ltr'>seisitus</span> <span class='ocrx_word' id='word_1_238' title='bbox 488 3422 547 3478; x_wconf 89' lang='lat' dir='ltr'>etc.</span> <span class='ocrx_word' id='word_1_239' title='bbox 564 3412 605 3477; x_wconf 89' lang='lat' dir='ltr'>de</span> <span class='ocrx_word' id='word_1_240' title='bbox 620 3412 747 3477; x_wconf 92' lang='lat' dir='ltr'>duobus</span> <span class='ocrx_word' id='word_1_241' title='bbox 761 3412 938 3499; x_wconf 81' lang='lat' dir='ltr'>mesuagiis</span> <span class='ocrx_word' id='word_1_242' title='bbox 958 3419 1019 3477; x_wconf 83' lang='lat' dir='ltr'>etc.</span> <span class='ocrx_word' id='word_1_243' title='bbox 1034 3412 1069 3476; x_wconf 93' lang='lat' dir='ltr'>in</span> <span class='ocrx_word' id='word_1_244' title='bbox 1084 3413 1240 3479; x_wconf 89' lang='lat' dir='ltr'>suburbio</span> 
     </span>
     <span class='ocr_line' id='line_1_31' title="bbox 125 3515 1240 3595; baseline 0 -12"><span class='ocrx_word' id='word_1_245' title='bbox 125 3517 305 3583; x_wconf 88' lang='lat' dir='ltr'>Leicestrie</span> <span class='ocrx_word' id='word_1_246' title='bbox 321 3517 374 3582; x_wconf 88' lang='lat' dir='ltr'>die</span> <span class='ocrx_word' id='word_1_247' title='bbox 394 3526 464 3595; x_wconf 84' lang='lat' dir='ltr'>etc,</span> <span class='ocrx_word' id='word_1_248' title='bbox 479 3525 514 3581; x_wconf 90' lang='lat' dir='ltr'>et</span> <span class='ocrx_word' id='word_1_249' title='bbox 533 3516 563 3581; x_wconf 87' lang='lat' dir='ltr'>si</span> <span class='ocrx_word' id='word_1_250' title='bbox 582 3525 651 3594; x_wconf 83' lang='lat' dir='ltr'>eto,</span> <span class='ocrx_word' id='word_1_251' title='bbox 603 3515 754 3581; x_wconf 87' lang='lat' dir='ltr'>tunde</span> <span class='ocrx_word' id='word_1_252' title='bbox 768 3516 953 3580; x_wconf 90' lang='lat' dir='ltr'>Willelmus</span> <span class='ocrx_word' id='word_1_253' title='bbox 973 3516 1060 3581; x_wconf 87' lang='lat' dir='ltr'>filins</span> <span class='ocrx_word' id='word_1_254' title='bbox 1078 3517 1240 3583; x_wconf 83' lang='lat' dir='ltr'>Johannis</span> 
     </span>
     <span class='ocr_line' id='line_1_32' title="bbox 126 3616 1375 3708; baseline 0.001 -21"><span class='ocrx_word' id='word_1_255' title='bbox 126 3630 223 3687; x_wconf 84' lang='lat' dir='ltr'>tenet</span> <span class='ocrx_word' id='word_1_256' title='bbox 238 3644 341 3686; x_wconf 90' lang='lat' dir='ltr'>unum</span> <span class='ocrx_word' id='word_1_257' title='bbox 356 3621 560 3708; x_wconf 85' lang='lat' dir='ltr'>mesuagium</span> <span class='ocrx_word' id='word_1_258' title='bbox 576 3628 610 3685; x_wconf 89' lang='lat' dir='ltr'>et</span> <span class='ocrx_word' id='word_1_259' title='bbox 625 3620 761 3685; x_wconf 86' lang='lat' dir='ltr'>Matillis</span> <span class='ocrx_word' id='word_1_260' title='bbox 776 3643 840 3706; x_wconf 90' lang='lat' dir='ltr'>que</span> <span class='ocrx_word' id='word_1_261' title='bbox 855 3620 919 3685; x_wconf 86' lang='lat' dir='ltr'>fuit</span> <span class='ocrx_word' id='word_1_262' title='bbox 939 3643 1020 3686; x_wconf 79' lang='lat' dir='ltr'>uxor</span> <span class='ocrx_word' id='word_1_263' title='bbox 1034 3621 1058 3685; x_wconf 86' lang='lat' dir='ltr'>J</span> <span class='ocrx_word' id='word_1_264' title='bbox 1058 3622 1193 3687; x_wconf 79' lang='lat' dir='ltr'>ohannis</span> <span class='ocrx_word' id='word_1_265' title='bbox 1208 3624 1294 3703; x_wconf 73' lang='lat' dir='ltr'>lenon</span> <span class='ocrx_word' id='word_1_266' title='bbox 1252 3616 1375 3704; x_wconf 54' lang='lat' dir='ltr'>mm</span> 
     </span>
    </p>
   </div>
   <div class='ocr_carea' id='block_1_3' title="bbox 125 3712 1398 3798">
    <p class='ocr_par' dir='ltr' id='par_1_8' title="bbox 125 3712 1398 3798">
     <span class='ocr_line' id='line_1_33' title="bbox 125 3712 1398 3798; baseline 0.005 -7"><span class='ocrx_word' id='word_1_267' title='bbox 125 3726 271 3791; x_wconf 88' lang='lat' dir='ltr'>Paumer</span> <span class='ocrx_word' id='word_1_268' title='bbox 285 3725 383 3790; x_wconf 85' lang='lat' dir='ltr'>aliud.</span> <span class='ocrx_word' id='word_1_269' title='bbox 1251 3665 1398 3798; x_wconf 49' lang='lat' dir='ltr'>ld‘sl‘lfi&#39;</span> 
     </span>
    </p>
   </div>
   <div class='ocr_carea' id='block_1_4' title="bbox 197 3804 1393 3936">
    <p class='ocr_par' dir='ltr' id='par_1_9' title="bbox 197 3804 1393 3936">
     <span class='ocr_line' id='line_1_34' title="bbox 197 3804 1393 3936; baseline -0.003 -42"><span class='ocrx_word' id='word_1_270' title='bbox 197 3830 241 3894; x_wconf 86' lang='lat' dir='ltr'>Et</span> <span class='ocrx_word' id='word_1_271' title='bbox 256 3829 441 3895; x_wconf 89' lang='lat' dir='ltr'>Willelmus</span> <span class='ocrx_word' id='word_1_272' title='bbox 454 3828 548 3893; x_wconf 89' lang='lat' dir='ltr'>uenit</span> <span class='ocrx_word' id='word_1_273' title='bbox 563 3836 598 3893; x_wconf 87' lang='lat' dir='ltr'>et</span> <span class='ocrx_word' id='word_1_274' title='bbox 613 3826 693 3893; x_wconf 85' lang='lat' dir='ltr'>dicit</span> <span class='ocrx_word' id='word_1_275' title='bbox 679 3826 819 3913; x_wconf 85' lang='lat' dir='ltr'>t&#39;quod</span> <span class='ocrx_word' id='word_1_276' title='bbox 809 3826 872 3911; x_wconf 87' lang='lat' dir='ltr'>1psi</span> <span class='ocrx_word' id='word_1_277' title='bbox 886 3834 964 3891; x_wconf 83' lang='lat' dir='ltr'>sunt</span> <span class='ocrx_word' id='word_1_278' title='bbox 985 3827 1049 3891; x_wconf 85' lang='lat' dir='ltr'>frat</span> <span class='ocrx_word' id='word_1_279' title='bbox 1035 3834 1100 3892; x_wconf 87' lang='lat' dir='ltr'>tres</span> <span class='ocrx_word' id='word_1_280' title='bbox 1117 3827 1159 3893; x_wconf 93' lang='lat' dir='ltr'>de</span> <span class='ocrx_word' id='word_1_281' title='bbox 1174 3850 1239 3893; x_wconf 90' lang='lat' dir='ltr'>uno</span> <span class='ocrx_word' id='word_1_282' title='bbox 1252 3804 1393 3936; x_wconf 58' lang='lat' dir='ltr'>3„th</span> 
     </span>
    </p>
   </div>
   <div class='ocr_carea' id='block_1_5' title="bbox 127 3897 1335 4023">
    <p class='ocr_par' dir='ltr' id='par_1_10' title="bbox 127 3897 1335 4023">
     <span class='ocr_line' id='line_1_35' title="bbox 127 3897 1335 4023; baseline -0.006 -22"><span class='ocrx_word' id='word_1_283' title='bbox 127 3944 223 4023; x_wconf 88' lang='lat' dir='ltr'>patre</span> <span class='ocrx_word' id='word_1_284' title='bbox 250 3941 284 3999; x_wconf 83' lang='lat' dir='ltr'>et</span> <span class='ocrx_word' id='word_1_285' title='bbox 314 3956 380 3999; x_wconf 86' lang='lat' dir='ltr'>una</span> <span class='ocrx_word' id='word_1_286' title='bbox 408 3941 513 3997; x_wconf 89' lang='lat' dir='ltr'>matre</span> <span class='ocrx_word' id='word_1_287' title='bbox 543 3939 577 3995; x_wconf 88' lang='lat' dir='ltr'>et</span> <span class='ocrx_word' id='word_1_288' title='bbox 606 3928 679 3995; x_wconf 90' lang='lat' dir='ltr'>ideo</span> <span class='ocrx_word' id='word_1_289' title='bbox 709 3951 774 3993; x_wconf 91' lang='lat' dir='ltr'>non</span> <span class='ocrx_word' id='word_1_290' title='bbox 804 3928 937 3993; x_wconf 86' lang='lat' dir='ltr'>uidetur</span> <span class='ocrx_word' id='word_1_291' title='bbox 965 3929 997 3994; x_wconf 90' lang='lat' dir='ltr'>ei</span> <span class='ocrx_word' id='word_1_292' title='bbox 1024 3930 1112 4015; x_wconf 88' lang='lat' dir='ltr'>quod</span> <span class='ocrx_word' id='word_1_293' title='bbox 1140 3897 1335 3996; x_wconf 60' lang='lat' dir='ltr'>assam-m</span> 
     </span>
    </p>
   </div>
   <div class='ocr_carea' id='block_1_6' title="bbox 127 4032 1239 4231">
    <p class='ocr_par' dir='ltr' id='par_1_11' title="bbox 127 4032 1239 4231">
     <span class='ocr_line' id='line_1_36' title="bbox 127 4032 1239 4119; baseline -0.003 -14"><span class='ocrx_word' id='word_1_294' title='bbox 127 4039 250 4105; x_wconf 88' lang='lat' dir='ltr'>debeat</span> <span class='ocrx_word' id='word_1_295' title='bbox 278 4038 366 4102; x_wconf 87' lang='lat' dir='ltr'>inter</span> <span class='ocrx_word' id='word_1_296' title='bbox 394 4058 448 4101; x_wconf 88' lang='lat' dir='ltr'>eos</span> <span class='ocrx_word' id='word_1_297' title='bbox 477 4034 555 4113; x_wconf 88' lang='lat' dir='ltr'>fieri,</span> <span class='ocrx_word' id='word_1_298' title='bbox 582 4056 621 4099; x_wconf 87' lang='lat' dir='ltr'>eo</span> <span class='ocrx_word' id='word_1_299' title='bbox 646 4033 771 4119; x_wconf 82' lang='lat' dir='ltr'>quod·</span> <span class='ocrx_word' id='word_1_300' title='bbox 762 4032 826 4119; x_wconf 88' lang='lat' dir='ltr'>1psi</span> <span class='ocrx_word' id='word_1_301' title='bbox 853 4042 932 4099; x_wconf 85' lang='lat' dir='ltr'>sunt</span> <span class='ocrx_word' id='word_1_302' title='bbox 961 4034 1075 4101; x_wconf 83' lang='lat' dir='ltr'>fratres</span> <span class='ocrx_word' id='word_1_303' title='bbox 1103 4035 1145 4101; x_wconf 92' lang='lat' dir='ltr'>de</span> <span class='ocrx_word' id='word_1_304' title='bbox 1173 4059 1239 4103; x_wconf 89' lang='lat' dir='ltr'>nno</span> 
     </span>
     <span class='ocr_line' id='line_1_37' title="bbox 127 4138 970 4231; baseline -0.005 -22"><span class='ocrx_word' id='word_1_305' title='bbox 127 4152 223 4231; x_wconf 86' lang='lat' dir='ltr'>patre</span> <span class='ocrx_word' id='word_1_306' title='bbox 239 4149 273 4207; x_wconf 87' lang='lat' dir='ltr'>et</span> <span class='ocrx_word' id='word_1_307' title='bbox 289 4163 355 4207; x_wconf 90' lang='lat' dir='ltr'>una</span> <span class='ocrx_word' id='word_1_308' title='bbox 369 4149 482 4218; x_wconf 85' lang='lat' dir='ltr'>matre,</span> <span class='ocrx_word' id='word_1_309' title='bbox 497 4148 532 4206; x_wconf 91' lang='lat' dir='ltr'>et</span> <span class='ocrx_word' id='word_1_310' title='bbox 547 4138 621 4205; x_wconf 86' lang='lat' dir='ltr'>ideo</span> <span class='ocrx_word' id='word_1_311' title='bbox 635 4161 701 4203; x_wconf 90' lang='lat' dir='ltr'>non</span> <span class='ocrx_word' id='word_1_312' title='bbox 715 4138 892 4203; x_wconf 86' lang='lat' dir='ltr'>uidetur</span> <span class='ocrx_word' id='word_1_313' title='bbox 864 4161 895 4203; x_wconf 87' lang='lat' dir='ltr'>er</span> <span class='ocrx_word' id='word_1_314' title='bbox 910 4146 970 4205; x_wconf 88' lang='lat' dir='ltr'>etc.</span> 
     </span>
    </p>
   </div>
   <div class='ocr_carea' id='block_1_7' title="bbox 162 4300 920 4420">
    <p class='ocr_par' dir='ltr' id='par_1_12' title="bbox 162 4300 920 4420">
     <span class='ocr_line' id='line_1_38' title="bbox 162 4300 920 4361; baseline -0.008 -6"><span class='ocrx_word' id='word_1_315' title='bbox 162 4306 172 4337; x_wconf 87' lang='lat'>¹</span> <span class='ocrx_word' id='word_1_316' title='bbox 191 4304 256 4354; x_wconf 77' lang='lat' dir='ltr'>This</span> <span class='ocrx_word' id='word_1_317' title='bbox 268 4303 291 4353; x_wconf 84' lang='lat' dir='ltr'>is</span> <span class='ocrx_word' id='word_1_318' title='bbox 303 4303 369 4353; x_wconf 84' lang='lat' dir='ltr'>Fitz.</span> <span class='ocrx_word' id='word_1_319' title='bbox 382 4304 473 4361; x_wconf 72' lang='lat' dir='ltr'>droise,</span> <span class='ocrx_word' id='word_1_320' title='bbox 485 4302 542 4351; x_wconf 76' lang='lat' dir='ltr'>las.</span> <span class='ocrx_word' id='word_1_321' title='bbox 711 4303 866 4358; x_wconf 70' lang='lat' dir='ltr'>denusceter,</span> <span class='ocrx_word' id='word_1_322' title='bbox 879 4300 920 4349; x_wconf 77' lang='lat'>51.</span> 
     </span>
     <span class='ocr_line' id='line_1_39' title="bbox 162 4367 660 4420; baseline -0.004 -1"><span class='ocrx_word' id='word_1_323' title='bbox 162 4372 174 4403; x_wconf 88' lang='lat'>²</span> <span class='ocrx_word' id='word_1_324' title='bbox 190 4371 234 4419; x_wconf 91' lang='lat' dir='ltr'>Br.</span> <span class='ocrx_word' id='word_1_325' title='bbox 248 4370 264 4420; x_wconf 82' lang='lat' dir='ltr'>s.</span> <span class='ocrx_word' id='word_1_326' title='bbox 280 4371 328 4420; x_wconf 79' lang='lat'>278</span> <span class='ocrx_word' id='word_1_327' title='bbox 343 4368 367 4420; x_wconf 90' lang='lat' dir='ltr'>b.</span> <span class='ocrx_word' id='word_1_328' title='bbox 404 4368 469 4417; x_wconf 85' lang='lat' dir='ltr'>This</span> <span class='ocrx_word' id='word_1_329' title='bbox 479 4368 501 4417; x_wconf 85' lang='lat' dir='ltr'>is</span> <span class='ocrx_word' id='word_1_330' title='bbox 512 4367 579 4417; x_wconf 83' lang='lat' dir='ltr'>Fitz.</span> <span class='ocrx_word' id='word_1_331' title='bbox 593 4368 660 4417; x_wconf 84' lang='lat' dir='ltr'>Mor·</span> 
     </span>
    </p>
   </div>
   <div class='ocr_carea' id='block_1_8' title="bbox 0 0 1597 5075">
    <p class='ocr_par' dir='ltr' id='par_1_13' title="bbox 0 0 1597 5075">
     <span class='ocr_line' id='line_1_40' title="bbox 0 0 1597 5075; baseline 0 0"><span class='ocrx_word' id='word_1_332' title='bbox 0 0 1597 5075; x_wconf 95' lang='lat' dir='ltr'> </span> 
     </span>
    </p>
   </div>
  </div>
 </body>
</html>
