3167 5075
423 388 575 452 rmum,
597 390 661 441 nn.
686 378 780 453 1220,
803 391 867 441 aa
891 378 924 441 t:
1131 340 1228 445 ’377

128 560 330 648 maritaginm
344 584 419 627 eum
433 560 502 626 filia
514 584 582 640 sua,
597 569 633 627 et
646 560 705 626 illa
717 560 786 627 filia
805 560 887 627 obiit
906 558 975 627 si'ne
996 560 1113 627 herede
1128 560 1169 627 de
1184 585 1227 640 se,

131 666 209 731 unde
223 674 310 732 terra
321 666 438 732 debuit
451 666 493 731 de
507 666 578 731 iure
591 664 714 730 reuerti
728 664 770 729 ad
784 686 861 729 eum
876 664 960 729 siout
974 664 1016 730 ad
1031 665 1227 743 donatorem,

131 780 162 835 et
173 794 229 857 per
244 770 376 836 forciam
396 769 534 836 Comitis
554 768 674 855 Rogeri
695 770 726 833 le
748 768 869 855 Bigod¹
891 791 956 833 non
978 777 1086 855 potest
1107 778 1227 835 terram

131 874 211 939 illam
239 874 360 940 habere
388 896 449 939 nec
477 873 513 938 in
542 873 678 939 seruicio
706 896 767 938 nec
796 873 832 937 in
865 870 1034 951 dominico,
1064 882 1124 940 eto.
1184 874 1228 939 Et

119 965 283 1044 Robertus
297 979 358 1044 hoo
371 977 535 1065 cognoscit
549 985 584 1041 et
598 975 671 1042 ideo
685 977 755 1041 sine
770 976 824 1041 die
839 985 874 1042 et
888 976 1054 1064 perquirat
1069 1000 1103 1043 se
1115 1000 1228 1044 uersus

130 1090 271 1146 tenentes
285 1089 346 1146 etc

60 1180 97 1245 u.
185 1182 363 1249 'Robertus
392 1182 495 1249 (insin
524 1191 559 1249 et
587 1182 734 1248 Hawisia
761 1205 843 1247 uxor
872 1182 942 1249 eius
971 1191 1090 1270 petunt
1115 1206 1227 1249 uersus
1307 1214 1353 1247 oue.

128 1286 300 1351 liebertum
314 1287 355 1351 de
375 1286 462 1351 Pirie
482 1286 603 1373 uiginti
623 1308 713 1351 aeres
727 1294 812 1351 terre
827 1310 901 1351 cum
916 1296 996 1372 pert
1012 1288 1048 1351 in
1063 1287 1226 1353 Oirences-

128 1390 241 1455 trient
264 1390 317 1455 ius
337 1390 440 1475 ipsius
460 1390 605 1455 Hauisie
627 1398 697 1469 etc,
711 1389 799 1454 unde
822 1388 1006 1455 Willelmus
1028 1389 1123 1455 Belet
1145 1412 1227 1455 auus

127 1490 218 1577 ipsius
238 1491 383 1557 Hawisie
402 1492 466 1557 fuit
484 1490 614 1557 seisitus
634 1501 780 1578 tempore
804 1492 846 1557 H.
868 1493 968 1579 Regis
988 1500 1049 1559 eto.
1067 1492 1224 1579 capiendo

127 1596 195 1661 inde
221 1605 296 1673 etc,
326 1604 361 1661 et
388 1594 430 1661 de
459 1596 516 1661 illo
545 1596 710 1662 Willelmo
738 1598 905 1663 deseendit
940 1599 992 1663 ius
1026 1606 1111 1663 terre
1140 1598 1227 1663 illius

127 1698 263 1765 Waltero
285 1698 352 1764 filio
373 1722 431 1764 suo
453 1707 488 1765 et
509 1700 597 1785 patri
617 1699 770 1777 Hauisie,
785 1708 820 1765 et
841 1701 883 1765 de
904 1701 976 1787 ipso
998 1701 1143 1765 Waltero
1165 1700 1227 1787 ipsi
1350 1720 1353 1725 ⁴

127 1802 270 1881 Hawisie‚
284 1810 320 1867 et
340 1802 400 1867 hoc
420 1803 560 1867 offerunt
579 1803 793 1888 probsre'per
812 1824 926 1889 corpus
946 1802 1112 1869 cuiusdam
1133 1804 1227 1869 liberi

126 1906 257 1973 hominis
283 1907 443 1985 Roberti⁸,
467 1906 525 1993 qui
551 1907 612 1971 hoc
637 1906 731 1972 offert
754 1906 890 1992 probare
913 1908 1108 1993 percorpus
1131 1930 1226 1973 suum

125 2012 201 2078 sicut
213 2014 256 2079 de
271 2014 347 2079 uisu
361 2036 420 2079 suo
434 2021 493 2078 etc
513 2012 520 2100 Ι

182 2118 225 2182 Et
240 2118 405 2183 Robertus
419 2116 512 2183 uenit
527 2125 562 2182 et
576 2116 722 2182 defendit
736 2116 789 2181 ius
804 2138 898 2181 suum
914 2124 982 2194 ete,
998 2124 1032 2181 et
1046 2116 1126 2181 dicit
1141 2117 1227 2203 quod
1275 2128 1320 2179 [²1³
1328 2130 1360 2181 t]

124 2242 181 2285 non
196 2222 298 2287 debet
315 2221 363 2288 eis
382 2222 574 2309 respondere
595 2222 732 2308 quiade
754 2230 842 2286 terra
863 2219 920 2285 illa
942 2220 1005 2285 fuit
1026 2220 1100 2285 finis
1123 2222 1227 2286 sactus

123 2323 202 2389 inter
232 2325 408 2411 quemdam
444 2326 625 2391 Bobertum
638 2362 645 2377 ·
659 2326 766 2390 filium
801 2323 961 2390 Gileberti
989 2331 1157 2411 petentem
1192 2333 1226 2389 et

123 2426 319 2493 Willelmum
340 2427 445 2493 filium
466 2428 627 2493 Johannis
648 2435 817 2493 tenentem
839 2426 874 2492 in
895 2426 986 2492 curia
1005 2426 1105 2513 Regis
1122 2427 1152 2491 J.
1168 2448 1227 2512 per

124 2530 342 2619 cirographum
370 2530 413 2597 de
438 2531 515 2598 dim
539 2531 618 2597 hida
641 2541 728 2598 terre
750 2553 827 2596 cum
850 2539 931 2617 pert.
955 2539 1024 2608 eto,
1047 2553 1106 2618 per
1128 2553 1226 2617 quem
1309 2565 1343 2636 θ
1387 2556 1403 2634 ,⁹

123 2635 215 2700 finem
230 2645 320 2700 terra
332 2635 479 2722 predicta
494 2636 651 2702 remansit
669 2636 777 2702 eidem
795 2635 937 2701 Roberto
952 2643 1011 2701 etc
1027 2636 1119 2701 cuius
1133 2636 1227 2701 heres
1393 2649 1401 2668 “

123 2739 187 2824 ipse
211 2748 272 2818 est,
296 2749 331 2805 et
354 2740 479 2805 desicut
503 2741 575 2826 ipsa
603 2740 748 2806 Hawisia
775 2748 856 2806 tunc
886 2739 949 2805 fuit
978 2741 1013 2805 in
1041 2741 1163 2828 Anglia
1192 2749 1226 2806 et

122 2843 272 2910 clamium
293 2867 389 2910 suurn
411 2867 477 2910 non
498 2844 659 2931 apposuit,
674 2867 739 2909 non
756 2842 831 2908 uult
848 2843 1039 2930 respondere
1056 2844 1120 2910 nisi
1138 2845 1226 2910 ouria

122 2949 377 3013 condderauerit.
703 2940 708 2954 ’
874 2965 877 2970 “

183 3051 227 3115 Et
242 3050 406 3115 Robertus
420 3059 454 3116 et
468 3049 614 3116 Hawisia
628 3058 825 3138 cognoscunt
840 3050 939 3116 finem
954 3050 1047 3116 illum
1062 3057 1096 3116 et
1111 3051 1224 3116 dicunt

122 3154 204 3238 quod
218 3177 283 3219 non
297 3154 396 3219 debet
411 3155 458 3220 eis
471 3146 586 3219 nocere
601 3155 681 3240 quia
694 3155 766 3241 ipsa
778 3163 859 3220 tuno
874 3155 938 3220 fuit
956 3155 1148 3241 desponsata
1162 3155 1224 3242 ipsi

122 3257 261 3324 Roberto
284 3266 319 3323 et
341 3258 377 3323 in
400 3281 460 3324 sua
481 3266 644 3345 potaeme
667 3258 716 3323 ita
740 3259 827 3344 quod
850 3280 915 3323 non
940 3258 1048 3344 potuit
1071 3258 1224 3323 clamium

122 3383 215 3426 suum
228 3384 389 3448 apponere
404 3369 438 3426 et
453 3361 539 3448 quod
554 3362 615 3426 hoo
632 3363 706 3428 etc.⁴

185 3464 228 3528 Et
257 3465 420 3529 Robertus
448 3487 513 3530 non
543 3465 654 3552 potuit
683 3465 744 3529 hoo
766 3464 924 3542 dedicere,
948 3471 982 3528 et
1005 3461 1150 3528 defendit
1173 3463 1225 3529 ius

122 3588 230 3632 eorum
250 3577 286 3633 et
306 3569 458 3633 seisinam
479 3570 618 3656 predicti
636 3568 794 3634 Willelmi
812 3591 871 3655 per
890 3591 1005 3656 corpus
1022 3591 1117 3634 suum
1139 3567 1224 3634 sicut
1352 3642 1356 3650 ⁴

122 3671 209 3736 eur-ia
223 3671 483 3749 considerauerit,
500 3681 535 3738 et
552 3674 637 3759 petit
654 3673 718 3739 sibi
734 3672 865 3738 alloeari
883 3673 970 3760 quod
988 3672 1224 3760 cognouerunt⁵

121 3779 205 3862 quod
219 3779 383 3844 Walterus
397 3779 562 3873 predictus
576 3779 629 3845 cui
642 3781 695 3846 ius
708 3787 795 3846 terre
806 3780 895 3845 illius
906 3779 1098 3844 descendere
1109 3775 1224 3843 debuit

121 3883 161 3948 de
190 3884 351 3949 Willelmo
379 3883 465 3949 obiit.
485 3884 526 3949 xi
550 3884 643 3950 annis
665 3884 845 3961 transactis,
870 3891 904 3948 et
929 3882 1060 3948 uidetur
1082 3882 1113 3948 ei
1136 3881 1224 3968 quod

154 4086 406 4138 ¹EarlotNoriolk.
694 4086 781 4138 below.
818 4084 981 4136 Thereisno
992 4099 1070 4134 name
1081 4084 1109 4134 in
1121 4085 1152 4136 B.

154 4151 315 4212 ²Lrn.18;
331 4152 459 4203 B.m.11.
727 4153 868 4201 ⁴Bronton
879 4151 943 4201 cites
959 4150 1013 4200 this
1030 4165 1095 4208 ease,
1107 4151 1126 4199 f.
1137 4151 1220 4200 4361).

153 4215 249 4268 ’Cora
277 4219 418 4280 chs'noldt
445 4219 502 4282 filii
528 4217 642 4276 Ruteni,
694 4216 1221 4267 Oovertureissnexousefornonolsim.

122 4281 154 4328 Δ.
185 4283 217 4331 At
231 4283 289 4332 first
305 4283 328 4330 A
344 4281 397 4332 had
414 4282 532 4332 william
550 4297 580 4331 as
598 4281 644 4332 the
725 4283 895 4332 'attentatur
947 4284 1057 4344 ipsorum
1095 4285 1220 4343 conuertit,

124 4345 279 4410 champion’s
294 4361 386 4405 name;
405 4346 459 4398 this
473 4347 644 4397 isnorreotod
693 4347 723 4408 A,
736 4347 768 4396 Β.

123 4411 317 4476 ἰιιίοΒοςὶιιειΙὰ
348 4413 436 4464 Hence
447 4412 492 4464 the
505 4412 643 4488 conindon
