3167 5075
344 395 668 457 commerceio.
692 381 852 455 1236-7,
873 395 937 444 nn
961 381 1010 443 21.
1165 378 1230 446 207

134 565 248 631 feceret
260 565 330 631 sine
345 566 523 631 occasione¹
539 566 628 653 apud
642 566 802 631 Eroniam
817 587 924 631 coram
939 565 1081 652 Hugone
1095 564 1232 629 Peuerel

133 678 165 733 et
177 670 268 735 sociis
282 670 348 735 suis
362 670 549 737 iusticieriis
563 671 605 736 ad
620 671 680 736 hoc
695 670 869 756 assignatis
883 668 944 734 tali
962 668 1016 733 die
1035 668 1077 733 ad
1097 667 1231 733 seciend’

132 773 204 839 rec”
227 774 315 841 illius
339 776 437 841 essiee
463 776 548 841 sicut
571 775 684 841 uenire
708 774 892 839 debuerunt
917 794 1024 837 eorem
1047 771 1232 837 iusticieriis

131 876 213 963 apud
228 878 552 945 westmonasterium
568 878 610 944 ed
624 878 712 944 idem
727 877 862 943 faciend’
873 876 934 941 teli
948 875 1001 941 die
1016 884 1086 953 etc,
1097 885 1131 941 et
1146 874 1233 963 quod

131 982 204 1047 scire
219 984 339 1049 feceret
353 983 499 1071 predicto
514 983 657 1049 Henrico
672 982 759 1070 quod
773 990 854 1047 tunc
865 988 950 1047 esset
963 980 1012 1045 ibi
1025 980 1068 1045 nd
1082 978 1233 1045 audiend’

131 1085 256 1151 assisam
286 1087 377 1153 illam
406 1088 441 1153 in
470 1088 583 1153 eodem
613 1094 703 1153 stetu
729 1108 793 1172 quo
816 1084 1013 1150 atermineta
1037 1083 1102 1149 fuit
1127 1106 1233 1149 coram

131 1189 310 1256 iudiciariis
329 1190 417 1277 apud
437 1189 763 1257 westmonasterium
783 1188 826 1255 ed
845 1188 1028 1275 predictum
1047 1187 1233 1265 terminum,

131 1294 356 1361 nonobstante
371 1318 410 1361 eo
424 1294 511 1382 quod
530 1294 618 1360 idem
639 1293 709 1359 dies
728 1292 827 1358 datus
846 1292 911 1357 fuit
930 1291 994 1378 ipsi
1014 1290 1156 1357 Henrico
1175 1313 1234 1377 per

131 1399 353 1465 eesoniatorem
368 1420 464 1464 suum
478 1406 651 1485 postquem
669 1396 825 1462 defaltum
845 1395 965 1461 feceret
984 1416 1090 1460 coram
1110 1392 1233 1460 eisdem

129 1502 310 1568 iusticiariis
321 1501 409 1588 opud
421 1500 757 1568 westmonasterium.
803 1500 847 1565 Et
860 1498 1052 1565 mundatum
1066 1500 1131 1565 fuit
1145 1499 1234 1587 quod

129 1603 186 1691 ipsi
207 1606 379 1671 iusticierii
400 1604 611 1692 procederent
632 1604 702 1670 siue
724 1604 813 1669 idem
834 1603 997 1669 Henricus
1016 1604 1145 1669 ueniret
1161 1604 1233 1671 siue

128 1732 189 1775 non
201 1717 337 1796 propter
356 1710 483 1797 lapsum
502 1708 642 1796 predicti
662 1707 826 1793 temporis
871 1707 916 1772 Et
935 1716 1032 1793 cepte
1050 1708 1115 1773 fuit
1133 1708 1235 1773 essise

128 1812 167 1877 ed
188 1813 374 1900 predictum
397 1812 574 1878 terminum
604 1834 711 1877 coram
740 1810 863 1876 eisdem
892 1810 1078 1877 iusticieriis
1106 1820 1142 1876 et
1169 1812 1234 1899 ipsi

128 1914 283 1979 miserunt
298 1912 466 1978 recordum
481 1911 564 1977 illud
579 1911 666 1997 quod
680 1910 747 1975 tale
762 1920 820 1975 est.

186 2016 300 2081 Assisa
321 2014 415 2081 uenit
436 2013 643 2101 recognitum,
661 2013 749 2079 inter
766 2013 952 2079 Johannem
969 2013 1074 2079 filium
1095 2014 1233 2081 Gelfridi

127 2130 316 2205 querentem
342 2127 377 2185 et
403 2119 583 2185 Henricum
610 2116 650 2183 de
678 2116 880 2183 Frenchenei
905 2117 1136 2183 deforciantem
1159 2118 1233 2204 quis

126 2224 302 2291 aduocatus
316 2233 462 2309 tempore
477 2222 565 2307 pacis
585 2222 788 2308 presentauit
807 2222 960 2287 ultimam
979 2244 1231 2308 personamque

128 2335 250 2391 mortua
264 2334 317 2391 est
331 2326 374 2391 ed
389 2325 555 2391 ecclesiam
570 2324 611 2389 de
626 2324 776 2389 Mortone
790 2348 854 2411 que
869 2332 966 2391 uacet
979 2332 1019 2390 ut
1033 2324 1160 2391 dicitur.

185 2429 231 2495 Et
249 2428 419 2495 Joheunes
439 2428 532 2493 uenit
554 2434 588 2493 et
610 2426 772 2491 Henricus
792 2448 858 2491 non
880 2427 973 2491 uenit
994 2433 1030 2491 et
1050 2434 1147 2512 eapte
1167 2426 1231 2492 fuit

126 2534 226 2602 assisa
273 2534 298 2600 J
300 2542 444 2600 uretores
458 2533 573 2600 dicunt
590 2532 677 2620 quod
697 2532 831 2598 ecclesie
850 2531 891 2598 de
911 2531 1062 2597 Mortone
1082 2539 1176 2598 uacat
1195 2541 1231 2597 et

125 2639 207 2724 quod
222 2637 391 2706 Gelfiidus
406 2637 493 2702 filius
507 2637 597 2702 Petri
608 2645 703 2724 peter
712 2636 851 2722 predicti
861 2636 1021 2702 Johennis
1030 2637 1230 2722 presenteuit

126 2751 267 2830 tempore
291 2743 380 2830 pecie
402 2743 552 2808 ultimam
574 2764 744 2828 personam
765 2741 808 2807 ed
830 2741 996 2807 ecclesiam
1018 2741 1059 2807 de
1081 2741 1231 2806 Mortona

125 2846 243 2914 edlicet
267 2845 451 2912 Henricum
475 2845 707 2911 Flendrensem
731 2844 788 2932 qui
814 2853 963 2910 mortuus
986 2853 1043 2910 est.
1088 2845 1133 2909 Et
1157 2845 1230 2910 ideo

126 2971 226 3014 corum
242 2949 340 3014 Dom.
356 2949 447 3035 Rege
462 2946 700 3014 consideratum
716 2955 767 3012 est
782 2947 868 3033 quod
882 2948 905 3013 J
906 2947 1049 3012 ohannes
1062 2970 1230 3034 recupera·

125 3054 172 3118 uit
186 3053 342 3120 seisinam
357 3075 449 3118 suam
465 3059 500 3118 et
514 3052 676 3118 Henricus
691 3052 735 3117 sit
748 3053 784 3117 in
799 3051 1017 3117 misericordie
1030 3059 1091 3117 etc

42 3167 94 3233 191.
185 3156 317 3222 'Amisa
336 3154 430 3220 uenit
449 3155 655 3242 recognitum
670 3155 700 3220 si
716 3154 868 3219 Oliuerus
883 3154 1002 3241 Moyne
1016 3161 1052 3220 et
1065 3153 1230 3218 Walterus

127 3259 267 3326 Clericus
289 3259 412 3326 iniuste
435 3267 470 3324 et
491 3259 561 3324 sine
583 3258 703 3325 iudicio
725 3258 971 3324 disseisiuerunt
984 3258 1166 3324 Waltemm
1188 3257 1229 3324 de

126 3362 355 3430 Gheuereuille
378 3360 420 3427 de
444 3361 545 3428 libero
570 3368 759 3428 tenemento
782 3384 841 3427 suo
869 3361 904 3427 in
934 3360 1127 3426 Kirkeherle
1156 3368 1230 3446 post

126 3468 259 3552 primam
281 3475 353 3544 etc,
368 3473 403 3532 et
422 3465 510 3532 unde
530 3465 678 3552 queritur
697 3464 783 3552 quod
797 3465 1043 3530 disseisiuerunt
1056 3487 1132 3530 eum
1147 3465 1188 3531 de
1202 3487 1228 3531 o.

126 3570 175 3636 eol.
191 3578 278 3636 terre
294 3568 374 3634 dum
388 3567 453 3634 fuit
473 3566 508 3634 in
528 3567 669 3653 quodem
689 3567 810 3653 placito
829 3567 865 3632 in
884 3567 1041 3633 comitatu
1060 3567 1094 3631 N
1096 3567 1228 3634 orfolkie

126 3683 158 3737 et
170 3673 259 3760 cepit
273 3671 422 3738 redditus
437 3679 497 3737 etc

186 3779 230 3844 Et
253 3778 408 3846 Oliuerus
429 3784 465 3842 et
486 3776 652 3842 Walterus
673 3775 813 3842 ueniunt
835 3784 870 3841 et
894 3775 1009 3841 dicunt
1034 3775 1120 3861 quod
1144 3797 1228 3841 nun·

126 3905 219 3969 quem
239 3883 319 3950 inde
338 3882 491 3948 seisinem
510 3880 628 3947 habuit
641 3880 705 3946 nisi
719 3890 759 3947 ut
772 3881 914 3946 bellinus
927 3879 1030 3966 ipsius
1045 3878 1179 3957 Oliueri,
1193 3888 1229 3945 et

125 3987 196 4053 inde
222 3994 353 4075 ponunt
377 4008 412 4051 se
434 4007 531 4072 super
552 3985 702 4062 iuratum,
726 3984 789 4050 nisi
812 3993 942 4050 tentum
964 3985 1005 4049 de
1026 3982 1102 4049 dim.
1125 4007 1227 4050 carue.

126 4099 214 4157 terre.

185 4196 357 4261 Jurutores
379 4193 493 4260 dicunt
514 4194 601 4280 quod
622 4193 787 4281 predictus
810 4192 962 4259 Oliuerus
987 4191 1079 4257 dedit
1108 4200 1227 4258 terrem

155 4357 253 4409 ¹Ccrr.
265 4359 394 4408 &luetone
406 4355 446 4422 (t).
734 4353 1042 4416 ’Nomrgimlrenne
1069 4353 1133 4403 Kirk
1146 4353 1228 4404 Herle

154 4423 521 4486 ’hobablyrecopnicr'cnem
702 4419 1022 4470 isinNorthumberlnnd.
