3167 5075
306 371 372 434 602
419 385 511 433 ausu
533 385 577 433 os
599 383 802 433 1111111111
823 383 863 430 m
884 383 988 443 11111,
1008 381 1074 431 ao.
1099 367 1276 441 111111.
1300 367 1351 429 ll.

307 556 420 622 eodem
436 556 531 622 modo
552 557 725 644 respondet
743 556 903 621 Auxollus
923 565 958 620 et
979 555 1066 642 petit
1087 563 1210 621 etatem
1229 556 1358 620 illarum
1376 579 1417 621 so

307 662 394 749 quod
408 663 490 728 emit
504 662 594 727 illam
610 671 727 728 terram
747 661 787 726 de
810 669 914 726 matre
934 661 1085 747 ipsarum
1131 661 1175 725 Et
1194 659 1310 726 dicunt
1328 660 1418 746 quod
1543 690 1544 721 r

306 767 440 854 quidam
452 767 614 832 Hemious
628 790 710 832 auus
725 767 868 853 ipsarum
880 767 1021 831 filiarum
1032 766 1114 831 obiit
1128 765 1259 830 saisitus
1273 765 1315 830 de
1330 773 1417 830 terra

306 873 363 938 illa
392 873 582 959 priusquam
612 873 774 938 Robertus
803 872 844 938 de
880 872 1024 938 Derham
1061 871 1196 937 obiisset
1232 879 1268 935 et
1303 879 1419 956 postas
1544 908 1545 919 2

307 977 449 1044 Isahella
463 978 532 1042 filia
546 999 612 1042 sua
1544 984 1545 1067 ff

372 1083 417 1146 Et
443 1082 608 1148 Galfridus
632 1089 667 1147 et
690 1081 803 1146 Fluria
824 1080 938 1146 dicunt
959 1080 1045 1168 quod
1066 1078 1233 1166 predictus
1254 1079 1419 1144 Robertus
1544 1094 1545 1111 ³

307 1185 389 1251 obiit
404 1186 535 1252 saisitus
550 1186 590 1251 de
606 1195 693 1251 terra
707 1185 764 1250 illa
778 1185 968 1272 priusquam
982 1183 1149 1270 predictus
1165 1183 1334 1248 Henricus,
1371 1183 1417 1246 Et
1544 1174 1545 1229 i

306 1291 379 1356 ideo
399 1290 583 1377 inquiratur
605 1289 680 1355 inde
705 1289 828 1354 ueritas
850 1289 921 1354 sino
940 1297 1150 1354 sacramento.
1195 1287 1240 1352 Et
1259 1287 1419 1352 iuratores

307 1393 421 1459 dicunt
447 1393 515 1458 sine
538 1401 738 1458 sacramento
760 1393 848 1479 quod
872 1392 1038 1479 predictus
1063 1392 1226 1458 Robertus
1251 1392 1334 1457 obiit
1358 1413 1420 1478 per
1545 1458 1546 1473 χ

307 1498 450 1562 multum
465 1505 596 1583 tompus
611 1505 687 1562 ante
703 1497 887 1583 predictum
908 1496 1096 1562 Hemioum.
1142 1497 1187 1561 Et
1201 1494 1367 1561 Galfiidus
1381 1505 1419 1560 et

307 1601 419 1667 Fluria
436 1600 550 1666 dicunt
573 1599 659 1686 quod
682 1609 751 1666 etas
773 1600 915 1666 filiarum
936 1623 1003 1665 uon
1024 1601 1124 1666 debet
1145 1601 1317 1687 expectari,
1339 1601 1421 1685 quia

307 1705 472 1792 predictus
497 1705 659 1770 Henrious
681 1727 745 1771 nou
767 1703 886 1770 habuit
906 1705 1088 1792 ingressum
1111 1704 1147 1770 in
1178 1715 1297 1770 terram
1327 1704 1419 1769 illam
1545 1724 1546 1733 ¹

307 1809 370 1874 uisi
395 1831 453 1896 per
477 1809 641 1896 Agnetom
666 1831 800 1875 uxorem
823 1809 926 1895 ipsius
953 1809 1089 1874 Roberti
1111 1832 1176 1896 que
1205 1831 1270 1873 non
1300 1809 1421 1874 habuit

308 1913 383 1979 inde
413 1913 476 1978 nisi
504 1913 615 1978 dotem
638 1921 671 1978 et
697 1913 843 1996 francum
865 1913 1006 1978 banoum
1028 1936 1132 1979 suum.
1178 1915 1223 1978 Et
1243 1913 1318 1979 idoo
1342 1937 1421 1979 oon-

308 2018 485 2084 sideratum
501 2025 551 2082 est
571 2016 657 2104 quod
677 2017 778 2082 assisa
799 2017 952 2105 procedat
972 2041 1037 2084 non
1058 2019 1209 2084 obstante
1229 2027 1320 2085 etate
1342 2041 1420 2105 pm·

308 2121 469 2187 dictarum
483 2120 625 2185 filiarum
640 2128 700 2185 eto.
1546 2200 1547 2215 χ

373 2225 397 2290 J
397 2233 542 2290 uratores
556 2223 671 2288 dicunt
686 2224 773 2310 quod
788 2224 952 2291 Robertus
971 2225 1054 2292 obiit
1067 2227 1199 2293 saisitus
1214 2237 1253 2292 ut
1266 2227 1309 2293 ds
1324 2227 1423 2293 feodo
1546 2246 1547 2277 ³

310 2330 350 2396 de
366 2337 453 2394 terra
466 2327 523 2392 illa
537 2336 572 2392 et
586 2335 660 2413 post
675 2327 853 2392 terminum
868 2336 903 2394 ot
918 2327 1005 2414 quod
1017 2329 1130 2394 Fluria
1144 2338 1194 2395 est
1209 2331 1424 2416 propinquior

310 2435 411 2500 heres.
456 2434 500 2497 Et
520 2433 593 2498 ideo
613 2432 851 2498 consideratum
872 2441 923 2498 est
937 2432 1025 2519 quod
1039 2432 1178 2519 predicti
1198 2433 1367 2499 Galhidus
1387 2443 1425 2499 ot

310 2548 345 2607 et
374 2538 482 2604 Floria
510 2546 785 2624 recuperauerunt
814 2538 966 2604 saisinam
996 2562 1098 2615 suam,
1128 2547 1163 2604 et
1192 2538 1357 2604 Robertus
1388 2548 1425 2605 et

311 2642 471 2709 Anxellus
485 2643 520 2707 in
535 2640 761 2707 misericordia

179 2754 270 2823 1775,
376 2744 502 2810 ¹Assisa
526 2742 619 2809 uenit
644 2742 851 2830 reoognitura
872 2742 901 2807 si
923 2742 1108 2808 Willelmus
1129 2742 1171 2807 do
1196 2743 1298 2808 Herst
1319 2744 1430 2809 frater
1547 2804 1549 2817 1

311 2849 434 2915 Thome
449 2848 512 2913 fuit
527 2847 659 2912 saisitus
672 2846 708 2911 in
723 2847 884 2912 dominico
904 2867 962 2913 suo
982 2856 1023 2911 ut
1042 2848 1083 2913 de
1105 2847 1198 2913 feodo
1217 2848 1258 2913 da
1272 2849 1315 2935 vj.
1337 2850 1430 2915 aeris
1548 2850 1549 2853 ’

149 2984 269 3035 umqum
310 2962 395 3019 terre
426 2975 501 3017 cum
529 2960 611 3037 pert.
641 2951 676 3015 iu
707 2950 955 3016 Godman'sham
983 2951 1037 3017 dis
1067 2961 1138 3030 eto,
1168 2975 1268 3038 quam
1297 2962 1428 3019 terram

148 3035 287 3128 ’.11311111
312 3056 434 3123 Sabina
462 3056 530 3121 filia
566 3055 723 3121 Willelmi
753 3064 854 3122 tenet.
911 3055 982 3136 Qua
1017 3056 1111 3122 uenit
1148 3064 1184 3123 et
1218 3056 1300 3122 dicit
1333 3060 1430 3144 quod

148 3128 175 3167 ad
184 3126 295 3166 atatamda

149 3173 299 3270 titt-2333„
311 3162 411 3227 assisa
439 3184 504 3226 non
533 3161 632 3227 debet
661 3161 738 3226 iuda
768 3161 847 3237 fieri,
878 3162 956 3247 quia
985 3161 1057 3248 ipsa
1081 3162 1145 3227 fuit
1174 3184 1256 3227 uxor
1279 3162 1429 3249 predicti

149 3268 241 3356 333}OE
312 3264 469 3330 Willelmi
504 3264 546 3329 de
583 3264 686 3329 Herst
723 3271 757 3329 et
794 3264 979 3329 Willelmus
1014 3287 1131 3351 pueros
1167 3264 1268 3331 habet
1303 3264 1346 3331 do
1387 3290 1431 3333 oa

312 3392 449 3455 quorum
471 3377 559 3433 terra
577 3368 634 3433 illa
656 3375 715 3446 ost,
730 3376 765 3433 et
784 3367 857 3454 ipsa
877 3368 978 3433 nichil
998 3370 1117 3434 clamat
1140 3369 1204 3434 nisi
1224 3391 1283 3455 per
1304 3392 1432 3456 pueros

311 3475 383 3540 illos
416 3474 474 3561 qui
505 3482 583 3539 sunt
616 3474 651 3537 in
684 3472 839 3538 custodia
895 3473 940 3537 Et
975 3474 1116 3538 Thomas
1149 3474 1211 3539 hoo
1248 3476 1430 3561 ooguoseit,

312 3587 363 3645 set
399 3577 479 3643 dicit
514 3577 601 3663 quod
634 3577 728 3663 puori
762 3576 812 3642 illi
849 3586 926 3642 suut
963 3577 1115 3655 bastardi,
1146 3586 1181 3643 ot
1216 3580 1304 3664 quod
1341 3594 1432 3647 sunt

311 3683 395 3748 infra
431 3690 561 3747 etatem.
621 3682 665 3746 Et
701 3681 776 3747 ideo
812 3681 1049 3747 oonsideratum
1087 3690 1138 3748 est
1175 3683 1262 3770 quod
1299 3684 1432 3753 Sabina

312 3810 376 3851 non
398 3786 599 3873 respondeat,
621 3793 656 3851 at
678 3785 752 3851 ideo
778 3786 918 3851 Thomas
939 3787 1084 3853 sinodis
1106 3810 1210 3873 usqua
1231 3788 1274 3853 ad
1295 3797 1431 3857 statam

312 3913 492 3977 puerorum.

181 3994 274 4064 1776.
377 3992 532 4058 ³Thomas
551 3993 592 4057 de
610 3991 814 4058 Wadeuhalo
832 4002 867 4058 at
888 3992 912 4058 J
913 3993 1057 4058 ohannes
1076 3994 1177 4059 frater
1199 4016 1278 4059 suus
1298 4005 1433 4081 petunt

312 4118 425 4162 uersus
447 4096 610 4161 Dauidem
631 4095 673 4161 ds
697 4096 831 4161 Wlwioo
853 4096 916 4162 xis
940 4118 1029 4162 auras
1058 4105 1144 4163 torro
1173 4120 1248 4163 oum
1272 4108 1357 4185 pert
1390 4102 1429 4167 in

345 4272 355 4305 ¹
371 4273 400 4323 A„
414 4286 449 4322 m.
462 4274 486 4325 9.
890 4274 955 4325 Osse
967 4274 1041 4327 lrao.

344 4336 840 4391 ’Bmtonoitasthisoaseonsaso
922 4340 1064 4393 mas.

312 4406 337 4465 b,
349 4403 402 4454 and
416 4404 493 4466 again
503 4418 539 4453 on
550 4404 568 4454 1.
580 4405 628 4453 418
640 4404 664 4455 b.
698 4404 745 4456 Soa
759 4404 840 4455 balow
