3167 5075
321 399 385 463 180
536 412 654 463 111111
674 411 861 474 11111,11.
885 398 1128 476 12354111
1151 401 1203 463 20.

320 606 459 653 errorem
488 585 712 674 corrigendum
737 586 929 652 mandatum
955 586 1019 652 suit
1042 586 1190 673 episcopo
1213 608 1257 652 ue
1282 584 1426 672 aliquem

320 690 509 756 admitteret
522 688 564 755 ad
574 690 850 776 presentaeiouem
861 689 964 777 ipsius
974 691 1096 757 Thome
1108 701 1177 768 etc,
1188 698 1223 756 et
1233 698 1425 778 preceptum

320 794 385 860 fuit
407 794 494 882 quod
518 793 606 859 idem
630 793 770 859 Thomas
794 803 1055 860 summoueretur
1077 802 1137 860 111
1160 793 1203 860 ad
1225 792 1426 859 audiendum

320 895 477 963 iudicium
499 919 595 962 suum
617 903 676 962 etc.
723 896 767 961 Et
787 895 927 961 Thomas
947 896 1040 962 uenit
1059 904 1094 962 11
1108 896 1261 983 cognouit
1275 894 1364 981 quod
1377 894 1427 958 ita

320 1000 525 1087 recuperauit
539 998 689 1065 seisiuam
705 1020 763 1063 sue
778 998 1029 1085 presentacionis
1043 998 1085 1064 ad
1104 998 1246 1085 primum
1259 998 1348 1062 diem
1362 995 1426 1082 ipsi

320 1104 446 1171 Abbati
470 1105 585 1170 datum
608 1126 667 1191 per
689 1104 918 1169 essouiatcrem
942 1126 1037 1170 suum
1060 1126 1119 1190 per
1143 1104 1298 1169 defaltum
1323 1102 1427 1189 ipsius

320 1206 467 1274 Abbatia
513 1208 557 1273 Et
572 1207 649 1294 quia
668 1206 840 1272 iusticiarii
860 1206 971 1272 taliter
988 1216 1180 1272 errauerunt
1194 1216 1305 1272 contra
1318 1206 1427 1292 legem

319 1320 354 1377 et
384 1311 650 1377 consuetudinem
679 1311 772 1397 regni
801 1334 840 1375 eo
870 1311 956 1398 quod
985 1313 1089 1377 multe
1119 1310 1339 1376 districciones
1363 1318 1425 1375 111

319 1424 532 1502 sequerentur
553 1414 741 1501 priusquam
767 1413 855 1479 idem
881 1414 1022 1480 Thomas
1043 1422 1263 1501 recuperasset
1285 1436 1346 1500 per
1370 1412 1426 1479 de-

320 1520 434 1586 saltam
463 1518 585 1584 scilicet
614 1518 907 1584 attachiamentum
938 1541 997 1605 per
1025 1519 1127 1605 pleu’¹
1157 1526 1192 1584 et
1221 1526 1335 1605 postca
1368 1539 1428 1603 per

320 1622 467 1689 meliores
493 1622 616 1709 plegios
642 1630 676 1687 et
702 1630 816 1708 postea
840 1644 899 1709 per
923 1644 1047 1709 corpus,
1069 1630 1239 1687 reuocatus
1263 1628 1315 1685 est
1339 1642 1430 1685 error

320 1726 577 1804 iusticiariorum‚
592 1734 627 1791 11
641 1726 879 1792 consideratum
894 1734 944 1791 est
959 1726 1044 1813 quod
1059 1726 1177 1792 seisina
1190 1725 1292 1811 ipsius
1302 1724 1428 1789 Thome

320 1830 412 1895 nulla
432 1830 476 1896 sit
498 1854 562 1918 que
584 1839 662 1897 tunc
685 1831 716 1897 ei
737 1831 924 1897 adiudicata
945 1831 1008 1895 suit
1030 1840 1089 1896 eta
1135 1831 1179 1895 Et
1201 1830 1312 1895 Abbas
1333 1829 1430 1894 uenit

321 1943 381 2002 etc.
397 1944 431 2001 11
445 1936 526 2002 dicit
541 1936 626 2023 quod
640 1936 727 2001 iuste
741 1935 881 2021 impedit
896 1942 955 2000 111
972 1934 1050 2021 quia
1063 1944 1123 2001 111

386 2040 503 2105 Postea
523 2038 706 2105 concordati
728 2046 814 2116 sunt,
834 2046 869 2103 11
890 2045 941 2104 est
960 2039 1127 2104 concordia
1146 2037 1229 2114 talis,
1246 2036 1334 2124 quod
1355 2059 1430 2124 pre·

321 2143 428 2210 dictus
442 2143 582 2207 Thomas
596 2143 785 2229 recognouit
800 2142 979 2229 predictam
993 2141 1241 2207 aduocacionem
1254 2162 1330 2206 cum
1344 2150 1429 2227 pert.

321 2270 389 2313 esse
404 2248 455 2313 ius
469 2246 571 2335 ipsius
585 2246 725 2313 Abbatis
743 2255 777 2312 11
797 2247 930 2313 ecclesie
950 2270 1007 2313 sue
1028 2248 1060 2313 S
1076 2245 1255 2334 Augustini
1274 2244 1430 2322 Bristolii,

271 2356 274 2363 ’
322 2357 357 2417 11
372 2373 443 2416 eam
457 2349 584 2416 remisit
598 2357 633 2415 11
653 2350 798 2437 quietam
818 2349 973 2416 clamauit
992 2348 1033 2415 de
1053 2372 1087 2415 se
1109 2357 1144 2415 et
1165 2348 1340 2414 heredibus
1361 2348 1430 2413 1111

322 2454 466 2544 predicto
481 2454 605 2519 Abbati
619 2461 654 2519 et
669 2454 904 2520 successoribus
918 2454 985 2519 1111
999 2461 1035 2519 11
1048 2454 1182 2519 ecclesie
1200 2454 1232 2519 S.
1248 2453 1430 2541 Augustini

322 2559 358 2625 in
382 2566 585 2646 perpetuum.
634 2558 677 2623 Et
702 2557 790 2623 idem
813 2557 926 2624 Abbas
950 2557 1093 2645 suscepit
1118 2580 1193 2623 eum
1217 2558 1253 2623 in
1277 2558 1430 2624 omnibus

321 2663 487 2729 beneficiis
501 2661 634 2729 ecclesie
648 2683 706 2727 sue
721 2669 779 2728 etc.

191 2771 283 2841 1167,
388 2767 497 2832 Dauid
512 2767 565 2832 del
580 2767 667 2833 Brok
682 2775 817 2854 questus
832 2767 896 2832 fuit
915 2767 1002 2853 quod
1023 2767 1209 2833 Gilebertus
1228 2765 1345 2832 Baaset
1364 2766 1429 2832 dis·

209 2874 264 2914 θ’*
324 2869 439 2936 11111111
458 2893 534 2936 aum
554 2893 612 2956 pro
632 2869 777 2936 seruiciis
796 2878 830 2934 et
844 2869 1133 2936 consuetudinibus
1147 2868 1278 2934 uillanis
1292 2877 1328 2934 et
1342 2868 1431 2955 qnod

323 2973 423 3062 peciit
445 2995 520 3040 eum
542 2983 581 3039 ut
601 2973 760 3039 uillanum
781 2995 886 3051 suum,
900 2973 949 3039 ita
963 2973 1050 3060 quod
1064 2972 1258 3061 perquisiuit
1272 2972 1373 3038 breue
1386 2971 1430 3037 de

323 3099 402 3165 pace
417 3076 567 3142 habenda
581 3097 683 3162 usque
704 3075 884 3141 aduentum
906 3076 1155 3142 iusticiariorum
1171 3082 1206 3140 11
1219 3075 1261 3140 de
1276 3075 1431 3140 libertate

324 3203 384 3248 sua
407 3179 581 3268 probanda,
603 3186 638 3243 11
663 3178 813 3265 producit
838 3178 1000 3265 quendam
1027 3178 1210 3244 Galfridum
1236 3178 1432 3264 81111111

325 3282 406 3347 dicit
427 3282 513 3369 quod
535 3281 617 3347 liber
638 3289 689 3347 cst
711 3290 745 3347 et
765 3303 882 3368 parens
896 3304 983 3359 suus,
997 3281 1075 3368 quia
1096 3280 1229 3368 quidam
1243 3280 1433 3368 Wcrlingns

324 3395 507 3452 antecessor
520 3408 598 3451 suus
612 3385 728 3452 habuit
748 3384 922 3472 quemdam
941 3385 1047 3451 filium
1070 3387 1269 3451 Germanum
1289 3385 1432 3462 nomine,

324 3499 360 3555 et
378 3490 419 3556 de
440 3491 600 3556 Gennauo
622 3491 716 3556 uenit
737 3490 913 3568 Johanues,
934 3498 970 3556 11
989 3490 1031 3556 (11
1054 3491 1204 3557 Johanne
1224 3491 1287 3555 iste
1310 3488 1433 3567 Dauid,

324 3595 405 3661 item
427 3594 513 3660 idem
536 3592 723 3680 Warlingus
744 3593 862 3659 habuit
884 3594 1047 3681 quandam
1068 3593 1170 3660 filiam
1192 3595 1352 3659 Eluenam
1373 3615 1434 3658 no·

325 3699 422 3777 mine,
436 3699 477 3765 de
493 3698 618 3764 Elucna
632 3699 725 3764 uenit
739 3699 892 3777 8111111,
907 3699 948 3764 de
969 3699 1093 3766 Siuaco
1112 3699 1205 3766 uenit
1226 3699 1290 3764 iste
1313 3698 1434 3765 Galfri·

325 3801 387 3868 dus
402 3800 513 3880 Siwac,
528 3801 585 3888 qui
599 3801 679 3868 dicit
699 3801 785 3890 quod
806 3802 888 3869 liber
909 3811 959 3868 est
981 3811 1016 3869 11
1037 3824 1154 3892 parens
1175 3823 1253 3868 suus
1274 3823 1317 3867 111
1337 3811 1434 3889 parte

325 3906 434 3994 patris.
478 3905 566 3972 Item
587 3905 738 3994 producit
759 3907 922 3995 quendam
942 3907 1156 3973 Eustachium
1176 3906 1235 3994 qui
1248 3905 1330 3971 dicit
1345 3905 1435 3993 quod

325 4007 479 4075 liberast
501 4016 536 4075 11
557 4031 673 4096 parens
698 4031 786 4088 suus,
807 4018 844 4076 11
864 4009 954 4098 'quod
980 4009 1114 4098 quidam
1142 4008 1307 4076 Galfridus
1333 4008 1437 4076 child

325 4109 450 4180 habuit.
457 4112 538 4178 duas
552 4112 635 4178 filias
645 4111 785 4180 Aliciam
796 4124 832 4180 et
847 4113 991 4194 Luciam,
1000 4113 1042 4180 de
1056 4112 1204 4200 predicta
1216 4112 1326 4178 Alicia
1339 4113 1438 4179 uenit

325 4215 388 4300 iste
404 4214 522 4292 Dauid,
537 4227 571 4282 et
591 4217 632 4282 de
652 4217 754 4284 Lucia
774 4217 869 4282 uenit
890 4217 1056 4305 predictus
1078 4215 1282 4293 Eustachius,
1297 4224 1334 4281 et
1354 4216 1439 4283 dicit

753 4443 763 4476 ¹
780 4442 852 4492 Gorr.
859 4443 957 4506 plepr'or
969 4441 1010 4507 (1).
