3167 5075
340 379 405 442 458
652 391 795 453 musar,
816 391 884 442 no.
907 377 1001 453 1223,
1023 391 1086 444 aa
1109 377 1139 446 7.

340 568 428 632 idem
449 566 562 631 Abba
582 565 704 652 profert
725 573 759 630 et
781 565 868 651 quod
897 572 1048 642 testatur,
1077 565 1163 650 quod
1193 564 1262 650 ipse
1290 564 1450 629 conoeaeit

339 671 485 758 predicto
514 669 638 735 Abbati
666 693 872 734 communam
901 669 936 733 in
966 677 1037 734 tota
1072 677 1207 754 pastura
1241 669 1282 733 de
1320 669 1452 754 'l'umby

340 776 490 841 omnibus
510 774 648 861 propriis
669 773 865 838 animalibus
887 780 921 837 et
943 773 1112 858 pecoribus
1132 771 1199 838 suis
1214 772 1404 837 leuantibus
1419 788 1453 836 et·

340 879 535 946 cubantibus
556 879 598 944 ad
620 878 789 965 grangiam
816 899 909 941 suam
938 877 979 941 de
1010 876 1216 962 Longwathe,
1247 877 1334 940 unde
1363 876 1453 940 idem

340 986 453 1051 Abbas
480 1007 539 1071 per
566 991 769 1049 attomatum
799 1005 895 1046 suum
925 981 1074 1068 queritur
1102 983 1188 1068 quod
1217 991 1331 1046 contra
1351 982 1454 1045 finem

340 1089 434 1154 illum
456 1087 543 1174 cepit
565 1087 635 1173 ipse
659 1087 771 1153 Simon
793 1087 905 1151 aueria
925 1109 987 1152 sua
1000 1095 1034 1152 et
1049 1087 1243 1172 imparcauit
1258 1086 1456 1151 multociens

341 1193 391 1258 ita
404 1191 491 1278 quod
504 1191 605 1256 uituli
619 1192 671 1255 sui
684 1191 806 1255 mortui
821 1191 954 1255 fuerumt
968 1191 1004 1254 in
1018 1213 1115 1278 parco
1129 1199 1163 1255 et
1178 1191 1243 1255 alia
1257 1189 1406 1276 dampna
1425 1191 1456 1254 ei

341 1297 419 1362 fecit
434 1305 468 1361 et
478 1297 598 1360 fossata
608 1295 733 1360 leuauit
744 1295 829 1360 infra
839 1303 1006 1380 pasturam
1018 1294 1108 1360 illam
1118 1316 1177 1380 per
1188 1317 1252 1380 que
1263 1294 1458 1358 deteriorati

341 1408 419 1464 sunt
441 1407 476 1464 et
497 1399 676 1483 dampnum
698 1398 821 1463 habent
843 1400 885 1463 ad
907 1398 1089 1463 ualenciam
1113 1397 1153 1463 xl.
1185 1420 1279 1463 marc
1311 1407 1345 1462 et
1378 1398 1457 1462 inde

342 1502 491 1590 producit
505 1510 635 1567 sectam

408 1606 453 1670 Et
474 1605 586 1670 Simon
605 1626 664 1691 per
682 1611 885 1669 attornatum
905 1627 1001 1668 suum
1016 1604 1109 1669 uenit
1125 1612 1159 1668 ct
1174 1603 1338 1690 cognoscit
1355 1604 1459 1668 finem

343 1717 378 1774 et
399 1709 644 1796 cyrographum,
665 1715 716 1772 set
737 1707 885 1772 defendit
907 1717 1020 1772 contra
1041 1730 1116 1772 eum
1139 1715 1173 1772 et
1196 1716 1310 1772 contra
1330 1717 1459 1772 sectam

343 1836 435 1878 suam
450 1814 537 1899 quod
551 1812 586 1878 in
600 1812 690 1876 nullo
703 1813 798 1877 uenit
813 1821 925 1876 contra
946 1813 1055 1889 finem,
1069 1835 1130 1876 nec
1151 1811 1262 1876 aueria
1283 1835 1344 1876 sua
1368 1813 1461 1898 cepit
1546 1835 1547 1896 p

343 1918 379 1982 in
392 1924 534 2003 pastura,
549 1939 608 1980 nec
623 1938 681 2001 per
695 1938 771 1980 eum
786 1914 917 2000 aliquod
932 1916 1110 2000 dampnum
1127 1915 1235 1992 habet,
1250 1925 1285 1980 et
1307 1916 1461 1982 defendit

343 2020 628 2087 deterioracionem
643 2029 702 2084 etc
719 2027 753 2084 ct
767 2026 875 2083 totum
892 2026 961 2095 etc,
977 2027 1011 2083 ct
1027 2018 1086 2082 hoc
1101 2017 1195 2082 offert
1207 2017 1386 2085 defendere
1399 2038 1460 2086 etc.

344 2123 389 2188 Et
418 2123 491 2189 ideo
520 2122 759 2188 consideratum
788 2129 838 2186 est
869 2122 955 2208 quod
976 2122 1131 2187 defendat
1152 2144 1187 2188 se
1209 2122 1263 2207 xij.
1287 2145 1405 2200 manu,
1428 2138 1462 2188 et

345 2226 458 2292 ueniat
472 2248 547 2290 cum
562 2225 634 2312 lege
649 2223 709 2289 tali
723 2224 777 2288 die
792 2232 862 2301 etc,
878 2232 912 2288 et
926 2223 1006 2308 quia
1026 2224 1189 2309 cognoscit
1212 2224 1312 2288 finem
1334 2224 1463 2291 habam

344 2332 457 2397 Abbas
485 2331 585 2396 breue
614 2329 656 2395 ad
684 2329 911 2394 uicccomitem
940 2329 1027 2414 quod
1057 2329 1234 2394 secundum
1264 2343 1463 2414 proportum

345 2434 536 2523 cyrographi
550 2433 669 2498 habere
684 2432 781 2499 faciat
798 2431 903 2497 eidem
926 2432 1051 2498 Abbati
1073 2455 1277 2498 communam
1300 2433 1409 2512 illam,
1430 2446 1465 2500 et

345 2539 543 2604 sifossatum
559 2538 719 2603 leuauerit
739 2537 824 2603 infra
843 2560 1048 2603 communam
1071 2537 1170 2616 illam,
1196 2538 1278 2603 illud
1298 2543 1466 2625 prosterni

346 2643 444 2710 faciat
474 2645 523 2709 ita
551 2643 638 2729 quod
667 2651 803 2728 pastura
830 2641 889 2707 illa
916 2642 961 2707 sit
991 2642 1025 2707 in
1055 2643 1169 2709 eodem
1194 2651 1285 2709 statu
1307 2666 1377 2729 quo
1402 2645 1467 2711 l'uit

346 2750 476 2836 quando
490 2747 659 2813 concordia
672 2748 759 2811 facta
772 2746 837 2811 fuit
852 2746 938 2811 inter
952 2768 1007 2811 eos
1022 2754 1081 2811 etc

410 2852 611 2918 ¹Almaricus
640 2850 682 2916 de
712 2851 745 2917 S.
775 2850 928 2917 Amando
957 2859 991 2917 et
1013 2850 1122 2916 Isolda
1143 2873 1225 2915 uxor
1246 2850 1317 2917 eius
1338 2864 1469 2937 petunt

262 2975 308 3005 0¹¹²
348 2978 461 3021 uersus
489 2954 666 3020 Ricardum
695 2955 737 3020 de
767 2954 955 3021 Cabannes'
983 2964 1017 3021 et
1051 2956 1181 3021 Sarram
1217 2978 1356 3021 uxorem
1396 2958 1470 3023 eius

347 3058 483 3127 terciam
497 3067 624 3146 partem
639 3058 739 3123 tercie
754 3058 858 3144 partis
873 3057 951 3123 uille
966 3058 1007 3124 de
1023 3057 1263 3123 Kideministro
1281 3082 1360 3123 cum
1384 3071 1469 3147 pert.

347 3171 388 3229 ut
409 3164 520 3230 dotem
543 3163 688 3229 eiusdem
710 3162 828 3239 Isolde,
849 3161 898 3226 ita
918 3161 1006 3247 quod
1028 3162 1116 3226 idem
1139 3160 1300 3227 Ricardus
1314 3170 1351 3227 et
1370 3163 1471 3229 Sarra
1545 3154 1546 3229 l

347 3274 548 3334 uocauerunt
569 3264 646 3331 inde
668 3266 709 3330 ad
731 3273 913 3329 warantum
935 3263 1122 3329 Johannem
1145 3264 1237 3329 Biset
1263 3264 1406 3330 fratrem
1436 3281 1471 3331 et

348 3372 500 3437 heredem
523 3370 681 3436 Willelmi
702 3369 794 3433 Biset
818 3367 980 3454 quondam
1011 3367 1075 3431 uiri
1105 3368 1251 3432 eiusdem
1281 3368 1407 3447 Isolde,
1437 3384 1471 3435 et

348 3475 515 3543 Johannes
543 3473 760 3538 summonitus
788 3472 852 3537 fuit
883 3472 983 3537 semel
1014 3481 1049 3537 et
1079 3472 1199 3537 iterum
1218 3470 1223 3557 Ι
1245 3481 1279 3538 et
1308 3471 1395 3539 fecit
1423 3475 1472 3539 bis

348 3578 513 3655 debltam,
535 3577 584 3641 ita
604 3576 691 3663 quod
711 3597 770 3661 per
791 3575 947 3639 defaltam
971 3574 1042 3639 eius
1064 3582 1163 3660 capta
1184 3574 1250 3639 suit
1272 3574 1308 3639 in
1326 3597 1473 3641 manum

349 3684 442 3749 Dom
473 3681 574 3768 Regis
603 3688 691 3746 terra
715 3680 750 3744 in
780 3678 1018 3744 Kideministro
1046 3679 1088 3744 ad
1111 3678 1295 3743 ualenciam
1317 3682 1474 3765 predicte

349 3785 449 3851 tercie
471 3784 581 3871 partis,
604 3791 638 3847 et
659 3782 839 3847 uicecomcs
868 3781 1040 3847 mandauit
1069 3781 1157 3847 diem
1187 3782 1363 3867 capcionis
1414 3784 1475 3849 Set

350 3913 447 3976 super
468 3890 528 3955 hoc
549 3888 643 3953 uenit
664 3887 829 3973 predictus
849 3884 1033 3951 Alman'cus
1055 3894 1090 3951 et
1111 3886 1193 3951 dicit
1214 3886 1303 3972 quod
1317 3888 1476 3972 predicta

350 4004 438 4059 terra
456 3994 490 4058 in
511 3993 746 4058 Kideministro
766 4014 830 4078 que
850 4000 947 4076 capta
968 4000 1018 4055 est
1039 3990 1074 4054 in
1094 4014 1230 4056 manum
1253 3992 1351 4057 Dom.
1371 3994 1476 4081 Bagis

351 4120 411 4162 sua
425 4105 474 4162 ost
489 4103 524 4162 et
538 4095 624 4183 quod
638 4097 661 4161 J
662 4096 804 4159 ohannes
818 4094 942 4159 nullam
959 4104 1079 4159 terram
1095 4093 1196 4159 habet
1212 4094 1247 4159 in
1263 4093 1476 4162 Kideminis-

351 4211 411 4280 tro,
426 4201 504 4287 quia
517 4202 585 4287 ipse
601 4208 634 4264 et
649 4198 759 4264 Isolda
778 4222 860 4263 uxor
877 4198 948 4264 eius
969 4208 1084 4265 tenent
1104 4206 1209 4263 totam
1231 4208 1358 4263 terram
1383 4200 1477 4266 illam

352 4303 387 4368 in·
409 4302 607 4368 escambium
630 4309 715 4366 terre
739 4300 775 4365 in
799 4300 1015 4366 Suthantona
1062 4301 1105 4364 Et
1128 4299 1290 4365 Ricardus
1313 4311 1351 4366 et
1380 4304 1479 4369 Sarra

547 4423 557 4455 ¹
573 4423 604 4472 B.
615 4435 651 4470 m.
664 4424 688 4472 7.
963 4420 974 4453 ²
991 4422 1152 4485 Katanneys,
1165 4420 1196 4470 B.
1544 4398 1545 4411 ἶ
