3167 5075
373 372 438 436 426
559 384 693 444 mmm
713 383 788 433 arn
812 381 950 444 maran,
972 384 1037 433 an.
1062 370 1155 445 1221,
1178 383 1240 431 au
1264 371 1290 431 5.

369 560 456 626 idem
487 559 682 625 Eustachius
711 557 843 623 uocauit
872 557 979 643 ipsum
1009 557 1190 622 Robertum
1221 556 1263 620 ad
1295 560 1446 619 warantum

370 687 483 729 uersus
505 686 586 740 eam,
605 662 654 727 ita
677 661 763 748 quod
785 662 913 746 loquela
936 660 1069 745 ponitur
1089 660 1136 724 ibi
1159 660 1193 723 in
1216 668 1384 745 respect-um
1402 679 1450 743 pro

370 768 498 854 loquela
521 790 585 855 que
607 775 658 831 est
683 766 771 851 apud
795 765 1129 829 westmonasterium.
1175 764 1219 827 Et
1245 764 1320 848 quia
1343 762 1452 848 loquela

263 856 267 865 ¹
369 872 434 937 ista
447 871 611 957 dependet
625 870 666 935 de
681 869 754 946 alia,
768 876 960 955 preceptum
976 878 1027 933 est
1041 868 1228 933 uicecomiti
1243 867 1362 933 Oxonic
1380 866 1453 952 quod

369 977 532 1063 loquelam
557 976 647 1041 illam
676 982 778 1060 ponat
804 997 910 1038 coram
934 973 1120 1042 iusticiariis
1143 973 1232 1058 apud
1258 972 1454 1035 Westmonas

369 1081 488 1147 terium
510 1080 553 1146 ad
574 1079 757 1165 predictum
780 1078 957 1142 terminum
981 1086 1040 1143 etc.
1059 1078 1144 1142 unde
1167 1077 1256 1142 idem
1279 1074 1459 1141 Eustachius

368 1193 465 1249 uocat
479 1184 586 1271 ipsum
601 1183 783 1247 Robertum
797 1182 841 1247 ad
855 1190 1043 1258 warantum,
1059 1191 1094 1247 et
1114 1181 1201 1247 unde
1221 1181 1348 1267 loquela
1365 1188 1409 1243 est
1429 1179 1459 1241 in

370 1288 460 1352 curia
473 1296 533 1353 etc
543 1287 629 1351 inter
642 1286 750 1371 ipsum
763 1285 944 1350 Robertum
955 1294 990 1350 et
1005 1286 1141 1350 Petrum
1155 1284 1260 1349 filium
1275 1292 1308 1349 ct
1322 1282 1460 1349 heredem

369 1391 525 1456 Willelmi
549 1390 712 1477 quondam
738 1390 803 1454 uiri
832 1389 935 1475 ipsius
964 1388 1069 1455 Alicie
1098 1388 1139 1453 de
1169 1388 1263 1453 cuius
1292 1388 1370 1452 dono
1394 1386 1463 1471 ipsa

370 1496 489 1561 clamat
503 1496 616 1561 dotem
630 1495 729 1559 illam.

435 1597 560 1684 ¹Agnes
590 1598 630 1663 de
656 1600 814 1663 Frestona
839 1604 953 1684 questa
979 1598 1043 1662 fuit
1073 1597 1159 1683 quod
1182 1596 1362 1661 Willelmus
1384 1594 1464 1659 lilius

273 1708 287 1735 ¹¹
371 1703 508 1788 Eutropi
523 1711 557 1766 et
572 1701 670 1767 tales²
685 1710 744 1767 etc
757 1724 832 1766 cum
847 1701 995 1787 pluribus
1009 1701 1082 1766 aliis
1097 1702 1230 1765 armatis
1245 1708 1303 1765 etc.
1316 1707 1463 1763 uenerunt

369 1806 412 1871 ad
426 1806 558 1871 domum
572 1828 664 1870 suam
679 1806 766 1891 apud
781 1806 973 1871 Frestonam
985 1828 1083 1891 quam
1095 1806 1165 1892 ipsa
1175 1806 1277 1869 habet
1287 1804 1320 1869 in
1331 1802 1464 1869 custodia

370 1935 444 1977 cum
474 1911 625 1996 Philippo
654 1910 721 1975 filio
750 1933 809 1974 suo
835 1934 874 1975 ex
901 1910 985 1975 dono
1010 1910 1147 1975 Comitis
1170 1908 1292 1996 Rogen'
1316 1909 1345 1972 le
1369 1904 1465 1993 Bigod

369 2016 518 2101 capitalis
531 2014 653 2080 domini
669 2013 754 2079 feodi
768 2014 857 2078 illius
871 2022 906 2079 et
920 2014 1025 2099 ipsam
1037 2014 1201 2101 Agnetem
1213 2023 1248 2079 et
1263 2012 1364 2077 filium
1377 2032 1464 2075 suum

371 2119 412 2184 de
426 2119 572 2206 predicta
586 2117 681 2183 domo
695 2119 869 2196 eiecerunt,
884 2126 919 2183 et
934 2119 969 2183 ui
984 2126 1019 2183 et
1039 2118 1159 2183 iniuste
1180 2126 1216 2182 et
1236 2126 1345 2183 contra
1363 2136 1464 2201 pacem

257 2238 260 2243 ’
370 2226 464 2289 Dom
481 2223 580 2311 Regis
595 2223 630 2288 in
645 2245 685 2287 ea
698 2245 732 2288 se
747 2232 934 2300 tenuerunt,
950 2231 984 2288 et
998 2223 1096 2288 blada
1113 2232 1148 2288 et
1167 2223 1256 2288 cibos
1277 2230 1311 2288 et
1328 2221 1406 2286 alias
1424 2241 1466 2283 res

371 2326 516 2391 eiusdem
546 2325 685 2411 Agnetis
714 2324 945 2389 destruxerunt
975 2333 1044 2401 etc,
1074 2325 1161 2389 unde
1191 2334 1378 2411 preceptum
1412 2322 1466 2386 fuit

372 2428 555 2494 uicecomiti
566 2427 652 2514 quod
664 2427 798 2493 haberet
809 2450 914 2492 coram
927 2428 1111 2493 iusticiariis
1122 2437 1184 2494 etc.
1194 2450 1324 2513 corpora
1334 2426 1466 2491 omnium

371 2534 589 2621 predictorum
609 2542 668 2598 etc.
685 2541 720 2598 et
741 2532 878 2597 aliorum
900 2555 980 2618 quos
1001 2533 1036 2597 in
1058 2533 1157 2599 forcia
1177 2533 1235 2598 illa
1256 2532 1414 2598 inueniret
1432 2528 1468 2594 ad

371 2638 630 2724 respondendum
655 2637 696 2702 de
720 2637 972 2724 transgressione
997 2637 1061 2715 illa,
1085 2645 1120 2702 et
1146 2636 1233 2723 quod
1262 2637 1297 2701 in
1325 2637 1388 2701 fide
1412 2655 1469 2720 qua

372 2741 467 2806 Dom.
484 2741 568 2827 Regi
589 2741 763 2806 tenebatur
782 2741 831 2806 rei
853 2741 1027 2806 ueritatem
1050 2741 1226 2828 diligenter
1246 2741 1420 2828 inquireret
1440 2751 1470 2803 et

373 2845 430 2931 qui
446 2845 577 2909 fuerunt
591 2844 627 2909 in
648 2845 746 2909 forcia
765 2845 880 2920 illast
900 2867 963 2932 que
984 2845 1102 2910 catalla
1121 2845 1319 2911 inuenerunt
1333 2845 1368 2910 in
1381 2843 1471 2908 forcia

253 2999 256 3004 .
372 2950 430 3014 illa
443 2958 478 3014 et
493 2973 556 3035 que
572 2951 690 3015 catalla
703 2949 779 3014 inde
795 2959 961 3036 asportata
975 2951 1117 3026 fuerunt,
1132 2957 1193 3014 etc.

439 3054 482 3118 Et
497 3053 675 3118 uicecomes
694 3053 864 3118 mandauit
885 3053 945 3117 sub
967 3052 1073 3138 sigillo
1094 3073 1152 3116 suo
1172 3052 1260 3138 quod
1280 3073 1390 3116 omnes
1408 3073 1472 3136 pre·

372 3156 453 3222 dicti
467 3165 501 3221 et
515 3156 624 3242 plures
638 3155 695 3220 alii
709 3156 793 3220 circa
807 3155 874 3220 xxl.
892 3163 1031 3240 quatuor
1045 3155 1086 3219 de
1106 3154 1240 3220 castello
1260 3155 1300 3220 de
1321 3155 1472 3239 Hidinge·

373 3258 466 3324 ham’
482 3266 518 3322 ut
533 3258 669 3322 credunt
685 3279 765 3343 quos
775 3257 942 3322 nominare
953 3257 1110 3334 nesciunt,
1123 3265 1286 3321 uenerunt
1296 3255 1337 3321 ad
1348 3255 1472 3320 domum

372 3365 474 3450 ipsius
489 3363 628 3450 Agnetis
643 3372 677 3428 et
692 3385 764 3427 eam
779 3362 945 3427 eiecerunt
960 3369 994 3426 et
1014 3362 1060 3426 ibi
1081 3383 1115 3426 ae
1138 3371 1317 3427 tenuerunt
1339 3371 1375 3426 et
1396 3359 1475 3447 quod

374 3468 454 3533 talia
468 3467 601 3532 catalla⁴
614 3467 661 3532 ibi
676 3467 813 3532 inuenta
828 3469 960 3531 fuerunt
975 3475 1035 3531 etc.
1527 3487 1528 3532 l

440 3571 485 3634 ac
512 3570 696 3635 uolumus
725 3569 812 3634 finus
842 3568 980 3654 aalma
1009 3577 1044 3633 a
1080 3570 1162 3634 ales
1191 3571 1249 3636 am
1279 3569 1419 3637 ueniunt
1447 3579 1475 3633 a

374 3675 553 3740 defendunt
568 3696 680 3759 pacem
696 3673 788 3738 Dom.
805 3673 905 3758 Regis
919 3681 979 3738 etc
1026 3673 1086 3738 Set
1100 3697 1214 3739 uenam
1236 3675 1353 3739 uolunt
1369 3675 1476 3740 dicere.
1527 3685 1528 3736 l

374 3780 498 3845 Dicunt
512 3777 599 3863 quod
614 3786 700 3841 terra
713 3778 770 3842 illa
790 3778 854 3842 fuit
873 3778 924 3843 ius
945 3785 979 3844 et
999 3777 1162 3844 hereditas
1183 3777 1320 3864 predicti
1345 3777 1477 3865 Eutmpi

374 3882 476 3968 patris
517 3880 682 3946 Willelmi
748 3880 844 3946 Idem
881 3882 1045 3967 Eutropus
1083 3882 1200 3946 habuit
1237 3905 1336 3946 unam
1375 3885 1478 3956 filiam,

374 3983 514 4050 Aliciam
528 3983 666 4048 nomine
711 3983 840 4047 Placuit
856 3983 887 4047 ei
901 4004 1090 4069 promouere
1110 3985 1214 4070 ipsam
1235 3983 1346 4062 filiam,
1363 3995 1399 4051 et
1414 4009 1477 4052 eam

375 4086 543 4153 maritauit
558 4086 687 4152 cuidam
702 4086 867 4152 Willelmo
882 4087 923 4152 de
944 4089 1084 4154 Braham
1105 4089 1267 4174 quondam
1288 4088 1364 4154 uiro
1385 4091 1478 4178 ipsius

408 4269 417 4300 ¹
435 4269 465 4317 Α.
477 4283 513 4318 m.
526 4269 572 4328 143
589 4271 620 4319 B.
632 4284 668 4318 m.
679 4269 728 4319 sd.
953 4268 1064 4318 Frcaton
1075 4267 1098 4317 is
1109 4282 1172 4318 near
1183 4265 1300 4330 Ipawich.

408 4335 419 4366 ²
436 4336 517 4384 Seven
529 4337 603 4385 other
613 4350 712 4392 names,
724 4335 754 4392 A,
766 4335 797 4383 Β.
985 4335 996 4365 ⁴
1013 4333 1159 4384 Livc-stock
1170 4337 1226 4392 etc..
1238 4333 1267 4388 Δ,
1279 4331 1310 4380 Β.

408 4400 419 4432 ³
435 4401 561 4461 Henqta’,
583 4401 615 4450 B.
649 4399 763 4464 Perhaps
776 4399 900 4461 Higham.
