3167 5075
370 379 434 445 720
831 389 1016 467 srenunrr.

368 561 425 625 illa
450 561 560 626 dotem
587 560 706 625 habere
732 560 811 646 quia
831 559 998 645 predictus
1019 559 1200 626 Nicholaus
1221 583 1286 626 non
1314 562 1372 626 fuit
1390 561 1451 626 inde

367 664 496 729 seisitus
525 664 579 728 die
601 686 665 749 quo
687 685 759 728 earu
781 662 1001 748 desponsauit,
1024 671 1059 726 et
1081 672 1230 749 pretereo
1251 664 1319 751 ipse
1342 665 1450 730 dotauit

366 791 437 833 eam
453 768 494 834 de
509 767 611 833 tercia
625 775 718 853 purte
734 766 838 830 tocius
852 773 939 831 terre
954 789 1052 852 quem
1074 767 1185 832 tenuit
1200 790 1239 832 eo
1253 768 1306 833 die
1320 791 1379 855 quo
1391 791 1450 834 eum

365 871 581 957 desponssuit

431 975 475 1039 Et
495 973 680 1038 Willelmus
700 971 780 1036 dicit
805 970 892 1058 quod
911 992 1027 1036 reuera
1045 971 1115 1057 ipse
1138 995 1204 1038 non
1226 973 1332 1038 tenuit
1349 982 1450 1038 terram

365 1076 456 1142 illam
470 1075 524 1142 die
539 1097 603 1163 quo
619 1084 689 1153 etc„
702 1075 780 1161 quis
795 1074 927 1160 quidem
942 1076 1126 1140 auunculus
1135 1075 1225 1140 illum
1241 1076 1346 1142 tenuit
1358 1085 1412 1142 etc
1423 1085 1451 1140 et

364 1190 478 1267 postes
491 1179 523 1246 ei
537 1181 704 1246 descendit
719 1179 789 1244 iure
804 1178 1000 1244 hereditario
1016 1188 1050 1244 et
1060 1179 1135 1245 ideo
1151 1179 1328 1245 Nicholsus
1339 1179 1450 1245 dotent

365 1309 438 1353 eom
452 1285 492 1350 de
508 1293 580 1351 tots
594 1293 681 1350 terra
700 1306 799 1370 quom
820 1284 928 1349 tenuit
950 1294 986 1350 et
1007 1306 1072 1370 que
1094 1284 1126 1348 ei
1147 1285 1337 1350 descendere
1356 1285 1448 1371 potuit

364 1390 434 1456 iure
449 1387 652 1464 hereditarie,
668 1395 702 1451 et
718 1388 793 1452 inde
810 1388 902 1473 ponit
917 1411 951 1454 se
966 1411 1065 1474 super
1075 1389 1223 1456 iuratum
1269 1391 1312 1454 Et
1322 1391 1449 1476 lisgerus

363 1492 520 1558 similiter.
565 1491 641 1555 Fiat
656 1489 731 1554 inde
752 1490 861 1556 iurata
881 1501 916 1557 et
939 1492 1051 1556 ueniat
1072 1514 1095 1556 a
1114 1492 1168 1557 die
1191 1494 1224 1558 S.
1246 1493 1340 1558 Mart
1357 1493 1390 1558 in
1407 1515 1448 1556 xv.

363 1597 432 1662 dies
447 1596 489 1662 sd
503 1595 796 1682 recognoscendum
810 1594 840 1660 si
854 1595 983 1660 dotauit
998 1617 1071 1660 eom
1085 1594 1128 1661 de
1142 1604 1230 1661 terra
1243 1618 1339 1682 quum
1357 1597 1450 1662 tenuit

363 1709 503 1778 tantum,
520 1699 574 1764 uel
589 1698 630 1764 do
646 1697 748 1763 tercia
762 1705 855 1784 parte
870 1706 954 1764 terre
970 1721 1069 1784 quum
1084 1699 1193 1764 tenuit
1212 1708 1248 1764 et
1268 1707 1406 1785 pretereo
1415 1698 1449 1764 de

362 1803 463 1868 tercie
477 1811 569 1889 parte
585 1800 689 1865 tocius
708 1810 793 1866 terre
815 1823 879 1886 que
899 1801 932 1866 ei
952 1801 1146 1868 descendere
1167 1803 1286 1888 potuit
1327 1803 1370 1870 Et
1386 1803 1452 1890 quis

362 1907 556 1993 desponsata
570 1915 619 1970 est
635 1904 669 1969 in
685 1925 764 1970 com.
779 1904 861 1970 suff.
877 1904 936 1969 fist
950 1904 998 1970 ibi
1012 1907 1231 1974 summonicio.

429 2009 628 2076 ¹Euerurdus
650 2008 825 2072 Aurifaber
846 2009 931 2093 petit
953 2031 1068 2074 uersus
1086 2010 1277 2097 Philippum
1297 2010 1451 2075 Vitdeuers

298 2143 304 2155 ·
364 2116 450 2202 quod
474 2122 586 2180 teneat
612 2113 643 2178 ei
669 2112 921 2177 conuencionem
948 2113 1067 2177 luctum
1091 2114 1178 2178 inter
1206 2137 1262 2179 eos
1289 2114 1329 2178 de
1350 2123 1453 2200 quartu

364 2227 456 2305 parte
481 2216 578 2281 unius
604 2215 680 2280 hide
707 2223 791 2279 terre
818 2237 893 2279 cum
920 2215 1131 2301 pertinenciis
1153 2216 1189 2282 in
1217 2217 1368 2302 Inuneye
1391 2226 1451 2292 etc,

364 2321 450 2386 undo
473 2318 656 2384 Eucrardus
674 2317 819 2382 ostendit
841 2318 928 2403 quod
948 2318 1115 2403 predictus
1136 2319 1308 2405 Philippus
1326 2319 1411 2384 dedit
1426 2318 1454 2382 ei

362 2447 420 2510 pro
431 2424 581 2508 homagio
596 2431 630 2488 et
645 2422 781 2486 seruicio
796 2445 854 2486 suo
869 2431 904 2486 et
918 2445 976 2507 pro
987 2423 1096 2509 xxviij.
1107 2423 1222 2488 mercis
1232 2432 1333 2488 toturn
1347 2433 1452 2489 terrum

363 2529 403 2594 de
419 2529 483 2595 Lef
484 2527 590 2593 herste
606 2550 680 2592 cum
696 2526 846 2591 omnibus
861 2526 1070 2611 pertinenciis
1084 2526 1152 2593 suis
1166 2550 1225 2613 per
1239 2535 1359 2592 curtum
1372 2550 1453 2593 suum

364 2656 461 2719 quam
483 2631 605 2718 profert
620 2640 654 2695 et
669 2652 733 2714 que
749 2630 809 2693 hoc
823 2629 912 2694 idem
932 2638 1081 2706 testetur,
1097 2631 1183 2695 uudc
1199 2631 1280 2696 dicit
1294 2631 1377 2717 quod
1388 2653 1454 2696 cum

364 2746 449 2803 esset
470 2737 504 2801 in
531 2735 650 2800 seisins
672 2734 713 2798 de
736 2732 883 2819 predicta
903 2742 990 2797 terra
1013 2755 1071 2819 per
1092 2734 1214 2799 donum
1235 2757 1330 2799 suum
1353 2743 1386 2800 et
1405 2756 1455 2819 per

363 2850 485 2907 certum
501 2839 599 2915 illam,
615 2836 707 2901 uenit
722 2836 810 2901 idem
826 2835 998 2921 Philippus
1012 2844 1047 2900 et
1061 2860 1137 2901 euru
1153 2837 1229 2902 inde
1243 2838 1413 2903 disseisiuit
1424 2848 1454 2902 et

363 2947 541 3031 dampnum
557 2943 588 3007 ei
602 2942 680 3007 fecit
699 2950 812 3006 contra
831 2940 1083 3005 conueucionem
1101 2942 1202 3015 illam,
1223 2942 1267 3009 ed
1290 2942 1455 3009 uuleucium

364 3052 382 3117 l.
399 3072 493 3115 marc.
510 3058 544 3115 et
558 3049 634 3113 inde
650 3047 800 3133 producit
814 3055 936 3113 sectum
952 3054 1013 3113 etc.

429 3155 473 3219 Et
492 3154 664 3238 Philippus
687 3150 780 3217 uenit
801 3160 835 3216 et
853 3150 1000 3215 defendit
1021 3151 1089 3215 uim
1111 3150 1314 3241 etiniurism
1327 3160 1456 3218 nuncet

364 3261 443 3325 elias
466 3258 594 3345 quando
617 3256 790 3322 defendere
814 3255 948 3320 debebit
974 3263 1009 3319 et
1034 3254 1213 3341 dampnum
1236 3256 1413 3341 predictum
1438 3256 1455 3319 l

364 3388 468 3443 mare,
484 3371 517 3428 ct
535 3362 615 3427 dicit
629 3361 716 3447 quod
731 3383 797 3424 non
812 3358 944 3423 uidetur
958 3358 990 3422 ei
1004 3358 1091 3443 quod
1106 3358 1224 3422 debest
1238 3358 1282 3425 ad
1296 3358 1355 3424 hoc
1368 3360 1456 3425 breue

298 3466 300 3469 ’
363 3466 657 3557 respondereque
676 3466 717 3529 de
738 3464 851 3529 eadem
873 3470 961 3527 tenu
980 3462 1155 3527 srumiauit
1173 3461 1263 3528 idem
1286 3462 1457 3529 Euerurdus

364 3573 496 3638 assisam
519 3590 603 3635 noue
628 3566 793 3631 disseisine
820 3587 932 3629 uersus
955 3586 1031 3628 eum
1055 3564 1104 3629 its
1133 3566 1219 3650 quod
1248 3567 1351 3633 sssiss
1372 3575 1459 3653 <spu

364 3675 428 3740 fuit
442 3695 549 3739 corum
560 3668 746 3735 iusticiuriis
760 3666 990 3732 itinerantibus
1005 3666 1122 3731 ultimo
1136 3667 1172 3730 in
1186 3668 1336 3752 pertibus
1348 3670 1418 3745 illis
1429 3682 1460 3733 et

363 3779 520 3843 iuratores
542 3796 618 3839 eum
640 3771 772 3858 penitus
793 3770 1055 3855 aquietsuerunt,
1069 3778 1104 3835 et
1125 3772 1154 3835 si
1175 3770 1267 3837 curio
1288 3772 1460 3838 cousidere-

365 3883 448 3949 uerit
477 3880 562 3967 quod
586 3878 704 3943 debeat
726 3897 823 3961 super
844 3873 905 3939 hoc
926 3874 958 3939 ei
983 3874 1176 3960 respondere
1198 3896 1257 3960 per
1278 3875 1339 3941 hoc
1360 3878 1460 3952 breue,

363 3988 450 4053 dicet
464 3982 577 4048 uliud'.

428 4087 472 4151 Et
488 4084 670 4151 Euersrdus
688 4080 852 4167 cognoscit
875 4080 962 4165 quod
982 4079 1022 4145 dc
1045 4080 1159 4145 eadem
1181 4090 1270 4147 terre
1287 4082 1352 4147 fuit
1370 4082 1460 4147 assim

363 4200 460 4277 capta
481 4189 567 4253 inter
588 4210 642 4251 cos
664 4195 698 4252 et
720 4185 806 4271 quod
829 4186 987 4249 iuratores
1008 4184 1162 4249 dixerunt
1184 4185 1271 4271 quod
1298 4186 1461 4272 Philippus

364 4318 428 4361 uon
443 4292 619 4358 disseisiuit
635 4312 709 4355 eum
726 4311 764 4353 eo
779 4287 866 4374 quod
880 4308 1047 4373 nunquam
1064 4287 1152 4373 cepit
1165 4288 1305 4373 expleta,
1320 4298 1372 4353 set
1386 4290 1461 4352 bene

559 4415 926 4479 ¹A.m.1rd;13.m.11u
1117 4415 1256 4479 ’Betops
