3167 5075
317 402 435 453 consu
456 402 555 464 anon,
577 402 641 451 sn.
667 388 826 463 1234-5,
848 403 911 454 ss.
936 390 1071 453 18-19.
1182 389 1244 452 151

149 572 304 660 Radulphi
319 581 355 639 et
369 572 454 660 petit
469 572 627 638 iudicium
642 572 669 637 si
681 572 800 640 debeat
810 573 852 639 ad
866 574 926 641 hoc
940 575 1040 641 breue
1054 575 1245 663 respondere

147 677 265 745 desicut
291 678 378 744 idem
406 676 600 763 Radulphus
629 700 663 743 se
693 676 856 743 subtraxit
884 680 933 745 ita
962 680 1049 766 quod
1077 703 1245 767 nunquam

146 784 244 849 uoluit
272 784 315 849 ad
343 784 451 871 ipsum
481 783 593 847 uenire
623 790 796 869 postquam
826 783 920 851 Dom
950 785 1021 850 Rex
1051 785 1082 850 ei
1111 785 1246 852 dederat

144 887 324 953 custodiam.
368 886 459 952 Dicit
474 886 576 952 eciam
592 886 679 973 quod
692 886 781 952 idem
797 887 990 974 Radulphus
1005 912 1070 954 non
1085 898 1136 955 est
1150 892 1245 976 plene

144 991 243 1069 etatis,
258 999 291 1057 et
306 990 334 1055 si
349 990 467 1055 debeat
481 988 674 1075 respondere
694 998 872 1077 antequam
892 991 1013 1058 habeat
1032 993 1183 1059 saisinam
1203 995 1245 1061 de

143 1117 177 1159 eo
190 1095 395 1182 respondebit
409 1095 451 1160 ad
465 1102 604 1159 uastum

201 1201 244 1265 Et
259 1200 452 1287 Radulphus
467 1200 560 1265 uenit
575 1208 610 1265 et
624 1199 704 1266 dicit
719 1200 806 1287 quod
820 1202 916 1287 plene
931 1202 1030 1269 etatis
1044 1211 1143 1270 estet
1158 1203 1244 1291 quod

142 1302 343 1391 maritagium
365 1325 429 1369 non
451 1304 596 1389 pertinet
617 1303 659 1368 ad
681 1303 789 1389 ipsum
813 1305 1015 1371 Willelmum
1037 1308 1115 1393 quia
1136 1308 1242 1375 Adam

140 1407 168 1471 le
186 1408 326 1473 Butiller
345 1408 493 1495 capitalis
513 1407 662 1474 dominus
682 1408 769 1473 illius
787 1409 874 1475 feodi
894 1411 951 1496 qui
967 1412 1119 1477 uendidit
1136 1413 1243 1479 eidem

139 1513 290 1579 Johanni¹
306 1513 487 1579 custodiam
501 1514 590 1580 illius
604 1522 689 1579 terre
704 1514 844 1580 retinuit
862 1514 925 1580 sibi
947 1516 1011 1602 ipsi
1034 1516 1243 1605 maritagium

139 1616 175 1682 de
189 1640 226 1683 eo
240 1626 275 1683 et
289 1618 364 1684 ideo
379 1641 443 1683 non
457 1618 602 1705 pertinet
616 1619 658 1684 ad
672 1641 748 1684 eum
763 1618 806 1684 de
820 1620 999 1707 maritagio.

197 1724 241 1788 Et
263 1724 343 1810 quia
363 1731 509 1815 constare
531 1746 596 1789 non
618 1731 726 1809 potest
749 1724 777 1789 si
799 1724 842 1790 sit
864 1725 959 1811 plene
981 1726 1080 1791 etatis
1101 1726 1155 1791 uel
1176 1749 1242 1792 non

138 1848 191 1913 per
211 1838 380 1915 aspectum
407 1828 546 1915 corporis
567 1828 643 1894 inde
665 1828 762 1894 datus
783 1836 834 1894 est
856 1830 903 1894 eis
928 1829 997 1895 dies
1021 1830 1096 1895 talis
1119 1838 1178 1897 etc.
1202 1837 1242 1895 ut

138 1932 296 2017 prodictus
331 1932 525 2018 Radulphus
559 1940 638 1997 tunc
672 1933 787 1998 ueniat
816 1933 858 1999 sd
887 1933 1089 2019 probandum
1118 1941 1241 1999 etatem

137 2038 247 2117 suam’,
274 2046 309 2104 et
335 2046 525 2125 preceptum
555 2046 605 2103 est
634 2038 819 2104 uicecomiti
848 2038 934 2125 quod
959 2060 1018 2125 per
1042 2038 1096 2125 xij.
1122 2039 1242 2126 legales

136 2142 274 2230 inquirat
310 2144 345 2210 in
374 2144 470 2228 pleno
499 2126 656 2209 comitatu
691 2166 799 2208 coram
833 2142 1020 2208 custodibus
1048 2142 1241 2229 placitorum

135 2270 243 2313 corone
264 2249 293 2313 si
317 2247 481 2334 predictus
500 2246 608 2311 Adam
628 2244 720 2311 dedit
742 2244 848 2311 eidem
869 2245 1013 2311 Johanni
1035 2253 1070 2311 et
1091 2244 1241 2311 uendidit

135 2354 311 2420 custodiam
334 2362 419 2419 terre
441 2374 516 2417 cum
538 2351 709 2437 maritagio
731 2350 816 2417 sicut
838 2350 925 2417 idem
946 2351 1131 2416 Willelmus
1152 2349 1241 2427 dicit,

134 2459 186 2525 uel
205 2460 233 2525 si
255 2460 288 2525 ei
311 2457 461 2524 uendidit
482 2456 663 2522 custodiam
685 2466 770 2522 terre
793 2465 925 2522 tantum
950 2464 985 2521 et
1009 2456 1147 2522 retinuit
1177 2455 1241 2521 sibi

135 2565 340 2654 maritagium
362 2571 401 2629 ut
422 2563 511 2629 idem
532 2560 725 2648 Radulphns
747 2561 827 2627 dicit
848 2570 918 2639 etc,
940 2569 974 2626 et
995 2561 1240 2647 inquisicionem

135 2668 219 2740 illam
234 2677 297 2735 stc
313 2665 481 2734 uicecom'⁸
494 2665 615 2732 habeat
630 2665 673 2730 ad
686 2664 868 2752 predictum
885 2664 972 2731 diem
987 2672 1047 2731 etc.
1068 2661 1073 2751 Ι

196 2771 318 2837 Postea
338 2769 380 2834 ad
401 2769 501 2834 talem
524 2767 610 2833 diem
633 2767 722 2853 prius
744 2767 946 2854 assignatum
967 2789 1031 2831 nou
1051 2767 1144 2832 uenit
1159 2765 1240 2830 Wil-

135 2872 247 2940 lelmus
269 2871 451 2960 primodie
474 2879 524 2936 set
548 2893 582 2936 se
605 2871 782 2936 sssoniauit
804 2877 839 2935 et
861 2871 961 2935 tercio
986 2870 1039 2935 die
1064 2879 1241 2956 antequam

136 2977 293 3042 essonium
310 2973 474 3040 redditum
490 2980 575 3039 esset
590 2973 684 3038 uenit
698 2981 733 3038 et
748 2972 861 3038 statim
877 2972 1008 3038 recessit
1029 2981 1064 3038 et
1083 2972 1156 3038 ideo
1175 2996 1242 3037 non

136 3077 193 3141 luit
219 3075 385 3143 esscnium
411 3075 593 3141 allocutum.
640 3074 684 3138 Et
711 3073 905 3159 Radulphus
932 3073 1025 3138 uenit
1051 3096 1125 3139 cum
1154 3080 1243 3138 secta

135 3205 189 3248 sua
209 3182 251 3248 ad
274 3178 431 3268 proband'
453 3188 576 3246 etatem
600 3186 635 3244 et
655 3179 729 3244 ideo
754 3178 903 3265 capiatur
929 3178 1079 3265 probacio
1103 3200 1162 3265 per
1187 3177 1242 3242 de-

136 3285 251 3364 faltum,
276 3293 314 3351 et
338 3283 415 3370 quia
439 3282 467 3348 si
492 3305 623 3369 presens
649 3291 734 3347 esset
758 3304 823 3346 non
849 3290 957 3368 posset
984 3280 1108 3369 aliquid
1137 3279 1242 3346 dicere

137 3401 242 3458 contra
266 3391 441 3478 productos
469 3389 505 3453 in
534 3389 594 3454 hoc
623 3411 707 3454 casu
753 3386 798 3451 Et
822 3387 972 3473 producit
996 3386 1172 3451 Ricardum
1201 3385 1242 3450 de

138 3494 341 3582 Nywentona
354 3502 389 3558 et
404 3493 444 3580 xj.
461 3491 558 3558 alios*
571 3493 629 3579 qui
644 3513 755 3556 omncs
770 3490 885 3556 dicunt
895 3513 993 3577 super
1005 3498 1242 3556 sacramentum

138 3621 225 3664 suum
251 3597 342 3687 quod
370 3597 563 3684 Radulphus
588 3597 688 3662 habet
714 3597 777 3684 xxj.
804 3620 904 3663 annos
930 3596 1087 3674 adminus‚
1111 3596 1243 3683 quidam

139 3703 245 3769 dicunt
271 3702 361 3790 quod
386 3701 487 3767 habet
513 3701 588 3787 xxij.
616 3724 725 3780 annos,
752 3709 786 3766 et
812 3700 945 3788 quidam
971 3701 1058 3787 quod
1086 3700 1183 3787 xxiij„
1209 3707 1244 3765 et

139 3806 206 3871 ideo
223 3808 356 3893 plenam
377 3805 477 3871 habet
499 3805 725 3891 probacionem
747 3813 880 3892 propter
900 3803 1037 3870 etatem⁰
1055 3828 1155 3870 suam
1200 3804 1245 3869 Et

140 3912 252 3996 profert
272 3909 520 3996 inquisicionem
543 3931 606 3996 que
629 3909 704 3974 talis
726 3909 882 3995 estquod
902 3908 1066 3997 predictus
1085 3909 1193 3974 Adam
1213 3911 1245 3977 le

141 4015 275 4081 Butiller
301 4014 452 4100 capitalis
481 4013 631 4079 domiuus
656 4013 742 4079 feodi
772 4012 813 4078 de
826 4025 829 4031 '
843 4035 907 4099 quo
936 4012 1129 4100 Radulphus
1156 4013 1245 4079 Jews

141 4119 243 4186 tenuit
257 4117 411 4185 uendidit
425 4117 570 4184 Johanni
583 4117 625 4183 de
646 4117 787 4182 Breaute
808 4123 939 4181 tantum
959 4117 1139 4183 custodiam
1159 4125 1244 4184 terre

173 4332 182 4366 ¹
197 4333 267 4385 John
280 4334 310 4384 of
318 4333 438 4385 Brsanta
750 4325 874 4380 ‘'Namas
885 4327 953 4379 ind.

172 4397 371 4452 ’Bntfflla
750 4393 1245 4460 ‘Complenomlrobetetoteraprr

173 4461 255 4517 'om
269 4466 447 4516 elc.aicecom’
459 4463 490 4514 Δ.
715 4460 932 4528 protectorum.
