3167 5075
1527 80 1529 123 i

381 367 446 432 560
678 379 821 441 mmm,
843 373 909 432 so.
933 367 1027 442 1226,
1047 343 1111 428 ss.
1136 367 1187 430 10.

377 555 490 622 seriem
505 577 598 621 susm
614 555 765 621 uenerint
780 555 969 621 theloneum
983 562 1019 620 et
1032 553 1208 640 stelogium
1222 562 1257 618 et
1276 573 1379 618 omnes
1393 549 1452 615 dm
1528 590 1529 657 ἦ

376 669 481 726 rectos
496 660 745 726 consuetudines
760 681 836 725 suas
850 681 930 746 quse
944 659 1032 724 idem
1047 659 1142 724 Dom.
1152 659 1224 723 Rex
1238 657 1352 723 habuit
1363 657 1394 722 in
1404 656 1453 720 suis

326 807 328 814 ·
376 763 546 830 dominicis
560 764 711 830 mereatis
731 771 801 842 eto,
816 771 852 828 et
871 763 947 828 uult
961 771 1022 828 ete
1066 762 1164 828 Unde
1187 762 1276 827 idem
1296 761 1381 827 Prior
1394 761 1454 824 dicit
1528 812 1529 825 r

372 868 463 955 quod
477 890 537 954 per
550 876 673 933 certam
687 868 779 933 illam
795 889 922 953 semper
935 868 1069 933 fuerunt
1085 867 1237 931 monachi
1254 867 1291 931 in
1309 865 1413 932 seisins
1425 864 1454 928 de

374 974 547 1041 theoloneo
561 997 664 1060 usque
679 974 722 1040 ed
737 974 825 1038 hunc
838 972 935 1051 diem,
950 981 986 1038 et
999 971 1074 1038 ideo
1088 971 1271 1058 dicitquod
1290 971 1372 1036 iuste
1387 969 1455 1055 mpit

375 1077 585 1143 theoloneum
600 1085 664 1143 eto.
760 1111 763 1120 ν

442 1181 486 1246 Et
509 1182 693 1268 Burgenses
715 1180 884 1267 proferunt
906 1187 1031 1245 certem
1054 1179 1201 1246 eiusdem
1226 1179 1328 1266 Regis
1353 1178 1456 1263 iique

375 1282 522 1348 concedit
544 1283 592 1348 eis
614 1305 725 1348 omnes
745 1281 915 1347 libertates
930 1290 965 1347 et
979 1303 1093 1346 omnes
1103 1281 1223 1347 liberes
1236 1280 1458 1347 consuetudines

375 1407 450 1451 sues
465 1407 546 1471 quas
560 1384 746 1450 habuerunt
761 1393 907 1470 tempore
917 1385 960 1449 Η
970 1383 1086 1472 Regis¹
1097 1384 1154 1450 sui
1163 1383 1458 1470 suisioutreoognite

375 1490 508 1554 firerunt
531 1488 567 1554 iri
590 1488 747 1553 comitatu
773 1488 966 1554 Bedefordie
988 1491 1024 1555 et
1049 1488 1135 1554 sieut
1155 1488 1335 1575 brugenses
1358 1484 1458 1552 Oxonie

259 1591 262 1600 “
376 1593 507 1670 habent,
522 1591 609 1658 unde
624 1591 740 1657 dieunt
760 1591 848 1678 quod
867 1614 927 1678 per
947 1601 1072 1658 cartam
1092 1592 1185 1658 illam
1204 1614 1335 1679 semper
1353 1593 1459 1657 fuerunt

374 1695 599 1782 quietiusque
614 1693 649 1760 in
663 1694 760 1760 inicio
782 1716 907 1781 guerre,
922 1702 957 1760 et
969 1694 1048 1761 inde
1069 1704 1198 1781 ponunt
1218 1717 1255 1761 se
1274 1717 1372 1782 super
1383 1692 1460 1759 oomi·

375 1809 466 1866 tatus
480 1798 696 1878 Bedesordie',
712 1798 972 1887 Huntingdonie

441 1905 486 1970 Et
500 1903 592 1969 Prior
606 1905 666 1970 hoo
681 1911 788 1969 totum
804 1904 951 1970 defendit
966 1912 1001 1970 et
1021 1927 1087 1971 non
1103 1906 1179 1970 uult
1197 1927 1298 1992 super
1318 1914 1401 1972 carta
1415 1925 1462 1968 sur

250 2065 253 2072 .
375 2008 568 2096 respondere
597 2009 661 2074 nisi
689 2009 779 2075 curie
808 2007 1069 2076 considereoerit
1113 2009 1192 2075 Post
1217 2011 1313 2076 uenit
1336 2010 1417 2076 Prior
1435 2018 1462 2072 et
1486 2054 1490 2064 .

375 2115 469 2201 ponit
491 2137 526 2180 se
548 2136 646 2200 super
666 2114 862 2180 comitatum
883 2114 1136 2203 Huntingdonie
1156 2115 1245 2202 quod
1267 2139 1393 2202 semper
1413 2114 1463 2178 fuit
1532 2116 1533 2143 ³

375 2217 491 2282 domus
514 2239 574 2282 sua
598 2215 710 2282 seisito
732 2215 774 2282 de
797 2217 854 2282 illo
875 2217 1048 2283 theoloneo
1068 2241 1129 2305 per
1148 2227 1273 2284 sartam
1296 2243 1392 2285 sum
1429 2218 1463 2282 Et

376 2318 562 2407 Burgenses
576 2320 728 2386 similiter
741 2328 869 2406 ponunt
883 2343 918 2386 se
934 2321 970 2385 in
984 2320 1122 2386 eandem
1143 2321 1286 2388 iuratam
1307 2323 1349 2388 de
1369 2323 1463 2388 eodem

376 2423 543 2492 comitatu.
587 2423 631 2487 Et
646 2422 719 2488 ideo
734 2425 793 2488 fist
808 2422 884 2488 inde
899 2423 1009 2489 iurata
1022 2432 1057 2487 et
1077 2423 1192 2489 ueniat
1211 2424 1271 2489 tali
1291 2425 1351 2490 die
1365 2423 1463 2490 etosd

375 2525 668 2613 recognoscendum
682 2525 711 2592 si
724 2525 788 2612 ipsi
803 2527 987 2615 Burgenses
1001 2526 1188 2593 habuerunt
1209 2527 1420 2616 quietsnoism
1431 2527 1463 2592 de
1533 2563 1534 2602 1

378 2630 449 2716 ipso
463 2630 633 2695 theoloneo
648 2630 683 2694 in
697 2629 778 2695 uille
791 2629 833 2696 de
848 2630 881 2697 S.
897 2631 1006 2695 Neoto
1020 2639 1094 2717 post
1108 2638 1240 2719 tempus
1256 2632 1304 2701 H.
1315 2633 1410 2721 Regis
1420 2632 1465 2697 oui

263 2784 266 2793 .
376 2741 438 2799 etc.
452 2755 556 2819 usque
576 2733 619 2800 od
641 2733 776 2799 inicium
794 2739 910 2820 guerre
931 2743 1021 2799 mote
1042 2735 1130 2800 inter
1149 2735 1246 2803 Dom
1258 2734 1292 2804 J.
1307 2738 1421 2825 Regem
1437 2748 1465 2801 et
1533 2721 1534 2730 ἵ

377 2838 511 2905 barones
526 2860 600 2903 suos
615 2838 745 2924 Anglie,
760 2839 815 2903 uel
830 2861 895 2904 non
910 2847 972 2906 etc.

445 2942 609 3029 'Rogems
638 2942 752 3009 Bscun
781 2951 817 3008 et
846 2944 929 3009 tales
957 2944 1031 3009 ete‘
1058 2945 1250 3011 summoniti
1277 2947 1407 3011 fuerunt
1432 2942 1467 3008 ed

379 3046 642 3133 respondendum
668 3046 833 3111 Ronnulfo
861 3047 985 3114 Comiti
1010 3049 1136 3115 Cestrie
1162 3059 1198 3115 et
1225 3050 1391 3116 Linooinie
1415 3070 1468 3134 quo

378 3150 450 3219 iure
465 3174 671 3219 communem
685 3151 823 3238 exigrmt
836 3152 873 3217 in
884 3154 1020 3220 merisoo
1034 3155 1137 3240 ipsius
1152 3154 1291 3223 Comitis
1304 3156 1347 3223 de
1360 3156 1392 3221 N
1393 3155 1467 3219 orfeu

289 3252 291 3257 ’
377 3255 505 3322 desiout
518 3255 588 3341 ipse
604 3254 721 3322 Comes
731 3256 856 3321 nullam
868 3280 1075 3324 communem
1084 3260 1183 3325 habet
1191 3260 1227 3325 in
1238 3261 1333 3325 terris
1343 3260 1468 3346 ipsomm

377 3360 499 3448 Rogeri
513 3368 547 3425 et
561 3359 699 3425 eliorum
714 3366 774 3425 ete
784 3380 845 3426 nec
858 3360 923 3447 ipsi
935 3361 1112 3427 seruioium
1127 3362 1159 3428 ei
1173 3363 1299 3429 faciunt
1311 3376 1372 3429 ete
1383 3382 1468 3449 quere

377 3484 583 3529 communem
600 3470 661 3528 eto
1127 3513 1132 3524 .

442 3568 488 3635 Et
501 3570 648 3656 Rogerus
662 3572 698 3633 et
712 3590 824 3633 omnes
837 3568 899 3633 alii*
909 3568 1051 3635 ueniunt
1065 3567 1100 3636 et
1113 3570 1231 3637 dicunt
1238 3570 1324 3658 quod
1334 3569 1469 3636 nesciunt

376 3671 418 3739 de
433 3695 497 3759 quo
511 3672 647 3739 marisco
663 3672 780 3739 Oomes
794 3671 951 3759 queritur,
962 3674 1041 3760 quis
1054 3674 1089 3740 in
1101 3675 1243 3761 quedem
1254 3684 1345 3762 porte
1356 3671 1469 3739 marisci

376 3776 418 3843 de
427 3778 461 3843 N
463 3778 609 3843 orfeudis
617 3779 699 3843 forte
708 3778 833 3843 nullam
842 3800 1048 3844 communem
1058 3780 1200 3845 clamant
1208 3782 1471 3867 etinpsrteoom·

376 3902 510 3945 munem
525 3886 560 3945 et
574 3878 662 3945 ideo‘
677 3880 797 3945 habere
811 3880 942 3958 debent,
956 3890 992 3947 et
1005 3882 1080 3948 ideo
1099 3893 1221 3970 petunt
1237 3884 1345 3949 uisum
1359 3883 1401 3948 de
1412 3902 1470 3945 me

376 3982 458 4054 fiseo
471 3983 559 4049 unde
571 3984 688 4051 Comes
698 3984 856 4072 queritur.
892 3986 1057 4054 Habeant.
1093 3988 1174 4055 Dies
1187 3990 1284 4055 dstrrs
1297 3997 1349 4055 est
1362 3987 1409 4053 eis
1419 3994 1470 4052 eto

409 4182 625 4318 :ddddifiss
765 4246 769 4251 ,
956 4196 1070 4313 mog
1095 4197 1126 4247 de
1144 4197 1231 4258 ‘Lete
1252 4196 1283 4248 Β.
1312 4196 1400 4250 rar·
1418 4208 1471 4245 uest

408 4318 421 4415 Ξ
436 4318 469 4368 Β.
481 4334 517 4369 m.
530 4320 572 4371 16.
888 4391 908 4405 ..
990 4326 1002 4357 ⁸
1018 4328 1093 4379 atiud
1103 4330 1226 4389 notitior,
1236 4328 1269 4379 B.

435 4382 505 4434 Four
513 4384 609 4435 nomed
618 4400 726 4450 persons
734 4394 759 4438 et
767 4402 848 4441 ormo
857 4390 907 4439 alu
