<?xml version="1.0" encoding="UTF-8"?>
<!DOCTYPE html PUBLIC "-//W3C//DTD XHTML 1.0 Transitional//EN"
    "http://www.w3.org/TR/xhtml1/DTD/xhtml1-transitional.dtd">
<html xmlns="http://www.w3.org/1999/xhtml" xml:lang="en" lang="en">
 <head>
  <title>
</title>
<meta http-equiv="Content-Type" content="text/html;charset=utf-8" />
  <meta name='ocr-system' content='tesseract 3.04.00' />
  <meta name='ocr-capabilities' content='ocr_page ocr_carea ocr_par ocr_line ocrx_word'/>
</head>
<body>
  <div class='ocr_page' id='page_1' title='image "bractonsnoteboo03maitgoog_0291.png"; bbox 0 0 3167 5075; ppageno 0'>
   <div class='ocr_carea' id='block_1_1' title="bbox 313 408 1199 487">
    <p class='ocr_par' dir='ltr' id='par_1_1' title="bbox 313 408 1199 487">
     <span class='ocr_line' id='line_1_1' title="bbox 313 408 1199 487; baseline 0.009 -19"><span class='ocrx_word' id='word_1_1' title='bbox 313 418 432 469; x_wconf 77' lang='lat' dir='ltr'>consu</span> <span class='ocrx_word' id='word_1_2' title='bbox 452 420 551 483; x_wconf 81' lang='lat' dir='ltr'>aron,</span> <span class='ocrx_word' id='word_1_3' title='bbox 572 418 638 473; x_wconf 75' lang='lat' dir='ltr'>nn.</span> <span class='ocrx_word' id='word_1_4' title='bbox 662 408 822 487; x_wconf 80' lang='lat'><strong>1238-9,</strong></span> <span class='ocrx_word' id='word_1_5' title='bbox 842 421 906 474; x_wconf 73' lang='lat' dir='ltr'>sn</span> <span class='ocrx_word' id='word_1_6' title='bbox 928 410 980 475; x_wconf 78' lang='lat'>28.</span> <span class='ocrx_word' id='word_1_7' title='bbox 1132 408 1199 477; x_wconf 75' lang='lat'>277</span> 
     </span>
    </p>
   </div>
   <div class='ocr_carea' id='block_1_2' title="bbox 46 592 1360 3998">
    <p class='ocr_par' dir='ltr' id='par_1_2' title="bbox 101 592 1360 1095">
     <span class='ocr_line' id='line_1_2' title="bbox 114 592 1360 693; baseline 0.004 -37"><span class='ocrx_word' id='word_1_8' title='bbox 114 592 247 657; x_wconf 83' lang='lat' dir='ltr'>maritare</span> <span class='ocrx_word' id='word_1_9' title='bbox 262 592 400 659; x_wconf 87' lang='lat' dir='ltr'>Radulfo</span> <span class='ocrx_word' id='word_1_10' title='bbox 415 593 456 659; x_wconf 89' lang='lat' dir='ltr'>de</span> <span class='ocrx_word' id='word_1_11' title='bbox 472 594 603 682; x_wconf 83' lang='lat' dir='ltr'>Gorgos</span> <span class='ocrx_word' id='word_1_12' title='bbox 647 595 692 660; x_wconf 86' lang='lat' dir='ltr'>Et</span> <span class='ocrx_word' id='word_1_13' title='bbox 706 594 847 660; x_wconf 85' lang='lat' dir='ltr'>Thomas</span> <span class='ocrx_word' id='word_1_14' title='bbox 860 594 953 660; x_wconf 89' lang='lat' dir='ltr'>uenit</span> <span class='ocrx_word' id='word_1_15' title='bbox 968 603 1003 660; x_wconf 90' lang='lat' dir='ltr'>et</span> <span class='ocrx_word' id='word_1_16' title='bbox 1016 593 1097 660; x_wconf 89' lang='lat' dir='ltr'>dicit</span> <span class='ocrx_word' id='word_1_17' title='bbox 1111 595 1197 682; x_wconf 87' lang='lat' dir='ltr'>quod</span> <span class='ocrx_word' id='word_1_18' title='bbox 1209 606 1360 693; x_wconf 52' lang='lat' dir='ltr'>mmet</span> 
     </span>
     <span class='ocr_line' id='line_1_3' title="bbox 113 693 1306 783; baseline 0.003 -24"><span class='ocrx_word' id='word_1_19' title='bbox 113 693 259 777; x_wconf 84' lang='lat' dir='ltr'>predictus</span> <span class='ocrx_word' id='word_1_20' title='bbox 281 695 374 761; x_wconf 86' lang='lat' dir='ltr'>Eudo</span> <span class='ocrx_word' id='word_1_21' title='bbox 397 696 502 782; x_wconf 80' lang='lat' dir='ltr'><strong>ipsam</strong></span> <span class='ocrx_word' id='word_1_22' title='bbox 524 697 556 762; x_wconf 89' lang='lat' dir='ltr'>ei</span> <span class='ocrx_word' id='word_1_23' title='bbox 570 696 662 763; x_wconf 92' lang='lat' dir='ltr'>dedit</span> <span class='ocrx_word' id='word_1_24' title='bbox 684 697 718 761; x_wconf 89' lang='lat' dir='ltr'>in</span> <span class='ocrx_word' id='word_1_25' title='bbox 741 696 814 762; x_wconf 88' lang='lat' dir='ltr'>uita</span> <span class='ocrx_word' id='word_1_26' title='bbox 834 719 894 761; x_wconf 87' lang='lat' dir='ltr'>sua</span> <span class='ocrx_word' id='word_1_27' title='bbox 914 696 964 762; x_wconf 90' lang='lat' dir='ltr'>ita</span> <span class='ocrx_word' id='word_1_28' title='bbox 985 696 1071 783; x_wconf 90' lang='lat' dir='ltr'>quod</span> <span class='ocrx_word' id='word_1_29' title='bbox 1092 696 1196 783; x_wconf 90' lang='lat' dir='ltr'>ipsam</span> <span class='ocrx_word' id='word_1_30' title='bbox 1208 700 1306 748; x_wconf 39' lang='lat'><strong>⁰⁰¹¹&amp;</strong></span> 
     </span>
     <span class='ocr_line' id='line_1_4' title="bbox 101 794 1196 885; baseline 0.005 -26"><span class='ocrx_word' id='word_1_31' title='bbox 101 794 301 881; x_wconf 86' lang='lat' dir='ltr'>&#39;desponsauit</span> <span class='ocrx_word' id='word_1_32' title='bbox 321 798 356 863; x_wconf 93' lang='lat' dir='ltr'>in</span> <span class='ocrx_word' id='word_1_33' title='bbox 373 798 445 863; x_wconf 86' lang='lat' dir='ltr'>uita</span> <span class='ocrx_word' id='word_1_34' title='bbox 465 799 568 885; x_wconf 86' lang='lat' dir='ltr'>patris</span> <span class='ocrx_word' id='word_1_35' title='bbox 591 799 642 865; x_wconf 89' lang='lat' dir='ltr'>sui</span> <span class='ocrx_word' id='word_1_36' title='bbox 664 807 698 865; x_wconf 88' lang='lat' dir='ltr'>et</span> <span class='ocrx_word' id='word_1_37' title='bbox 720 799 824 885; x_wconf 81' lang='lat' dir='ltr'><strong>ipsam</strong></span> <span class='ocrx_word' id='word_1_38' title='bbox 845 799 984 864; x_wconf 80' lang='lat' dir='ltr'>adduxit</span> <span class='ocrx_word' id='word_1_39' title='bbox 1001 806 1040 865; x_wconf 85' lang='lat' dir='ltr'>rit</span> <span class='ocrx_word' id='word_1_40' title='bbox 1063 823 1196 865; x_wconf 79' lang='lat' dir='ltr'>uxorem</span> 
     </span>
     <span class='ocr_line' id='line_1_5' title="bbox 109 902 1195 992; baseline 0.007 -29"><span class='ocrx_word' id='word_1_41' title='bbox 109 922 195 967; x_wconf 86' lang='lat' dir='ltr'>suam.</span> <span class='ocrx_word' id='word_1_42' title='bbox 237 902 356 967; x_wconf 79' lang='lat' dir='ltr'><strong>Postea</strong></span> <span class='ocrx_word' id='word_1_43' title='bbox 377 904 472 969; x_wconf 91' lang='lat' dir='ltr'>uenit</span> <span class='ocrx_word' id='word_1_44' title='bbox 500 904 641 969; x_wconf 80' lang='lat' dir='ltr'>Thomas</span> <span class='ocrx_word' id='word_1_45' title='bbox 663 912 698 968; x_wconf 89' lang='lat' dir='ltr'>et</span> <span class='ocrx_word' id='word_1_46' title='bbox 724 903 853 969; x_wconf 88' lang='lat' dir='ltr'>inuenit</span> <span class='ocrx_word' id='word_1_47' title='bbox 877 904 1000 992; x_wconf 78' lang='lat' dir='ltr'>plegios</span> <span class='ocrx_word' id='word_1_48' title='bbox 1029 905 1111 970; x_wconf 88' lang='lat' dir='ltr'>tales</span> <span class='ocrx_word' id='word_1_49' title='bbox 1134 913 1195 971; x_wconf 77' lang='lat' dir='ltr'>etc</span> 
     </span>
     <span class='ocr_line' id='line_1_6' title="bbox 108 1006 827 1095; baseline 0.007 -27"><span class='ocrx_word' id='word_1_50' title='bbox 108 1006 179 1088; x_wconf 87' lang='lat' dir='ltr'>quod</span> <span class='ocrx_word' id='word_1_51' title='bbox 194 1006 324 1071; x_wconf 86' lang='lat' dir='ltr'>habebit</span> <span class='ocrx_word' id='word_1_52' title='bbox 340 1030 413 1072; x_wconf 90' lang='lat' dir='ltr'>eam</span> <span class='ocrx_word' id='word_1_53' title='bbox 427 1030 534 1073; x_wconf 88' lang='lat' dir='ltr'>eoram</span> <span class='ocrx_word' id='word_1_54' title='bbox 549 1008 644 1075; x_wconf 90' lang='lat' dir='ltr'>Dom.</span> <span class='ocrx_word' id='word_1_55' title='bbox 660 1010 750 1095; x_wconf 82' lang='lat' dir='ltr'>Rege</span> <span class='ocrx_word' id='word_1_56' title='bbox 765 1018 827 1074; x_wconf 89' lang='lat' dir='ltr'>etc.</span> 
     </span>
    </p>

    <p class='ocr_par' dir='ltr' id='par_1_3' title="bbox 89 1107 1195 3257">
     <span class='ocr_line' id='line_1_7' title="bbox 106 1107 1195 1198; baseline 0.006 -27"><span class='ocrx_word' id='word_1_57' title='bbox 106 1107 151 1171; x_wconf 82' lang='lat' dir='ltr'>Ad</span> <span class='ocrx_word' id='word_1_58' title='bbox 176 1108 258 1175; x_wconf 89' lang='lat' dir='ltr'>diem</span> <span class='ocrx_word' id='word_1_59' title='bbox 288 1110 383 1175; x_wconf 90' lang='lat' dir='ltr'>illum</span> <span class='ocrx_word' id='word_1_60' title='bbox 412 1112 506 1176; x_wconf 86' lang='lat' dir='ltr'>uenit</span> <span class='ocrx_word' id='word_1_61' title='bbox 535 1112 622 1177; x_wconf 89' lang='lat' dir='ltr'>idem</span> <span class='ocrx_word' id='word_1_62' title='bbox 652 1112 793 1180; x_wconf 84' lang='lat' dir='ltr'>Thomas</span> <span class='ocrx_word' id='word_1_63' title='bbox 819 1120 854 1177; x_wconf 89' lang='lat' dir='ltr'>et</span> <span class='ocrx_word' id='word_1_64' title='bbox 879 1111 1033 1198; x_wconf 87' lang='lat' dir='ltr'>produxit</span> <span class='ocrx_word' id='word_1_65' title='bbox 1059 1111 1195 1177; x_wconf 80' lang='lat' dir='ltr'>Elenam</span> 
     </span>
     <span class='ocr_line' id='line_1_8' title="bbox 107 1210 1194 1302; baseline 0.006 -29"><span class='ocrx_word' id='word_1_66' title='bbox 107 1210 192 1276; x_wconf 87' lang='lat' dir='ltr'>filiam</span> <span class='ocrx_word' id='word_1_67' title='bbox 212 1212 315 1299; x_wconf 88' lang='lat' dir='ltr'>ipsius</span> <span class='ocrx_word' id='word_1_68' title='bbox 335 1214 490 1294; x_wconf 86' lang='lat' dir='ltr'>Eudonis,</span> <span class='ocrx_word' id='word_1_69' title='bbox 513 1222 549 1280; x_wconf 92' lang='lat' dir='ltr'>et</span> <span class='ocrx_word' id='word_1_70' title='bbox 567 1216 715 1302; x_wconf 86' lang='lat' dir='ltr'>quesitus</span> <span class='ocrx_word' id='word_1_71' title='bbox 735 1216 864 1301; x_wconf 87' lang='lat' dir='ltr'>quando</span> <span class='ocrx_word' id='word_1_72' title='bbox 885 1215 1092 1300; x_wconf 79' lang='lat' dir='ltr'>desponsaret</span> <span class='ocrx_word' id='word_1_73' title='bbox 1112 1237 1194 1292; x_wconf 86' lang='lat' dir='ltr'>eam,</span> 
     </span>
     <span class='ocr_line' id='line_1_9' title="bbox 105 1311 1194 1404; baseline 0.004 -27"><span class='ocrx_word' id='word_1_74' title='bbox 105 1311 269 1401; x_wconf 88' lang='lat' dir='ltr'>dicitquod</span> <span class='ocrx_word' id='word_1_75' title='bbox 283 1316 389 1402; x_wconf 87' lang='lat' dir='ltr'>primo</span> <span class='ocrx_word' id='word_1_76' title='bbox 403 1338 510 1381; x_wconf 85' lang='lat' dir='ltr'>coram</span> <span class='ocrx_word' id='word_1_77' title='bbox 524 1316 594 1404; x_wconf 89' lang='lat' dir='ltr'>ipso</span> <span class='ocrx_word' id='word_1_78' title='bbox 609 1318 745 1383; x_wconf 86' lang='lat' dir='ltr'>Eudone</span> <span class='ocrx_word' id='word_1_79' title='bbox 760 1326 852 1403; x_wconf 87' lang='lat' dir='ltr'>patre</span> <span class='ocrx_word' id='word_1_80' title='bbox 867 1317 969 1403; x_wconf 85' lang='lat' dir='ltr'>ipsius</span> <span class='ocrx_word' id='word_1_81' title='bbox 984 1317 1085 1381; x_wconf 87' lang='lat' dir='ltr'>Elene</span> <span class='ocrx_word' id='word_1_82' title='bbox 1099 1324 1134 1381; x_wconf 91' lang='lat' dir='ltr'>et</span> <span class='ocrx_word' id='word_1_83' title='bbox 1153 1317 1194 1382; x_wconf 91' lang='lat' dir='ltr'>de</span> 
     </span>
     <span class='ocr_line' id='line_1_10' title="bbox 104 1421 1194 1508; baseline 0.006 -25"><span class='ocrx_word' id='word_1_84' title='bbox 104 1440 243 1485; x_wconf 85' lang='lat' dir='ltr'>consensu</span> <span class='ocrx_word' id='word_1_85' title='bbox 258 1430 293 1485; x_wconf 91' lang='lat' dir='ltr'>et</span> <span class='ocrx_word' id='word_1_86' title='bbox 309 1421 480 1487; x_wconf 87' lang='lat' dir='ltr'>uoluntate</span> <span class='ocrx_word' id='word_1_87' title='bbox 496 1422 567 1487; x_wconf 91' lang='lat' dir='ltr'>eius</span> <span class='ocrx_word' id='word_1_88' title='bbox 580 1422 706 1508; x_wconf 86' lang='lat' dir='ltr'>accepit</span> <span class='ocrx_word' id='word_1_89' title='bbox 720 1445 793 1487; x_wconf 90' lang='lat' dir='ltr'>eam</span> <span class='ocrx_word' id='word_1_90' title='bbox 808 1422 845 1488; x_wconf 91' lang='lat' dir='ltr'>in</span> <span class='ocrx_word' id='word_1_91' title='bbox 863 1444 997 1487; x_wconf 85' lang='lat' dir='ltr'>uxorem</span> <span class='ocrx_word' id='word_1_92' title='bbox 1015 1444 1074 1507; x_wconf 92' lang='lat' dir='ltr'>per</span> <span class='ocrx_word' id='word_1_93' title='bbox 1093 1422 1194 1489; x_wconf 86' lang='lat' dir='ltr'>uerba</span> 
     </span>
     <span class='ocr_line' id='line_1_11' title="bbox 103 1520 1194 1612; baseline 0.005 -26"><span class='ocrx_word' id='word_1_94' title='bbox 103 1520 136 1585; x_wconf 89' lang='lat' dir='ltr'>de</span> <span class='ocrx_word' id='word_1_95' title='bbox 156 1524 296 1609; x_wconf 79' lang='lat' dir='ltr'>presenti</span> <span class='ocrx_word' id='word_1_96' title='bbox 323 1524 466 1603; x_wconf 68' lang='lat' dir='ltr'>dicenda</span> <span class='ocrx_word' id='word_1_97' title='bbox 490 1526 612 1612; x_wconf 85' lang='lat' dir='ltr'>accipio</span> <span class='ocrx_word' id='word_1_98' title='bbox 636 1534 670 1591; x_wconf 89' lang='lat' dir='ltr'>te</span> <span class='ocrx_word' id='word_1_99' title='bbox 688 1526 724 1591; x_wconf 90' lang='lat' dir='ltr'>in</span> <span class='ocrx_word' id='word_1_100' title='bbox 742 1547 876 1591; x_wconf 84' lang='lat' dir='ltr'>uxorem</span> <span class='ocrx_word' id='word_1_101' title='bbox 898 1548 1012 1603; x_wconf 87' lang='lat' dir='ltr'>meam,</span> <span class='ocrx_word' id='word_1_102' title='bbox 1033 1534 1067 1591; x_wconf 89' lang='lat' dir='ltr'>et</span> <span class='ocrx_word' id='word_1_103' title='bbox 1081 1534 1194 1612; x_wconf 82' lang='lat' dir='ltr'>postea</span> 
     </span>
     <span class='ocr_line' id='line_1_12' title="bbox 102 1626 1192 1709; baseline 0.006 -20"><span class='ocrx_word' id='word_1_104' title='bbox 102 1626 226 1709; x_wconf 85' lang='lat' dir='ltr'>quadam</span> <span class='ocrx_word' id='word_1_105' title='bbox 255 1628 311 1693; x_wconf 94' lang='lat' dir='ltr'>die</span> <span class='ocrx_word' id='word_1_106' title='bbox 340 1629 510 1707; x_wconf 85' lang='lat' dir='ltr'>dominica,</span> <span class='ocrx_word' id='word_1_107' title='bbox 540 1630 627 1695; x_wconf 90' lang='lat' dir='ltr'>unde</span> <span class='ocrx_word' id='word_1_108' title='bbox 656 1629 743 1696; x_wconf 89' lang='lat' dir='ltr'>idem</span> <span class='ocrx_word' id='word_1_109' title='bbox 774 1629 868 1695; x_wconf 89' lang='lat' dir='ltr'>Eudo</span> <span class='ocrx_word' id='word_1_110' title='bbox 893 1629 976 1695; x_wconf 91' lang='lat' dir='ltr'>obiit</span> <span class='ocrx_word' id='word_1_111' title='bbox 998 1629 1051 1695; x_wconf 91' lang='lat' dir='ltr'>die</span> <span class='ocrx_word' id='word_1_112' title='bbox 1076 1630 1192 1695; x_wconf 85' lang='lat' dir='ltr'>Martis</span> 
     </span>
     <span class='ocr_line' id='line_1_13' title="bbox 101 1733 1193 1821; baseline 0.004 -25"><span class='ocrx_word' id='word_1_113' title='bbox 101 1734 243 1817; x_wconf 78' lang='lat' dir='ltr'>sequenti,</span> <span class='ocrx_word' id='word_1_114' title='bbox 265 1734 476 1821; x_wconf 83' lang='lat' dir='ltr'>desponsauit</span> <span class='ocrx_word' id='word_1_115' title='bbox 498 1758 570 1800; x_wconf 84' lang='lat' dir='ltr'>eam</span> <span class='ocrx_word' id='word_1_116' title='bbox 592 1734 731 1800; x_wconf 74' lang='lat' dir='ltr'>insanie</span> <span class='ocrx_word' id='word_1_117' title='bbox 758 1734 891 1800; x_wconf 73' lang='lat' dir='ltr'>ecclesie</span> <span class='ocrx_word' id='word_1_118' title='bbox 912 1733 1060 1799; x_wconf 88' lang='lat' dir='ltr'>adhibita</span> <span class='ocrx_word' id='word_1_119' title='bbox 1080 1733 1193 1800; x_wconf 85' lang='lat' dir='ltr'>debita</span> 
     </span>
     <span class='ocr_line' id='line_1_14' title="bbox 99 1834 1192 1925; baseline 0.005 -26"><span class='ocrx_word' id='word_1_120' title='bbox 99 1834 314 1923; x_wconf 74' lang='lat' dir='ltr'>solempnitate</span> <span class='ocrx_word' id='word_1_121' title='bbox 329 1859 433 1903; x_wconf 83' lang='lat' dir='ltr'>coram</span> <span class='ocrx_word' id='word_1_122' title='bbox 450 1838 598 1923; x_wconf 85' lang='lat' dir='ltr'>pluribus</span> <span class='ocrx_word' id='word_1_123' title='bbox 612 1838 784 1925; x_wconf 88' lang='lat' dir='ltr'>fidedignis</span> <span class='ocrx_word' id='word_1_124' title='bbox 804 1838 862 1925; x_wconf 90' lang='lat' dir='ltr'>qui</span> <span class='ocrx_word' id='word_1_125' title='bbox 881 1838 942 1903; x_wconf 91' lang='lat' dir='ltr'>hoc</span> <span class='ocrx_word' id='word_1_126' title='bbox 960 1838 1145 1923; x_wconf 91' lang='lat' dir='ltr'>probabunt</span> <span class='ocrx_word' id='word_1_127' title='bbox 1164 1838 1192 1904; x_wconf 86' lang='lat' dir='ltr'>si</span> 
     </span>
     <span class='ocr_line' id='line_1_15' title="bbox 99 1937 1192 2028; baseline 0.006 -28"><span class='ocrx_word' id='word_1_128' title='bbox 99 1937 185 2003; x_wconf 87' lang='lat' dir='ltr'>suerit</span> <span class='ocrx_word' id='word_1_129' title='bbox 198 1964 339 2007; x_wconf 87' lang='lat' dir='ltr'>necesse.</span> <span class='ocrx_word' id='word_1_130' title='bbox 382 1942 427 2006; x_wconf 87' lang='lat' dir='ltr'>Et</span> <span class='ocrx_word' id='word_1_131' title='bbox 447 1942 525 2028; x_wconf 84' lang='lat' dir='ltr'>quia</span> <span class='ocrx_word' id='word_1_132' title='bbox 544 1942 693 2028; x_wconf 88' lang='lat' dir='ltr'>predicta</span> <span class='ocrx_word' id='word_1_133' title='bbox 713 1942 817 2007; x_wconf 86' lang='lat' dir='ltr'>Elena</span> <span class='ocrx_word' id='word_1_134' title='bbox 838 1949 888 2006; x_wconf 87' lang='lat' dir='ltr'>est</span> <span class='ocrx_word' id='word_1_135' title='bbox 909 1940 994 2006; x_wconf 84' lang='lat' dir='ltr'>infra</span> <span class='ocrx_word' id='word_1_136' title='bbox 1013 1950 1136 2007; x_wconf 86' lang='lat' dir='ltr'>etatem</span> <span class='ocrx_word' id='word_1_137' title='bbox 1156 1950 1192 2007; x_wconf 88' lang='lat' dir='ltr'>et</span> 
     </span>
     <span class='ocr_line' id='line_1_16' title="bbox 98 2042 1191 2130; baseline 0.003 -24"><span class='ocrx_word' id='word_1_138' title='bbox 98 2062 160 2107; x_wconf 90' lang='lat' dir='ltr'>cum</span> <span class='ocrx_word' id='word_1_139' title='bbox 174 2043 214 2109; x_wconf 86' lang='lat' dir='ltr'>ad</span> <span class='ocrx_word' id='word_1_140' title='bbox 229 2053 356 2109; x_wconf 88' lang='lat' dir='ltr'>etatem</span> <span class='ocrx_word' id='word_1_141' title='bbox 371 2044 558 2130; x_wconf 88' lang='lat' dir='ltr'>peruenerit</span> <span class='ocrx_word' id='word_1_142' title='bbox 578 2051 687 2130; x_wconf 89' lang='lat' dir='ltr'>potest</span> <span class='ocrx_word' id='word_1_143' title='bbox 711 2042 892 2109; x_wconf 86' lang='lat' dir='ltr'>consentire</span> <span class='ocrx_word' id='word_1_144' title='bbox 911 2043 1117 2109; x_wconf 85' lang='lat' dir='ltr'>matrimonio</span> <span class='ocrx_word' id='word_1_145' title='bbox 1136 2044 1191 2109; x_wconf 87' lang='lat' dir='ltr'>uel</span> 
     </span>
     <span class='ocr_line' id='line_1_17' title="bbox 97 2143 1192 2234; baseline 0.003 -23"><span class='ocrx_word' id='word_1_146' title='bbox 97 2143 253 2214; x_wconf 86' lang='lat' dir='ltr'>dissentire</span> <span class='ocrx_word' id='word_1_147' title='bbox 278 2156 316 2213; x_wconf 93' lang='lat' dir='ltr'>et</span> <span class='ocrx_word' id='word_1_148' title='bbox 343 2170 419 2214; x_wconf 90' lang='lat' dir='ltr'>cum</span> <span class='ocrx_word' id='word_1_149' title='bbox 443 2170 509 2214; x_wconf 89' lang='lat' dir='ltr'>non</span> <span class='ocrx_word' id='word_1_150' title='bbox 532 2156 644 2213; x_wconf 84' lang='lat' dir='ltr'>teneat</span> <span class='ocrx_word' id='word_1_151' title='bbox 667 2148 912 2213; x_wconf 86' lang='lat' dir='ltr'>matrimonium</span> <span class='ocrx_word' id='word_1_152' title='bbox 941 2171 981 2213; x_wconf 87' lang='lat' dir='ltr'>ex</span> <span class='ocrx_word' id='word_1_153' title='bbox 1010 2156 1103 2234; x_wconf 86' lang='lat' dir='ltr'>parte</span> <span class='ocrx_word' id='word_1_154' title='bbox 1131 2171 1192 2214; x_wconf 89' lang='lat' dir='ltr'>sua</span> 
     </span>
     <span class='ocr_line' id='line_1_18' title="bbox 94 2252 1190 2338; baseline 0.003 -24"><span class='ocrx_word' id='word_1_155' title='bbox 94 2257 161 2315; x_wconf 85' lang='lat' dir='ltr'>aute</span> <span class='ocrx_word' id='word_1_156' title='bbox 175 2258 300 2317; x_wconf 83' lang='lat' dir='ltr'>etatem</span> <span class='ocrx_word' id='word_1_157' title='bbox 316 2252 467 2338; x_wconf 85' lang='lat' dir='ltr'>quamuis</span> <span class='ocrx_word' id='word_1_158' title='bbox 482 2252 592 2317; x_wconf 83' lang='lat' dir='ltr'>ualeat</span> <span class='ocrx_word' id='word_1_159' title='bbox 607 2262 641 2317; x_wconf 91' lang='lat' dir='ltr'>et</span> <span class='ocrx_word' id='word_1_160' title='bbox 657 2260 769 2317; x_wconf 86' lang='lat' dir='ltr'>teneat</span> <span class='ocrx_word' id='word_1_161' title='bbox 783 2276 824 2318; x_wconf 88' lang='lat' dir='ltr'>ex</span> <span class='ocrx_word' id='word_1_162' title='bbox 838 2262 932 2338; x_wconf 87' lang='lat' dir='ltr'>parte</span> <span class='ocrx_word' id='word_1_163' title='bbox 950 2252 1052 2338; x_wconf 87' lang='lat' dir='ltr'>ipsius</span> <span class='ocrx_word' id='word_1_164' title='bbox 1067 2252 1190 2317; x_wconf 89' lang='lat' dir='ltr'>Thome</span> 
     </span>
     <span class='ocr_line' id='line_1_19' title="bbox 95 2352 1191 2443; baseline 0.005 -26"><span class='ocrx_word' id='word_1_165' title='bbox 95 2352 143 2436; x_wconf 90' lang='lat' dir='ltr'>qui</span> <span class='ocrx_word' id='word_1_166' title='bbox 162 2355 293 2440; x_wconf 85' lang='lat' dir='ltr'>plenam</span> <span class='ocrx_word' id='word_1_167' title='bbox 317 2355 418 2421; x_wconf 86' lang='lat' dir='ltr'>habet</span> <span class='ocrx_word' id='word_1_168' title='bbox 440 2364 573 2435; x_wconf 79' lang='lat' dir='ltr'>etatem,</span> <span class='ocrx_word' id='word_1_169' title='bbox 597 2356 670 2422; x_wconf 92' lang='lat' dir='ltr'>ideo</span> <span class='ocrx_word' id='word_1_170' title='bbox 692 2364 839 2423; x_wconf 81' lang='lat' dir='ltr'>remanet</span> <span class='ocrx_word' id='word_1_171' title='bbox 861 2357 1007 2443; x_wconf 83' lang='lat' dir='ltr'>predict-a</span> <span class='ocrx_word' id='word_1_172' title='bbox 1028 2357 1131 2421; x_wconf 85' lang='lat' dir='ltr'>Elena</span> <span class='ocrx_word' id='word_1_173' title='bbox 1154 2357 1191 2423; x_wconf 90' lang='lat' dir='ltr'>in</span> 
     </span>
     <span class='ocr_line' id='line_1_20' title="bbox 94 2460 1190 2549; baseline 0 -24"><span class='ocrx_word' id='word_1_174' title='bbox 94 2460 227 2526; x_wconf 72' lang='lat' dir='ltr'>mtodia</span> <span class='ocrx_word' id='word_1_175' title='bbox 243 2461 343 2527; x_wconf 90' lang='lat' dir='ltr'>Dom.</span> <span class='ocrx_word' id='word_1_176' title='bbox 361 2460 463 2549; x_wconf 88' lang='lat' dir='ltr'>Regis</span> <span class='ocrx_word' id='word_1_177' title='bbox 484 2484 588 2548; x_wconf 87' lang='lat' dir='ltr'>usque</span> <span class='ocrx_word' id='word_1_178' title='bbox 608 2460 651 2526; x_wconf 88' lang='lat' dir='ltr'>ed</span> <span class='ocrx_word' id='word_1_179' title='bbox 671 2469 794 2526; x_wconf 79' lang='lat' dir='ltr'>etatem</span> <span class='ocrx_word' id='word_1_180' title='bbox 815 2469 854 2525; x_wconf 93' lang='lat' dir='ltr'>ut</span> <span class='ocrx_word' id='word_1_181' title='bbox 874 2460 1056 2525; x_wconf 86' lang='lat' dir='ltr'>consenciat</span> <span class='ocrx_word' id='word_1_182' title='bbox 1078 2460 1190 2525; x_wconf 90' lang='lat' dir='ltr'>matri-</span> 
     </span>
     <span class='ocr_line' id='line_1_21' title="bbox 93 2564 1190 2652; baseline 0.005 -27"><span class='ocrx_word' id='word_1_183' title='bbox 93 2564 189 2628; x_wconf 89' lang='lat' dir='ltr'>monio</span> <span class='ocrx_word' id='word_1_184' title='bbox 202 2566 257 2631; x_wconf 91' lang='lat' dir='ltr'>uel</span> <span class='ocrx_word' id='word_1_185' title='bbox 273 2565 457 2632; x_wconf 83' lang='lat' dir='ltr'>dissenciat</span> <span class='ocrx_word' id='word_1_186' title='bbox 503 2565 547 2630; x_wconf 86' lang='lat' dir='ltr'>Et</span> <span class='ocrx_word' id='word_1_187' title='bbox 562 2565 640 2652; x_wconf 86' lang='lat' dir='ltr'>quia</span> <span class='ocrx_word' id='word_1_188' title='bbox 653 2565 740 2630; x_wconf 91' lang='lat' dir='ltr'>idem</span> <span class='ocrx_word' id='word_1_189' title='bbox 756 2564 896 2630; x_wconf 84' lang='lat' dir='ltr'>Thomas</span> <span class='ocrx_word' id='word_1_190' title='bbox 915 2565 1052 2630; x_wconf 85' lang='lat' dir='ltr'>abduxit</span> <span class='ocrx_word' id='word_1_191' title='bbox 1068 2587 1138 2630; x_wconf 90' lang='lat' dir='ltr'>eam</span> <span class='ocrx_word' id='word_1_192' title='bbox 1154 2566 1190 2631; x_wconf 91' lang='lat' dir='ltr'>in</span> 
     </span>
     <span class='ocr_line' id='line_1_22' title="bbox 93 2665 1190 2757; baseline 0.007 -29"><span class='ocrx_word' id='word_1_193' title='bbox 93 2665 231 2734; x_wconf 80' lang='lat' dir='ltr'>Walliam</span> <span class='ocrx_word' id='word_1_194' title='bbox 256 2677 354 2736; x_wconf 82' lang='lat' dir='ltr'>extra</span> <span class='ocrx_word' id='word_1_195' title='bbox 375 2677 573 2757; x_wconf 87' lang='lat' dir='ltr'>potestatem</span> <span class='ocrx_word' id='word_1_196' title='bbox 596 2670 691 2735; x_wconf 90' lang='lat' dir='ltr'>Dom.</span> <span class='ocrx_word' id='word_1_197' title='bbox 712 2668 814 2755; x_wconf 86' lang='lat' dir='ltr'>Regis</span> <span class='ocrx_word' id='word_1_198' title='bbox 833 2668 1004 2755; x_wconf 86' lang='lat' dir='ltr'>sicutipse</span> <span class='ocrx_word' id='word_1_199' title='bbox 1026 2670 1190 2757; x_wconf 81' lang='lat' dir='ltr'>cognoscit</span> 
     </span>
     <span class='ocr_line' id='line_1_23' title="bbox 91 2768 1187 2860; baseline 0.011 -29"><span class='ocrx_word' id='word_1_200' title='bbox 91 2768 153 2836; x_wconf 91' lang='lat' dir='ltr'>ideo</span> <span class='ocrx_word' id='word_1_201' title='bbox 166 2774 380 2840; x_wconf 75' lang='lat' dir='ltr'>custodiatur.</span> <span class='ocrx_word' id='word_1_202' title='bbox 427 2775 545 2840; x_wconf 81' lang='lat' dir='ltr'>Postea</span> <span class='ocrx_word' id='word_1_203' title='bbox 562 2774 690 2840; x_wconf 87' lang='lat' dir='ltr'>inuenit</span> <span class='ocrx_word' id='word_1_204' title='bbox 713 2773 838 2860; x_wconf 86' lang='lat' dir='ltr'>plegios</span> <span class='ocrx_word' id='word_1_205' title='bbox 855 2773 898 2838; x_wconf 82' lang='lat' dir='ltr'>ad</span> <span class='ocrx_word' id='word_1_206' title='bbox 918 2775 1072 2841; x_wconf 86' lang='lat' dir='ltr'>standum</span> <span class='ocrx_word' id='word_1_207' title='bbox 1091 2784 1187 2843; x_wconf 78' lang='lat' dir='ltr'>recto,</span> 
     </span>
     <span class='ocr_line' id='line_1_24' title="bbox 91 2871 1188 2964; baseline 0.007 -27"><span class='ocrx_word' id='word_1_208' title='bbox 91 2871 128 2938; x_wconf 87' lang='lat' dir='ltr'>Et</span> <span class='ocrx_word' id='word_1_209' title='bbox 140 2875 206 2942; x_wconf 87' lang='lat' dir='ltr'>dies</span> <span class='ocrx_word' id='word_1_210' title='bbox 219 2877 323 2943; x_wconf 76' lang='lat' dir='ltr'>datus</span> <span class='ocrx_word' id='word_1_211' title='bbox 338 2886 388 2942; x_wconf 88' lang='lat' dir='ltr'>est</span> <span class='ocrx_word' id='word_1_212' title='bbox 402 2877 520 2964; x_wconf 82' lang='lat' dir='ltr'>plagiis</span> <span class='ocrx_word' id='word_1_213' title='bbox 534 2877 575 2942; x_wconf 91' lang='lat' dir='ltr'>de</span> <span class='ocrx_word' id='word_1_214' title='bbox 595 2878 745 2943; x_wconf 87' lang='lat' dir='ltr'>habendo</span> <span class='ocrx_word' id='word_1_215' title='bbox 765 2900 842 2944; x_wconf 90' lang='lat' dir='ltr'>eum</span> <span class='ocrx_word' id='word_1_216' title='bbox 857 2876 919 2942; x_wconf 88' lang='lat' dir='ltr'>tali</span> <span class='ocrx_word' id='word_1_217' title='bbox 938 2878 991 2943; x_wconf 86' lang='lat' dir='ltr'>die</span> <span class='ocrx_word' id='word_1_218' title='bbox 1006 2888 1066 2944; x_wconf 91' lang='lat' dir='ltr'>etc.</span> <span class='ocrx_word' id='word_1_219' title='bbox 1081 2903 1188 2945; x_wconf 90' lang='lat' dir='ltr'>coram</span> 
     </span>
     <span class='ocr_line' id='line_1_25' title="bbox 90 2973 1189 3068; baseline 0.006 -27"><span class='ocrx_word' id='word_1_220' title='bbox 90 2973 172 3046; x_wconf 91' lang='lat' dir='ltr'>Dom.</span> <span class='ocrx_word' id='word_1_221' title='bbox 186 2980 280 3068; x_wconf 88' lang='lat' dir='ltr'>Rege</span> <span class='ocrx_word' id='word_1_222' title='bbox 296 2987 358 3046; x_wconf 85' lang='lat' dir='ltr'>etc</span> <span class='ocrx_word' id='word_1_223' title='bbox 404 2980 447 3045; x_wconf 86' lang='lat' dir='ltr'>Et</span> <span class='ocrx_word' id='word_1_224' title='bbox 462 2979 541 3066; x_wconf 86' lang='lat' dir='ltr'>quia</span> <span class='ocrx_word' id='word_1_225' title='bbox 559 2980 608 3045; x_wconf 82' lang='lat' dir='ltr'>ito</span> <span class='ocrx_word' id='word_1_226' title='bbox 627 2979 765 3045; x_wconf 84' lang='lat' dir='ltr'>abduxit</span> <span class='ocrx_word' id='word_1_227' title='bbox 787 3002 860 3045; x_wconf 85' lang='lat' dir='ltr'>eam</span> <span class='ocrx_word' id='word_1_228' title='bbox 879 2988 972 3046; x_wconf 85' lang='lat' dir='ltr'>extra</span> <span class='ocrx_word' id='word_1_229' title='bbox 991 2989 1189 3067; x_wconf 87' lang='lat' dir='ltr'>potestatem</span> 
     </span>
     <span class='ocr_line' id='line_1_26' title="bbox 89 3077 1187 3172; baseline 0.009 -30"><span class='ocrx_word' id='word_1_230' title='bbox 89 3077 171 3148; x_wconf 86' lang='lat' dir='ltr'>Dorn</span> <span class='ocrx_word' id='word_1_231' title='bbox 185 3085 290 3172; x_wconf 88' lang='lat' dir='ltr'>Regis</span> <span class='ocrx_word' id='word_1_232' title='bbox 306 3093 341 3150; x_wconf 91' lang='lat' dir='ltr'>et</span> <span class='ocrx_word' id='word_1_233' title='bbox 357 3107 423 3149; x_wconf 91' lang='lat' dir='ltr'>non</span> <span class='ocrx_word' id='word_1_234' title='bbox 438 3084 571 3150; x_wconf 87' lang='lat' dir='ltr'>reduxit</span> <span class='ocrx_word' id='word_1_235' title='bbox 589 3107 662 3150; x_wconf 87' lang='lat' dir='ltr'>eam</span> <span class='ocrx_word' id='word_1_236' title='bbox 680 3084 744 3150; x_wconf 88' lang='lat' dir='ltr'>nisi</span> <span class='ocrx_word' id='word_1_237' title='bbox 764 3094 895 3150; x_wconf 88' lang='lat' dir='ltr'>coactus</span> <span class='ocrx_word' id='word_1_238' title='bbox 914 3085 987 3151; x_wconf 89' lang='lat' dir='ltr'>ideo</span> <span class='ocrx_word' id='word_1_239' title='bbox 1009 3086 1045 3151; x_wconf 90' lang='lat' dir='ltr'>in</span> <span class='ocrx_word' id='word_1_240' title='bbox 1063 3087 1187 3152; x_wconf 88' lang='lat' dir='ltr'>miseri-</span> 
     </span>
     <span class='ocr_line' id='line_1_27' title="bbox 90 3187 265 3257; baseline 0.04 -7"><span class='ocrx_word' id='word_1_241' title='bbox 90 3187 187 3255; x_wconf 85' lang='lat' dir='ltr'>cordia</span> <span class='ocrx_word' id='word_1_242' title='bbox 200 3199 265 3257; x_wconf 80' lang='lat' dir='ltr'>etc.</span> 
     </span>
    </p>

    <p class='ocr_par' dir='ltr' id='par_1_4' title="bbox 46 3290 1300 3669">
     <span class='ocr_line' id='line_1_28' title="bbox 46 3290 1300 3378; baseline 0.002 -23"><span class='ocrx_word' id='word_1_243' title='bbox 46 3291 60 3355; x_wconf 71' lang='lat' dir='ltr'>t</span> <span class='ocrx_word' id='word_1_244' title='bbox 143 3292 325 3358; x_wconf 85' lang='lat' dir='ltr'>Gilibertus</span> <span class='ocrx_word' id='word_1_245' title='bbox 337 3292 378 3357; x_wconf 90' lang='lat' dir='ltr'>de</span> <span class='ocrx_word' id='word_1_246' title='bbox 390 3292 535 3378; x_wconf 88' lang='lat' dir='ltr'>Popham</span> <span class='ocrx_word' id='word_1_247' title='bbox 546 3290 762 3358; x_wconf 90' lang='lat' dir='ltr'>summonitus</span> <span class='ocrx_word' id='word_1_248' title='bbox 777 3291 842 3358; x_wconf 88' lang='lat' dir='ltr'>fuit</span> <span class='ocrx_word' id='word_1_249' title='bbox 856 3292 897 3357; x_wconf 84' lang='lat' dir='ltr'>ad</span> <span class='ocrx_word' id='word_1_250' title='bbox 912 3291 1186 3358; x_wconf 85' lang='lat' dir='ltr'>warentizandum</span> <span class='ocrx_word' id='word_1_251' title='bbox 1259 3312 1275 3342; x_wconf 76' lang='lat'>¹¹</span> <span class='ocrx_word' id='word_1_252' title='bbox 1298 3362 1300 3365; x_wconf 69' lang='grc'><strong>,</strong></span> 
     </span>
     <span class='ocr_line' id='line_1_29' title="bbox 88 3388 1186 3481; baseline 0.007 -27"><span class='ocrx_word' id='word_1_253' title='bbox 88 3388 172 3459; x_wconf 85' lang='lat' dir='ltr'>Petro</span> <span class='ocrx_word' id='word_1_254' title='bbox 192 3395 234 3462; x_wconf 93' lang='lat' dir='ltr'>de</span> <span class='ocrx_word' id='word_1_255' title='bbox 257 3396 365 3461; x_wconf 87' lang='lat' dir='ltr'>Heies</span> <span class='ocrx_word' id='word_1_256' title='bbox 386 3395 450 3481; x_wconf 83' lang='lat' dir='ltr'>xvj.</span> <span class='ocrx_word' id='word_1_257' title='bbox 473 3417 561 3460; x_wconf 79' lang='lat' dir='ltr'>acras</span> <span class='ocrx_word' id='word_1_258' title='bbox 582 3402 669 3460; x_wconf 89' lang='lat' dir='ltr'>terre</span> <span class='ocrx_word' id='word_1_259' title='bbox 690 3417 765 3460; x_wconf 90' lang='lat' dir='ltr'>cum</span> <span class='ocrx_word' id='word_1_260' title='bbox 786 3403 868 3481; x_wconf 85' lang='lat' dir='ltr'>pert.</span> <span class='ocrx_word' id='word_1_261' title='bbox 890 3395 926 3459; x_wconf 92' lang='lat' dir='ltr'>in</span> <span class='ocrx_word' id='word_1_262' title='bbox 952 3395 1100 3460; x_wconf 88' lang='lat' dir='ltr'>Necham</span> <span class='ocrx_word' id='word_1_263' title='bbox 1125 3404 1186 3462; x_wconf 86' lang='lat' dir='ltr'>etc</span> 
     </span>
     <span class='ocr_line' id='line_1_30' title="bbox 88 3493 1186 3586; baseline 0.006 -28"><span class='ocrx_word' id='word_1_264' title='bbox 88 3493 124 3559; x_wconf 87' lang='lat' dir='ltr'>Et</span> <span class='ocrx_word' id='word_1_265' title='bbox 145 3498 327 3565; x_wconf 79' lang='lat' dir='ltr'>Gilibertus</span> <span class='ocrx_word' id='word_1_266' title='bbox 350 3498 443 3564; x_wconf 89' lang='lat' dir='ltr'>uenit</span> <span class='ocrx_word' id='word_1_267' title='bbox 464 3506 499 3564; x_wconf 87' lang='lat' dir='ltr'>et</span> <span class='ocrx_word' id='word_1_268' title='bbox 520 3499 606 3586; x_wconf 89' lang='lat' dir='ltr'>petit</span> <span class='ocrx_word' id='word_1_269' title='bbox 626 3498 863 3585; x_wconf 87' lang='lat' dir='ltr'>inspeocionem</span> <span class='ocrx_word' id='word_1_270' title='bbox 890 3507 979 3564; x_wconf 86' lang='lat' dir='ltr'>carte</span> <span class='ocrx_word' id='word_1_271' title='bbox 1004 3521 1186 3586; x_wconf 87' lang='lat' dir='ltr'>perquam</span> 
     </span>
     <span class='ocr_line' id='line_1_31' title="bbox 87 3597 713 3669; baseline 0.01 -6"><span class='ocrx_word' id='word_1_272' title='bbox 87 3597 191 3668; x_wconf 84' lang='lat' dir='ltr'>debeat</span> <span class='ocrx_word' id='word_1_273' title='bbox 205 3603 438 3669; x_wconf 86' lang='lat' dir='ltr'>terramillam</span> <span class='ocrx_word' id='word_1_274' title='bbox 452 3603 485 3668; x_wconf 88' lang='lat' dir='ltr'>ei</span> <span class='ocrx_word' id='word_1_275' title='bbox 499 3603 713 3669; x_wconf 82' lang='lat' dir='ltr'>warentizare.</span> 
     </span>
    </p>

    <p class='ocr_par' dir='ltr' id='par_1_5' title="bbox 85 3705 1187 3998">
     <span class='ocr_line' id='line_1_32' title="bbox 144 3705 1187 3792; baseline 0.003 -23"><span class='ocrx_word' id='word_1_276' title='bbox 144 3705 184 3771; x_wconf 82' lang='lat' dir='ltr'>Et</span> <span class='ocrx_word' id='word_1_277' title='bbox 198 3708 321 3772; x_wconf 89' lang='lat' dir='ltr'>Petrus</span> <span class='ocrx_word' id='word_1_278' title='bbox 337 3706 418 3771; x_wconf 86' lang='lat' dir='ltr'>dicit</span> <span class='ocrx_word' id='word_1_279' title='bbox 432 3706 519 3792; x_wconf 90' lang='lat' dir='ltr'>quod</span> <span class='ocrx_word' id='word_1_280' title='bbox 533 3706 602 3792; x_wconf 85' lang='lat' dir='ltr'>ipse</span> <span class='ocrx_word' id='word_1_281' title='bbox 618 3715 669 3772; x_wconf 91' lang='lat' dir='ltr'>est</span> <span class='ocrx_word' id='word_1_282' title='bbox 688 3705 724 3771; x_wconf 90' lang='lat' dir='ltr'>in</span> <span class='ocrx_word' id='word_1_283' title='bbox 742 3706 861 3772; x_wconf 79' lang='lat' dir='ltr'>saisina</span> <span class='ocrx_word' id='word_1_284' title='bbox 874 3706 916 3772; x_wconf 89' lang='lat' dir='ltr'>de</span> <span class='ocrx_word' id='word_1_285' title='bbox 929 3706 1065 3773; x_wconf 87' lang='lat' dir='ltr'>seruicio</span> <span class='ocrx_word' id='word_1_286' title='bbox 1079 3730 1138 3773; x_wconf 84' lang='lat' dir='ltr'>suo</span> <span class='ocrx_word' id='word_1_287' title='bbox 1152 3715 1187 3774; x_wconf 93' lang='lat' dir='ltr'>et</span> 
     </span>
     <span class='ocr_line' id='line_1_33' title="bbox 86 3807 1187 3895; baseline 0.007 -26"><span class='ocrx_word' id='word_1_288' title='bbox 86 3807 160 3889; x_wconf 91' lang='lat' dir='ltr'>quod</span> <span class='ocrx_word' id='word_1_289' title='bbox 178 3819 276 3895; x_wconf 85' lang='lat' dir='ltr'>pater</span> <span class='ocrx_word' id='word_1_290' title='bbox 299 3810 396 3874; x_wconf 67' lang='lat' dir='ltr'>suus*</span> <span class='ocrx_word' id='word_1_291' title='bbox 419 3818 455 3874; x_wconf 89' lang='lat' dir='ltr'>et</span> <span class='ocrx_word' id='word_1_292' title='bbox 476 3817 694 3875; x_wconf 82' lang='lat' dir='ltr'>antecessores</span> <span class='ocrx_word' id='word_1_293' title='bbox 712 3809 763 3874; x_wconf 91' lang='lat' dir='ltr'>sui</span> <span class='ocrx_word' id='word_1_294' title='bbox 783 3809 934 3874; x_wconf 89' lang='lat' dir='ltr'>obierunt</span> <span class='ocrx_word' id='word_1_295' title='bbox 954 3808 989 3874; x_wconf 91' lang='lat' dir='ltr'>in</span> <span class='ocrx_word' id='word_1_296' title='bbox 1008 3810 1128 3876; x_wconf 83' lang='lat' dir='ltr'>saisina</span> <span class='ocrx_word' id='word_1_297' title='bbox 1145 3811 1187 3878; x_wconf 89' lang='lat' dir='ltr'>de</span> 
     </span>
     <span class='ocr_line' id='line_1_34' title="bbox 85 3911 1186 3998; baseline 0.008 -27"><span class='ocrx_word' id='word_1_298' title='bbox 85 3911 209 3976; x_wconf 87' lang='lat' dir='ltr'>seruicio</span> <span class='ocrx_word' id='word_1_299' title='bbox 224 3913 285 3979; x_wconf 93' lang='lat' dir='ltr'>illo</span> <span class='ocrx_word' id='word_1_300' title='bbox 301 3920 337 3977; x_wconf 89' lang='lat' dir='ltr'>et</span> <span class='ocrx_word' id='word_1_301' title='bbox 352 3935 450 3998; x_wconf 90' lang='lat' dir='ltr'>super</span> <span class='ocrx_word' id='word_1_302' title='bbox 470 3912 530 3977; x_wconf 93' lang='lat' dir='ltr'>hoc</span> <span class='ocrx_word' id='word_1_303' title='bbox 549 3913 671 3998; x_wconf 81' lang='lat' dir='ltr'>profert</span> <span class='ocrx_word' id='word_1_304' title='bbox 691 3912 855 3998; x_wconf 89' lang='lat' dir='ltr'>quandam</span> <span class='ocrx_word' id='word_1_305' title='bbox 876 3921 997 3978; x_wconf 87' lang='lat' dir='ltr'>cartam</span> <span class='ocrx_word' id='word_1_306' title='bbox 1019 3915 1186 3980; x_wconf 87' lang='lat' dir='ltr'>cuiusdam</span> 
     </span>
    </p>
   </div>
   <div class='ocr_carea' id='block_1_3' title="bbox 85 4011 1187 4104">
    <p class='ocr_par' dir='ltr' id='par_1_6' title="bbox 85 4011 1187 4104">
     <span class='ocr_line' id='line_1_35' title="bbox 85 4011 1187 4104; baseline 0.01 -30"><span class='ocrx_word' id='word_1_307' title='bbox 85 4011 231 4082; x_wconf 78' lang='lat' dir='ltr'>willelmi</span> <span class='ocrx_word' id='word_1_308' title='bbox 245 4017 312 4081; x_wconf 90' lang='lat' dir='ltr'>filii</span> <span class='ocrx_word' id='word_1_309' title='bbox 333 4017 510 4082; x_wconf 85' lang='lat' dir='ltr'>Thurstani</span> <span class='ocrx_word' id='word_1_310' title='bbox 530 4039 594 4103; x_wconf 92' lang='lat' dir='ltr'>que</span> <span class='ocrx_word' id='word_1_311' title='bbox 614 4025 757 4082; x_wconf 87' lang='lat' dir='ltr'>testatur</span> <span class='ocrx_word' id='word_1_312' title='bbox 777 4017 865 4104; x_wconf 90' lang='lat' dir='ltr'>quod</span> <span class='ocrx_word' id='word_1_313' title='bbox 885 4018 955 4104; x_wconf 84' lang='lat' dir='ltr'>ipse</span> <span class='ocrx_word' id='word_1_314' title='bbox 977 4019 1131 4085; x_wconf 85' lang='lat' dir='ltr'>liberauit</span> <span class='ocrx_word' id='word_1_315' title='bbox 1152 4029 1187 4085; x_wconf 92' lang='lat' dir='ltr'>et</span> 
     </span>
    </p>
   </div>
   <div class='ocr_carea' id='block_1_4' title="bbox 83 4195 1186 4520">
    <p class='ocr_par' dir='ltr' id='par_1_7' title="bbox 83 4195 1186 4520">
     <span class='ocr_line' id='line_1_36' title="bbox 111 4195 1186 4261; baseline 0.005 -15"><span class='ocrx_word' id='word_1_316' title='bbox 111 4195 181 4246; x_wconf 75' lang='lat' dir='ltr'>¹8oe</span> <span class='ocrx_word' id='word_1_317' title='bbox 195 4197 263 4246; x_wconf 80' lang='lat' dir='ltr'>Gaea</span> <span class='ocrx_word' id='word_1_318' title='bbox 276 4197 344 4246; x_wconf 75' lang='lat'>1263</span> <span class='ocrx_word' id='word_1_319' title='bbox 355 4197 409 4247; x_wconf 81' lang='lat' dir='ltr'>and</span> <span class='ocrx_word' id='word_1_320' title='bbox 424 4197 469 4247; x_wconf 89' lang='lat' dir='ltr'>the</span> <span class='ocrx_word' id='word_1_321' title='bbox 479 4198 607 4260; x_wconf 74' lang='lat' dir='ltr'>marginal</span> <span class='ocrx_word' id='word_1_322' title='bbox 657 4199 702 4248; x_wconf 86' lang='lat' dir='ltr'>the</span> <span class='ocrx_word' id='word_1_323' title='bbox 718 4203 831 4261; x_wconf 85' lang='lat' dir='ltr'>present.</span> <span class='ocrx_word' id='word_1_324' title='bbox 864 4199 891 4248; x_wconf 88' lang='lat' dir='ltr'>It</span> <span class='ocrx_word' id='word_1_325' title='bbox 906 4199 1186 4251; x_wconf 74' lang='lat' dir='ltr'>eeemethatltlenre</span> 
     </span>
     <span class='ocr_line' id='line_1_37' title="bbox 85 4262 1186 4330; baseline 0.012 -25"><span class='ocrx_word' id='word_1_326' title='bbox 85 4263 138 4308; x_wconf 86' lang='lat' dir='ltr'>noto</span> <span class='ocrx_word' id='word_1_327' title='bbox 158 4266 185 4310; x_wconf 85' lang='lat' dir='ltr'>to</span> <span class='ocrx_word' id='word_1_328' title='bbox 207 4263 277 4312; x_wconf 80' lang='lat' dir='ltr'>Caso</span> <span class='ocrx_word' id='word_1_329' title='bbox 302 4262 352 4310; x_wconf 80' lang='grc'>346</span> <span class='ocrx_word' id='word_1_330' title='bbox 369 4262 455 4312; x_wconf 78' lang='lat' dir='ltr'>which</span> <span class='ocrx_word' id='word_1_331' title='bbox 478 4268 539 4312; x_wconf 89' lang='lat' dir='ltr'>note</span> <span class='ocrx_word' id='word_1_332' title='bbox 562 4279 607 4326; x_wconf 84' lang='lat' dir='ltr'>ap·</span> <span class='ocrx_word' id='word_1_333' title='bbox 656 4263 740 4326; x_wconf 80' lang='lat' dir='ltr'>jected</span> <span class='ocrx_word' id='word_1_334' title='bbox 757 4263 871 4313; x_wconf 79' lang='lat' dir='ltr'>Thomas</span> <span class='ocrx_word' id='word_1_335' title='bbox 888 4264 942 4314; x_wconf 85' lang='lat' dir='ltr'>and</span> <span class='ocrx_word' id='word_1_336' title='bbox 959 4265 1071 4314; x_wconf 82' lang='lat' dir='ltr'>married</span> <span class='ocrx_word' id='word_1_337' title='bbox 1091 4267 1186 4330; x_wconf 77' lang='lat' dir='ltr'>Ralph.</span> 
     </span>
     <span class='ocr_line' id='line_1_38' title="bbox 83 4327 1080 4390; baseline 0.009 -17"><span class='ocrx_word' id='word_1_338' title='bbox 83 4327 304 4390; x_wconf 78' lang='lat' dir='ltr'>purentlyslludes</span> <span class='ocrx_word' id='word_1_339' title='bbox 313 4329 341 4376; x_wconf 87' lang='lat' dir='ltr'>to</span> <span class='ocrx_word' id='word_1_340' title='bbox 353 4327 425 4377; x_wconf 80' lang='lat' dir='ltr'>these</span> <span class='ocrx_word' id='word_1_341' title='bbox 433 4328 606 4390; x_wconf 68' lang='lat' dir='ltr'>procaeiings</span> <span class='ocrx_word' id='word_1_342' title='bbox 658 4327 722 4378; x_wconf 81' lang='lat' dir='ltr'>This</span> <span class='ocrx_word' id='word_1_343' title='bbox 733 4343 792 4378; x_wconf 79' lang='lat' dir='ltr'>oeae</span> <span class='ocrx_word' id='word_1_344' title='bbox 802 4329 826 4377; x_wconf 82' lang='lat' dir='ltr'>is</span> <span class='ocrx_word' id='word_1_345' title='bbox 837 4329 904 4377; x_wconf 74' lang='lat' dir='ltr'>unz.</span> <span class='ocrx_word' id='word_1_346' title='bbox 919 4331 1010 4389; x_wconf 75' lang='lat' dir='ltr'>Gerae,</span> <span class='ocrx_word' id='word_1_347' title='bbox 1024 4333 1080 4382; x_wconf 80' lang='lat'>147.</span> 
     </span>
     <span class='ocr_line' id='line_1_39' title="bbox 83 4390 941 4456; baseline 0.005 -16"><span class='ocrx_word' id='word_1_348' title='bbox 83 4390 164 4452; x_wconf 68' lang='lat' dir='ltr'>taking</span> <span class='ocrx_word' id='word_1_349' title='bbox 175 4392 220 4441; x_wconf 82' lang='lat' dir='ltr'>the</span> <span class='ocrx_word' id='word_1_350' title='bbox 231 4391 313 4456; x_wconf 87' lang='lat' dir='ltr'>point</span> <span class='ocrx_word' id='word_1_351' title='bbox 324 4391 383 4441; x_wconf 82' lang='lat' dir='ltr'>that</span> <span class='ocrx_word' id='word_1_352' title='bbox 393 4407 496 4455; x_wconf 68' lang='lat' dir='ltr'>moeses</span> <span class='ocrx_word' id='word_1_353' title='bbox 509 4397 537 4443; x_wconf 86' lang='lat' dir='ltr'>to</span> <span class='ocrx_word' id='word_1_354' title='bbox 550 4397 606 4444; x_wconf 85' lang='lat' dir='ltr'>out·</span> <span class='ocrx_word' id='word_1_355' title='bbox 690 4393 702 4426; x_wconf 79' lang='lat'>²</span> <span class='ocrx_word' id='word_1_356' title='bbox 717 4393 941 4444; x_wconf 80' lang='lat' dir='ltr'>Gilbert’siather.</span> 
     </span>
     <span class='ocr_line' id='line_1_40' title="bbox 84 4453 815 4520; baseline 0.012 -18"><span class='ocrx_word' id='word_1_357' title='bbox 84 4453 152 4517; x_wconf 72' lang='lat' dir='ltr'>toury</span> <span class='ocrx_word' id='word_1_358' title='bbox 162 4458 185 4505; x_wconf 77' lang='lat' dir='ltr'>is</span> <span class='ocrx_word' id='word_1_359' title='bbox 196 4456 347 4520; x_wconf 76' lang='lat' dir='ltr'>applicable</span> <span class='ocrx_word' id='word_1_360' title='bbox 362 4456 390 4506; x_wconf 90' lang='lat' dir='ltr'>in</span> <span class='ocrx_word' id='word_1_361' title='bbox 401 4457 465 4508; x_wconf 86' lang='lat' dir='ltr'>such</span> <span class='ocrx_word' id='word_1_362' title='bbox 477 4473 493 4508; x_wconf 83' lang='lat' dir='ltr'>c</span> <span class='ocrx_word' id='word_1_363' title='bbox 504 4473 562 4510; x_wconf 82' lang='lat' dir='ltr'>ease</span> <span class='ocrx_word' id='word_1_364' title='bbox 577 4474 608 4510; x_wconf 81' lang='lat' dir='ltr'>as</span> <span class='ocrx_word' id='word_1_365' title='bbox 809 4491 815 4502; x_wconf 70' lang='lat'><em>‹</em></span> 
     </span>
    </p>
   </div>
   <div class='ocr_carea' id='block_1_5' title="bbox 0 0 1588 5075">
    <p class='ocr_par' dir='ltr' id='par_1_8' title="bbox 0 0 1588 5075">
     <span class='ocr_line' id='line_1_41' title="bbox 0 0 1588 5075; baseline 0 6"><span class='ocrx_word' id='word_1_366' title='bbox 0 0 1588 5075; x_wconf 95' lang='lat' dir='ltr'> </span> 
     </span>
    </p>
   </div>
  </div>
 </body>
</html>
