3167 5075
310 402 373 465 292
514 413 632 461 consu
654 412 753 473 nunu,
775 412 839 461 nn.
865 400 1044 474 1239-40,
1068 413 1130 462 nu.
1155 402 1204 462 24.

309 587 453 674 predicto
467 586 626 675 Episcopo
641 595 675 651 et
689 585 923 651 successoribus
937 585 1005 651 suis
1026 585 1113 672 quod
1135 586 1280 651 homines
1301 586 1356 650 sui
1377 586 1418 651 de

310 689 512 755 Ramesbiria
534 690 657 775 possint
680 688 820 754 uendere
843 710 961 774 panem
984 697 1018 776 et
1039 689 1209 754 ceruisiam
1223 690 1293 754 sine
1306 690 1421 777 aliqua

309 794 564 860 contradiccione
580 803 614 858 et
629 794 737 859 omnia
751 794 817 859 alia
836 795 1001 872 uictualia,
1015 793 1064 859 ita
1085 804 1197 860 tamen
1218 794 1305 881 quod
1326 796 1421 859 nulla

309 899 356 981 ibi
370 899 518 986 capiatur
531 899 729 964 consuetudo
744 899 798 964 uel
813 899 1022 965 theoloneum
1044 922 1102 987 pro
1124 899 1323 965 uictualibus
1344 922 1419 986 pre·

309 1002 412 1079 dictis,
428 1011 461 1067 et
477 1003 579 1067 eciam
594 1002 702 1067 omnia
720 1025 783 1088 que
805 1003 972 1089 pertinent
993 1003 1035 1068 ad
1056 1004 1213 1068 uictualia
1235 1004 1282 1068 ibi
1303 1002 1420 1089 depor-

309 1114 422 1171 tentur
436 1114 470 1171 et
485 1105 671 1170 uendantur
685 1106 835 1171 omnihus
849 1106 964 1171 diebus
978 1106 1082 1172 tocius
1103 1107 1182 1171 anni
1204 1107 1284 1171 dum
1306 1116 1418 1171 tamen

309 1234 373 1276 non
388 1210 517 1275 nomine
533 1210 669 1277 alicuius
683 1210 819 1275 mercati
833 1233 893 1275 nec
914 1211 957 1275 ad
978 1210 1065 1275 diem
1087 1219 1221 1277 certum.
1266 1211 1308 1274 Et
1331 1210 1419 1297 quod

190 1386 192 1389 ,
310 1315 486 1380 uicecomes
500 1338 565 1380 non
580 1314 750 1401 permittat
765 1313 852 1400 quod
866 1314 983 1400 aliquis
1003 1315 1050 1381 ibi
1071 1316 1184 1381 ueniat
1205 1339 1265 1381 nec
1287 1317 1419 1403 aliquod

309 1427 487 1483 mercatum
509 1419 552 1483 ad
573 1427 698 1483 certum
720 1418 808 1483 diem
830 1426 942 1484 teneat
964 1419 1048 1484 sicut
1069 1428 1169 1485 antea
1182 1420 1230 1485 ibi
1244 1420 1420 1485 tenebatur
1531 1447 1536 1478 ι

310 1530 368 1587 etc.

375 1626 545 1713 Philippus
560 1626 600 1691 de
616 1626 792 1691 Pouncsse¹
807 1626 1022 1691 summonitus
1031 1627 1094 1691 fuit
1104 1626 1147 1691 ad
1157 1628 1418 1714 respondendum
1533 1659 1537 1668 ·

311 1731 470 1818 Margania
485 1730 526 1795 de
541 1730 682 1816 Ripariis
697 1752 796 1815 quare
810 1729 972 1795 subtraxit
986 1730 1027 1796 de
1041 1729 1190 1795 custodia
1208 1732 1310 1817 ipsius
1332 1733 1419 1797 Mar-

310 1835 399 1922 gerie
424 1834 605 1899 Henricnm
631 1834 670 1899 de
695 1835 857 1899 Pounesee
882 1834 986 1899 filium
1013 1843 1047 1899 et
1073 1833 1225 1899 heredem
1252 1835 1353 1901 Elene
1376 1837 1418 1902 de

312 1939 460 2005 Hecham
475 1947 510 2003 et
525 1938 632 2024 ipsum
647 1938 816 2003 maritanit
830 1938 899 2003 sine
914 1938 1049 2003 licencia
1069 1946 1104 2001 et
1124 1938 1295 2005 uoluntate
1316 1941 1420 2026 ipsius

313 2042 479 2129 Margania,
492 2041 587 2107 cuius
602 2042 748 2107 custodia
762 2051 797 2107 et
811 2042 1019 2129 maritagium
1034 2041 1077 2106 ad
1090 2041 1195 2128 ipsam
1214 2042 1357 2127 pertinet
1380 2064 1419 2108 eo

312 2148 398 2234 quod
419 2148 566 2235 predicta
581 2148 683 2212 Eleua
698 2155 817 2211 terram
832 2170 924 2212 suam
939 2147 980 2211 de
995 2169 1035 2211 ea
1047 2145 1157 2211 tenuit
1172 2167 1231 2231 per
1244 2146 1418 2211 seruicium

312 2254 452 2319 militare
468 2262 537 2331 etc,
552 2261 587 2317 et
601 2253 688 2317 unde
703 2252 782 2317 dicit
798 2252 899 2338 quod¹
916 2251 1172 2318 subtreccionem
1193 2251 1283 2315 illam
1305 2250 1419 2337 damp-

312 2382 391 2424 num
414 2359 513 2423 habet
535 2358 576 2422 ad
598 2356 776 2421 ualenciam
800 2356 841 2420 lx.
858 2378 1046 2432 marcarum,
1064 2366 1099 2420 et
1120 2356 1208 2420 unde
1230 2355 1420 2441 dicitquod

313 2460 447 2526 tradidit
462 2459 493 2525 ei
507 2459 688 2548 predictum
704 2459 884 2523 Henricum
898 2458 1062 2523 bonafide
1077 2466 1110 2522 et
1126 2457 1212 2546 qnod
1234 2481 1298 2523 non
1320 2460 1419 2524 mari-

312 2573 398 2631 taret
413 2587 489 2629 eum
504 2565 573 2629 sine
586 2563 665 2649 ipsa.

377 2671 420 2735 Et
436 2669 606 2756 Philippus
620 2668 712 2733 uenit
728 2675 762 2732 et
775 2667 856 2732 dicit
871 2666 957 2753 quod
972 2667 1117 2752 predicta
1131 2667 1235 2732 Elena
1249 2688 1418 2753 nunqnam

311 2781 430 2838 terram
457 2772 565 2838 tenuit
588 2773 629 2838 de
652 2772 799 2858 predicta
822 2771 983 2858 Margeria
1004 2793 1064 2835 nec
1091 2794 1236 2857 unquam
1264 2772 1416 2838 seisinam

312 2878 436 2954 habuit,
451 2887 485 2943 et
500 2877 586 2963 quod
601 2876 748 2962 predicta
762 2876 865 2940 Elena
879 2876 961 2940 obiit
975 2875 1040 2940 iam
1055 2876 1118 2962 xvj.
1134 2876 1229 2940 annis
1243 2876 1371 2962 elapsis,
1382 2886 1417 2942 et

312 2982 397 3068 quod
421 2990 514 3068 pater
536 2981 629 3046 suus⁸
652 2981 745 3046 cuius
768 2980 930 3045 hereditas
954 2988 1041 3045 terra
1062 2981 1120 3045 illa
1146 2979 1209 3044 luit
1234 2982 1419 3066 superuixit

312 3105 392 3161 eam,
422 3092 456 3149 et
484 3084 565 3148 dicit
594 3083 680 3170 quod
709 3081 817 3147 tenet⁴
844 3105 874 3146 x.
904 3081 1037 3146 libratas
1066 3090 1151 3146 terre
1181 3082 1222 3146 de
1259 3083 1419 3169 Episcopo

311 3184 455 3250 Roffcnsi
476 3194 511 3250 et
533 3185 619 3271 qnod
640 3193 734 3270 pater
755 3184 842 3249 dicte
866 3184 965 3248 Elene
986 3206 1052 3249 non
1074 3185 1183 3249 tenuit
1206 3184 1247 3249 de
1272 3185 1422 3270 predicta

312 3290 472 3377 Margaria
485 3289 548 3354 nisi
563 3289 690 3354 circiter
704 3289 746 3353 xl.
761 3311 851 3353 acras
864 3296 949 3354 terre
964 3310 1028 3374 que
1047 3288 1209 3374 pertinere
1231 3287 1354 3353 debent
1376 3289 1421 3353 ad

310 3393 488 3479 predictam
505 3395 639 3458 Elcnam
654 3393 694 3458 dc
710 3399 861 3480 propnrte
875 3414 942 3468 sua
957 3401 992 3457 et
1014 3391 1101 3457 unde
1122 3392 1256 3458 uidetur
1276 3393 1308 3457 ei
1328 3393 1420 3478 quod

311 3498 519 3584 maritagium
534 3521 598 3563 non
612 3498 754 3582 pertinet
769 3497 811 3562 ad
825 3497 1004 3583 predictam
1026 3496 1227 3585 Margariam
1273 3497 1316 3561 Et
1337 3499 1422 3563 dicit

311 3601 397 3689 quod
420 3601 583 3688 predictus
607 3601 768 3667 Henricus
793 3609 844 3665 est
870 3602 965 3687 plene
991 3601 1089 3665 etatis
1113 3609 1149 3666 et
1175 3602 1350 3666 maritatus
1379 3603 1424 3670 de

311 3706 442 3771 consilio
465 3714 500 3771 et
523 3728 677 3770 consensu
702 3712 877 3791 parentum
902 3726 1042 3782 suorum,
1065 3713 1099 3770 et
1121 3704 1255 3770 uidetur
1275 3706 1306 3770 ei
1331 3709 1425 3794 quod

311 3811 518 3898 maritagium
540 3809 621 3874 illud
642 3810 754 3896 pocius
775 3808 918 3895 pertinet
941 3809 983 3872 ad
1007 3809 1201 3895 Episcopum
1231 3809 1425 3877 Roffensem

311 3935 409 4002 quarn
434 3913 475 3978 ad
501 3913 678 4000 predictam
702 3912 898 3998 Margeriam
921 3911 1047 3977 desicut
1070 3912 1235 3998 predictus
1256 3913 1428 3981 Hem-icus

311 4025 361 4082 est
387 4017 479 4082 heres
503 4040 580 4083 suus
603 4017 776 4102 apparens⁶
799 4025 835 4080 et
858 4017 932 4102 plus
955 4023 1066 4082 tenere
1091 4016 1189 4082 debet
1211 4017 1253 4083 de
1274 4020 1428 4105 predicto

346 4254 459 4317 1Phi1ip
479 4253 502 4303 is
524 4253 610 4304 father
632 4253 661 4302 ol
684 4253 773 4315 Henry
792 4253 838 4304 the
900 4239 1036 4315 ·⁴1³hillp
1064 4251 1171 4301 himself
1203 4251 1282 4301 holds
1313 4255 1346 4303 of
1380 4255 1430 4305 the

312 4321 382 4371 ward
394 4321 420 4368 in
433 4319 559 4380 question.
891 4317 992 4380 hishop.
1540 4321 1541 4366 l

345 4387 356 4417 ‘²
373 4385 471 4446 Supply
480 4399 534 4446 per.
922 4384 933 4415 ⁰
950 4383 1057 4445 Philip's
1067 4382 1126 4431 heir
1136 4388 1273 4445 apparent.

345 4453 355 4484 ³
372 4451 476 4500 Elena's
487 4449 577 4499 lother.
