3167 5075
404 401 542 461 nasreo,
565 402 631 451 no.
655 390 749 463 1223,
771 403 835 452 aa.
858 388 886 457 7.
1135 393 1199 460 479

113 573 199 638 emon'
215 574 255 638 ad
274 575 373 638 esson’
394 573 435 638 de
457 573 543 638 malo
563 574 719 640 ueniendi
727 574 746 652 ¹,
766 584 801 641 et
821 576 918 641 datus
936 577 999 642 fuit
1014 578 1045 644 ei
1060 579 1129 644 dies
1144 601 1202 666 per

112 677 319 742 emoniamrem
348 701 444 742 suum
473 678 516 743 ad
544 678 646 744 talem
675 678 771 743 diem.
817 680 861 744 Et
894 688 972 746 tuno
1010 681 1129 748 iterum
1166 706 1201 748 se

111 783 266 847 amomauit
280 805 315 846 se
329 783 370 847 de
384 782 470 846 malo
484 782 647 860 ucciandi,
662 790 696 847 et
711 783 872 848 essonium
885 807 950 850 non
961 785 1070 862 iacuit,
1083 795 1117 851 et
1128 786 1202 851 ideo

110 888 328 952 mnsideratum
352 895 401 952 est
426 886 513 973 quod
536 895 623 950 terra
646 885 790 951 eiusdem
822 886 960 953 Comitis
989 890 1138 975 capiatur
1166 890 1201 954 in

109 984 225 1056 manum
253 992 403 1057 Domini¹
429 993 471 1058 ad
496 991 678 1056 ualenciam
705 1001 775 1069 etc,
802 1000 835 1056 et
862 992 930 1078 ipse
957 1003 1202 1060 summoneatur

109 1098 182 1182 quod
196 1097 236 1162 sit
250 1097 311 1162 tali
326 1097 379 1162 die
396 1105 455 1162 etc.

58 1215 79 1278 2
162 1200 340 1265 Willelmus
356 1201 397 1266 do
419 1201 511 1265 Bello
537 1200 661 1285 Campo
681 1199 803 1286 optulit
824 1223 858 1265 se
879 1210 994 1287 quarto
1013 1202 1066 1266 die
1088 1225 1201 1268 uersus
1276 1225 1302 1255 ιω

106 1304 332 1369 Amabilemde
347 1305 473 1370 Bidona
486 1305 528 1369 de
542 1304 663 1390 placito
678 1303 764 1390 quod
779 1312 864 1369 esset
885 1305 1039 1370 auditura
1058 1307 1202 1394 recogni-

107 1407 217 1473 cionem
239 1431 358 1495 magne
382 1408 481 1473 assiae
505 1430 604 1494 quam
627 1408 697 1493 ipse
721 1407 895 1474 aramiauit
921 1433 1035 1475 uersus
1061 1433 1134 1476 eam
1160 1411 1201 1476 de

108 1515 383 1580 consuctudinibus
397 1522 432 1579 et
447 1513 591 1578 semiciis
606 1535 670 1599 quc
683 1513 772 1577 idem
787 1513 972 1579 Willelmus
987 1515 1090 1601 exigit
1105 1516 1146 1580 ab
1163 1537 1202 1580 ea

106 1617 140 1680 de
159 1628 295 1703 quatuor
318 1618 404 1683 hidis
428 1627 512 1682 terre
535 1640 611 1682 cum
634 1626 715 1703 pert.
731 1617 766 1681 in
790 1619 966 1704 Latebyria
986 1642 1067 1706 quas
1088 1620 1200 1685 eadem

104 1721 249 1786 Amabilis
267 1722 311 1786 dc
326 1722 439 1786 codem
455 1721 619 1786 Willelmo
634 1731 703 1798 etc,
718 1723 806 1786 unde
823 1722 935 1788 eadem
952 1724 1118 1790 Amabilia
1138 1747 1201 1810 que

105 1830 206 1888 tenens
219 1833 270 1888 est
284 1824 394 1909 posuit
409 1845 443 1888 se
458 1824 493 1887 in
508 1845 661 1911 magnam
676 1823 809 1888 assisam
824 1826 919 1890 Dom.
940 1826 1040 1912 Regis
1062 1835 1095 1891 et
1115 1827 1201 1912 petit

103 1929 344 2014 recognicioncm
370 1928 441 1993 fieri
466 1928 578 1993 utrum
603 1928 674 2014 ipsa
699 1929 804 1992 maius
831 1929 882 1994 ius
906 1929 1041 1996 haberet
1066 1931 1200 1995 tenendi

103 2032 267 2114 predictam
289 2041 409 2097 tenum
430 2055 505 2096 cum
527 2040 609 2117 pert.
629 2054 688 2118 per
709 2031 882 2096 seruicium
904 2033 982 2099 dim.
999 2034 1113 2098 militis
1128 2042 1201 2098 tan·

102 2146 164 2200 tum
177 2137 259 2203 sicut
274 2137 347 2223 ipsa
361 2136 392 2201 ei
403 2137 574 2223 cognoscit,
586 2136 639 2200 uel
650 2158 709 2221 per
719 2136 892 2201 semicium
905 2145 1045 2222 quatuor
1055 2138 1198 2224 parcium

102 2239 187 2304 unius
211 2240 336 2317 militis,
362 2240 448 2304 unde
476 2240 620 2326 quinque
649 2247 758 2325 partes
786 2239 912 2304 faciunt
942 2239 1072 2306 feodum
1102 2242 1200 2306 unius

101 2345 204 2410 militis
217 2346 305 2411 siout
319 2345 406 2410 idom
422 2344 606 2409 Willelmus
625 2345 668 2409 ab
688 2367 728 2409 ca
746 2345 849 2431 exigit
871 2354 930 2409 etc
976 2347 1019 2410 Et
1039 2346 1200 2412 Amabilis

101 2469 156 2513 non
178 2450 271 2514 uenit
297 2458 330 2514 ct
354 2449 470 2513 habuit
494 2449 581 2513 diem
607 2448 643 2512 in
668 2448 772 2513 banco
797 2457 969 2534 postquam
997 2449 1050 2534 xij.
1078 2449 1199 2515 milites

100 2554 281 2619 summoniti
309 2554 451 2631 fuorunt,
481 2562 515 2618 ct
545 2553 618 2617 idco
648 2553 830 2639 predictum
861 2554 1034 2621 seruicium
1060 2565 1201 2642 quatuor

100 2657 232 2740 parcium
242 2659 269 2744 j.
286 2658 401 2722 militis
415 2658 501 2723 unde
516 2658 660 2743 quinquo
675 2666 734 2722 etc.
751 2658 899 2743 capiatur
913 2659 947 2722 in
959 2681 1092 2724 manum
1104 2661 1197 2726 Dom.

99 2759 196 2847 Regu,
217 2769 252 2827 et
273 2762 346 2847 ipsa
364 2770 608 2826 summoneatur
627 2761 713 2846 quod
734 2761 777 2825 sit
802 2762 861 2826 tali
885 2762 938 2827 die
962 2772 1021 2828 eto.
1046 2764 1200 2829 auditura

99 2873 151 2929 etc.

57 2974 70 3035 t
155 2970 267 3035 Abbas
283 2970 324 3035 de
339 2967 479 3034 Bruera⁸
493 2968 614 3055 optulit
629 2992 663 3033 so
681 2979 797 3055 quarto
818 2969 870 3035 die
890 2994 1002 3035 uersus
1023 2972 1198 3037 Ricardum
1271 2994 1280 3009 ’
1315 3024 1323 3036 .

98 3070 134 3137 de
152 3074 297 3139 Brutone
315 3074 357 3138 de
377 3072 497 3159 placito
517 3070 604 3158 quod
626 3074 848 3138 warentizaret
871 3075 901 3139 ei
920 3076 996 3141 dim.
1017 3076 1098 3163 uirg.
1114 3084 1198 3141 terre
1252 3114 1256 3121 ·

99 3198 165 3241 cum
177 3186 259 3263 pert.
277 3178 313 3241 in
328 3177 434 3241 Perua
447 3175 623 3239 Wlwardia
633 3197 731 3260 quam
744 3175 929 3242 Willelmus
940 3178 981 3243 de
992 3178 1199 3264 Compedena

98 3290 128 3343 ot
148 3282 292 3346 munda
314 3304 396 3345 uxor
418 3280 489 3344 eius
512 3280 653 3344 clamant
676 3289 715 3344 ut
738 3280 790 3345 ius
810 3304 905 3345 suum
927 3304 1039 3347 uersus
1059 3284 1197 3347 eundem

98 3383 263 3462 Abbatem,
280 3393 314 3449 et
329 3384 416 3449 unde
431 3384 518 3448 idem
533 3383 646 3448 Abbas
665 3382 700 3447 in
721 3384 835 3449 eadem
856 3386 945 3449 curia
968 3386 1099 3450 uocauit
1119 3408 1197 3450 eun-

96 3488 163 3553 dem
182 3490 362 3555 Ricardum
385 3488 428 3553 ad
451 3496 630 3552 warantum
654 3510 769 3552 uersus
792 3508 846 3553 eos
870 3497 929 3553 etc.
975 3490 1018 3553 Et
1042 3490 1199 3554 Ricardus

96 3613 154 3657 non
172 3592 268 3658 uenit
288 3601 348 3657 etc
369 3600 403 3656 et
423 3598 520 3676 capta
540 3590 605 3654 fuit
625 3590 665 3654 de
686 3597 774 3654 terra
792 3613 852 3655 sua
872 3592 913 3655 ad
932 3590 1112 3655 ualenciam
1127 3612 1198 3676 pro-

96 3696 175 3763 dicte
188 3707 278 3763 terre
292 3719 350 3783 pro
364 3696 494 3761 defectu
509 3717 567 3759 suo
581 3716 695 3758 uersus
710 3716 763 3758 eos
777 3716 876 3779 quem
892 3694 969 3758 fecit
984 3693 1043 3758 tali
1064 3694 1116 3759 die
1137 3703 1196 3761 etc.

96 3800 135 3866 Et
148 3824 246 3888 super
259 3802 321 3865 hoc
336 3800 429 3865 uenit
441 3800 581 3863 Thomas
593 3799 633 3863 de
645 3800 793 3863 Arderna
805 3806 839 3863 et
851 3798 1029 3884 dicitquod
1040 3800 1198 3865 Ricardus

96 3908 271 3972 essoniatus
285 3914 336 3971 ost
350 3906 391 3970 de
406 3905 492 3969 malo
507 3903 583 3968 lecti
596 3903 638 3968 do
658 3903 722 3967 aiio
742 3902 863 3988 placito
884 3924 995 3967 uersus
1016 3902 1197 3968 Walterum

95 4010 203 4077 Belem
227 4022 264 4077 et
287 4012 389 4087 habet
411 4010 498 4074 diem
522 4009 623 4073 talem
643 4016 702 4074 etc.
724 4017 759 4073 et
778 4008 922 4072 nondum
944 4007 1032 4072 uisus
1052 4018 1109 4071 cst.
1155 4009 1199 4074 Et

96 4113 150 4193 hoo
171 4116 262 4181 idem
285 4115 460 4180 inuentum
484 4122 534 4177 est
557 4114 593 4177 in
615 4112 738 4177 rotulis.
783 4112 827 4175 Ec
851 4111 923 4175 ideo
946 4134 1005 4197 per
1030 4111 1198 4177 consilium

124 4234 308 4287 ¹cumamm
339 4236 398 4295 scit
432 4236 556 4285 essarium
588 4236 624 4284 cd
674 4235 705 4283 dc
722 4235 886 4291 ultroneae,-
904 4231 926 4282 it
942 4232 966 4281 is
982 4232 1102 4296 accepted
1117 4248 1147 4285 as
1164 4250 1199 4285 an

97 4304 212 4351 mium
228 4304 262 4351 de
278 4302 344 4351 malo
357 4302 484 4350 moimarii.
520 4301 568 4351 Sec
578 4300 623 4351 Br.
674 4298 761 4349 caucin
773 4300 804 4347 dc
816 4300 882 4347 molo
892 4300 1019 4348 oeniandi.

97 4364 113 4413 f.
134 4366 190 4414 351.
226 4366 286 4416 Tha
307 4366 393 4415 ccooin
416 4365 445 4415 oi
465 4365 573 4416 absence
594 4366 623 4414 in
707 4362 929 4426 'Supplyneya

96 4429 195 4480 Ireland
214 4431 240 4480 is
256 4435 305 4481 not
321 4430 421 4481 treated
438 4446 467 4481 aa
484 4446 519 4480 an
535 4430 622 4480 euroin
705 4428 717 4461 ⁸
733 4428 833 4477 Brucm
844 4428 940 4489 Abbcy‚
955 4428 1130 4479 Oxiordshire.
