3167 5075
404 406 469 469 404
709 414 859 475 rmmrr,
882 412 947 463 an.
971 401 1065 477 1220,
1087 416 1149 466 an
1173 406 1201 467 4.

402 592 573 660 Matillidis
593 591 701 658 uxoria
720 613 788 667 sue,
810 597 845 655 et
864 588 938 656 ideo
957 600 1053 655 uocat
1075 614 1148 656 eam
1169 590 1212 656 ad
1233 598 1412 656 warantum
1447 590 1479 654 Et

284 720 343 769 [66]
401 696 474 763 ideo
488 697 608 762 habeat
623 718 695 762 eam
710 694 770 760 tali
783 694 837 759 die
852 701 911 759 etc.
930 690 937 779 Ι

270 799 363 867 1467.
461 800 644 866 '¹Robertus
664 798 705 863 de
726 797 866 883 Basinge
887 796 1086 861 attachiatus
1106 797 1170 862 fuit
1189 796 1232 863 ad
1251 796 1478 883 respondendum

285 902 345 941 Μ’·
402 904 559 991 Magistro
573 902 757 968 Alexandro
772 903 813 967 de
828 902 980 966 Dorsetia
993 902 1033 965 de
1048 902 1167 987 placito
1182 925 1281 989 quare
1295 902 1362 988 ipae
1376 910 1479 967 aecutm

402 1008 466 1071 fuit
480 1007 637 1093 placitum
651 1005 687 1070 in
701 1004 790 1071 curia
804 1004 1028 1069 cristianitatis
1042 1027 1155 1071 uersus
1176 1028 1252 1071 eum
1271 1014 1380 1071 contra
1397 1006 1478 1092 proli·

402 1110 562 1176 bicionem
591 1110 684 1176 Dom.
713 1108 814 1195 Regia
839 1107 880 1172 de
906 1107 1031 1173 catallis
1057 1130 1121 1194 que
1147 1118 1217 1187 etc,
1241 1117 1276 1174 et
1301 1109 1384 1174 unde
1404 1110 1478 1173 habet

402 1222 602 1299 sectamque
622 1213 683 1278 hoc
703 1220 853 1289 testatur,
868 1218 903 1276 66
923 1211 1044 1297 profert
1066 1212 1193 1277 litteras
1214 1212 1357 1278 iudicum
1377 1221 1409 1277 et
1426 1220 1479 1275 acta

402 1339 508 1382 coram
517 1316 564 1380 eis
572 1314 715 1403 sigillata
723 1314 838 1401 sigillis
847 1313 1001 1390 iudicum,
1010 1314 1096 1379 unde
1108 1314 1214 1380 adhuc
1224 1316 1325 1381 habet
1333 1315 1419 1393 diem,
1426 1336 1478 1400 pre-

401 1429 491 1485 terea
502 1419 581 1486 dicit
592 1420 678 1506 quod
689 1442 762 1485 cum
774 1419 843 1505 ipse
855 1418 994 1483 deferret
1005 1419 1105 1484 breue
1117 1418 1210 1485 Dom.
1224 1420 1324 1507 Regia
1334 1420 1478 1504 indesper-

400 1530 473 1587 tum
488 1523 632 1588 eiusdem
643 1522 736 1588 Dona
749 1523 849 1609 Regis
860 1522 947 1587 idem
957 1522 1058 1587 breue
1069 1522 1155 1609 quod
1166 1530 1353 1609 procurator
1362 1522 1477 1587 eiusdem

400 1627 578 1693 Alexandri
591 1627 728 1713 protulit
742 1626 880 1691 iactauit
895 1626 937 1691 ad
952 1633 1080 1703 terram,
1095 1624 1220 1691 atinde
1236 1626 1336 1692 habet
1350 1634 1458 1691 sectam

466 1729 510 1794 Et
535 1730 697 1795 Robertus
721 1728 867 1795 defendit
894 1729 979 1815 quod
1005 1736 1079 1815 poet
1103 1728 1353 1815 prohibicionem
1378 1728 1477 1793 nullum

399 1831 557 1919 placitum
575 1840 707 1897 secutus
726 1832 790 1897 fuit
811 1854 924 1897 uersus
945 1854 1020 1897 eum
1040 1830 1076 1895 in
1096 1830 1186 1895 curia
1204 1830 1427 1906 cristianitatis,
1436 1850 1478 1893 nec

399 1935 499 2001 breue
535 1934 759 2022 Dom'Regis
787 1936 837 2001 ita
864 1933 1002 2001 iactauit
1030 1935 1115 2001 sicut
1144 1934 1234 2013 dicit,
1263 1944 1299 2000 et
1328 1935 1383 1999 hoc
1408 1934 1478 1998 offert

400 2035 571 2103 defendere
586 2060 699 2102 uersus
713 2060 791 2103 eum
806 2046 840 2103 et
855 2060 967 2103 uersus
982 2046 1103 2104 sectam
1118 2060 1219 2103 suam.
1258 2037 1476 2104 consideratum

399 2149 450 2206 666
465 2141 551 2227 quod
566 2142 635 2227 ipae
650 2142 804 2207 defendat
819 2164 853 2207 66
868 2142 921 2227 xij.
938 2165 1037 2207 manu
1053 2150 1113 2208 etc.

268 2250 363 2315 1468.
465 2243 644 2311 'Robertua
671 2246 712 2313 de
739 2247 849 2333 Burgo
870 2255 905 2311 et
927 2246 1059 2312 Berleta
1079 2268 1161 2311 uxor
1182 2268 1242 2311 sua
1263 2247 1437 2333 optulerunt
1453 2265 1477 2306 se

282 2351 345 2391 Ebot.

399 2454 432 2540 ij.
448 2454 686 2541 mesuagiorum
702 2476 776 2519 cum
792 2463 872 2541 pert.
889 2454 924 2518 in
939 2454 1146 2541 Ponteburgo
1165 2477 1263 2542 quam
1285 2455 1346 2541 ipsi
1365 2454 1476 2519 clamant
1522 2438 1523 2441 ¹

399 2579 467 2622 6666
491 2557 542 2622 ius
566 2557 668 2642 ipsius
692 2557 831 2623 Berlete.
876 2558 920 2621 Et
944 2557 1050 2623 Alicia
1073 2580 1138 2623 non
1164 2559 1259 2624 uenit
1282 2569 1340 2624 666
1363 2567 1393 2624 et
1411 2579 1477 2622 sun·

398 2660 536 2726 monicio
551 2670 609 2726 etc.
654 2661 831 2739 Judicium,
846 2662 1004 2728 medietas
1019 2663 1167 2749 capiatur
1181 2663 1215 2728 in
1231 2687 1363 2730 manum
1381 2671 1473 2738 6666

397 2765 466 2829 (1166
481 2775 550 2842 666,
565 2773 599 2830 66
614 2765 720 2830 Alicia
733 2775 977 2832 summoneatur
992 2766 1078 2852 quod
1092 2767 1136 2832 ait
1151 2767 1211 2832 tali
1226 2768 1280 2832 die
1295 2777 1354 2834 etc.
1520 2845 1521 2850 γ

267 2872 360 2935 1469.
462 2865 590 2932 'Aesisa
615 2867 708 2931 uenit
729 2868 936 2955 recognitum
957 2869 1029 2954 quis
1051 2869 1229 2936 aduocatos
1252 2879 1391 2956 tempore
1410 2867 1478 2955 pacis

267 2968 358 3010 ΒΜ
396 2969 599 3054 presentauit
620 2968 769 3034 ultimam
792 2987 961 3056 personam
984 2994 1048 3057 que
1068 2980 1197 3037 mortua
1218 2981 1270 3038 est
1290 2974 1333 3039 ad
1351 2973 1477 3059 capellam

399 3070 439 3135 de
463 3071 700 3148 Edeneswrthe,
725 3096 788 3159 que
812 3082 907 3138 uacat
929 3082 999 3154 eta,
1021 3075 1114 3140 cuius
1136 3075 1379 3142 aduocacionem
1402 3075 1479 3159 Eleas¹
1519 3117 1520 3128 1

262 3183 272 3192 '
399 3175 439 3240 de
462 3176 554 3240 Bello
577 3176 700 3263 Campo
722 3178 842 3243 elamat
864 3201 977 3244 uersus
998 3179 1164 3245 Abbatem
1187 3180 1435 3246 Glaatonieusem
1454 3195 1478 3240 6

397 3277 573 3343 Ricardum
589 3279 628 3344 de
645 3281 775 3347 Brente.

461 3383 505 3448 Et
516 3384 627 3449 Abbas
637 3386 731 3450 uenit
745 3394 779 3450 et
796 3385 875 3451 dicit
891 3387 976 3473 quod
991 3387 1091 3453 nichil
1106 3388 1226 3454 clamat
1240 3389 1277 3454 in
1292 3388 1477 3456 aduooacioru¹

395 3485 460 3564 illa,
475 3509 534 3552 nec
555 3509 709 3574 umquam
731 3487 904 3574 impediuit
924 3492 1199 3576 prosentacionem
1220 3516 1321 3560 auam
1363 3493 1404 3558 Et
1423 3489 1479 3556 ida
1517 3549 1518 3552 ,

395 3590 464 3676 ipse
478 3591 554 3655 inde
569 3590 638 3656 sine
653 3591 713 3656 die.
759 3593 805 3656 Et
820 3593 976 3659 Ricardus
990 3595 1041 3660 bis
1055 3596 1133 3661 fecit
1153 3597 1317 3664 defaltarn
1361 3598 1404 3663 Et
1421 3593 1478 3660 ida·

394 3696 546 3782 procedat
561 3696 661 3760 assisa
674 3718 788 3761 uersus
805 3719 879 3762 eum
895 3721 953 3783 per
967 3698 1130 3765 defaltam.

458 3799 626 3864 Juratores
640 3798 755 3864 dicunt
769 3800 855 3886 quod
871 3801 999 3886 quando
1015 3809 1176 3867 uenerunt
1190 3803 1233 3869 ad
1255 3805 1359 3869 uisum
1383 3801 1480 3868 facion-

392 3901 472 3968 dum
487 3903 527 3968 de
542 3903 666 3989 capella
679 3903 744 3982 illa,
759 3905 883 3970 nullam
899 3905 1054 3991 capellam
1070 3907 1278 3985 inuenerunt,
1288 3931 1346 3973 nec
1361 3927 1478 3976 murum.

392 4030 451 4073 nee
477 4007 600 4092 aliquid
625 4008 723 4087 aliud,
746 4010 809 4073 nisi
835 4032 985 4096 campum
1011 4011 1136 4076 nudum
1162 4021 1197 4077 et
1223 4013 1364 4098 planum,
1387 4035 1439 4076 666
1458 4033 1479 4070 v.

390 4111 484 4176 annia
509 4111 626 4197 elapsis
650 4112 715 4176 fuit
738 4112 785 4177 ibi
811 4113 921 4201 aliqua
944 4115 1076 4201 capella,
1098 4137 1158 4181 nec
1184 4117 1282 4181 missa
1302 4125 1435 4190 cantata
1454 4131 1477 4176 6

387 4216 462 4282 ideo
476 4224 595 4301 petunt
609 4216 765 4284 iudicium
779 4217 810 4283 si
823 4217 964 4285 debeant
978 4227 1215 4286 sacramentum
1230 4219 1304 4286 inde
1319 4221 1427 4288 facere.

420 4365 739 4425 ¹am.2‘l;B.m.18.
1001 4369 1322 4428 ⁸A.m.2a;13.na17.

421 4431 606 4483 ’amata
