3167 5075
368 424 601 487 monimum,
624 412 806 485 arn-122&
830 425 893 474 ιιι.
916 411 1010 477 7-8.
1179 412 1239 472 501

126 590 260 677 legales
268 592 391 658 milites
405 593 448 658 ad
463 591 646 657 faciendum
662 591 760 656 simul
780 613 854 656 cum
877 591 1062 658 iustiniariiu
1083 593 1240 659 iudicium

123 704 245 759 utrum
260 696 438 761 seeundum
454 697 560 782 legem
576 696 700 760 Kantie
718 695 825 760 Alieia
845 719 907 782 que
930 695 994 760 fuit
1016 719 1097 761 uxor
1116 698 1240 762 'Thome

123 797 167 861 de
186 798 401 864 Nessendona
415 799 472 886 qui
486 798 551 864 fuit
565 821 739 884 suspensus
753 821 812 884 pro
827 799 949 864 felonia
966 799 1052 864 unde
1073 799 1240 865 conuictus

121 902 193 967 fuit
207 903 327 990 debeat
341 904 452 969 dotem
467 904 587 968 babere
601 904 641 969 de
658 913 745 968 terra
760 926 858 990 quam
873 903 960 968 idem
977 904 1116 970 Thomas
1131 905 1239 970 tenuit

121 1007 160 1071 in
176 1008 396 1093 gauelekinde
412 1007 466 1072 uel
485 1030 559 1085 non,
579 1007 657 1093 quia
671 1008 724 1072 B.¹
740 1008 902 1072 Roffensis
925 1008 1102 1094 Episcopus
1124 1017 1159 1074 et
1180 1031 1238 1095 pro

120 1131 159 1173 se
177 1118 214 1174 et
229 1131 288 1195 pro
301 1110 411 1175 Priore
426 1111 467 1174 de
483 1110 579 1174 Roffa
591 1132 705 1177 uersus
721 1132 801 1195 quos
816 1109 886 1195 ipsa
908 1111 1026 1176 clamat
1046 1111 1155 1176 dotem
1177 1120 1239 1177 etc:

119 1213 240 1298 posuit
253 1235 288 1278 se
302 1236 400 1299 super
414 1214 571 1280 indicium
586 1214 676 1280 illud.
723 1215 766 1278 Et
779 1213 876 1280 tales¹
889 1215 1008 1280 milites
1023 1224 1081 1280 ete.
1098 1216 1237 1280 ueniunt
1251 1240 1270 1278 ιι
1261 1243 1369 1336 upardo
1431 1271 1435 1281 .

119 1323 158 1380 et
175 1315 293 1380 dicunt
304 1317 389 1402 qnod
400 1339 567 1402 nunquam
580 1315 734 1382 uiderunt
746 1316 887 1403 aliquem
897 1317 982 1382 milit
968 1325 1036 1382 tem
1045 1341 1287 1420 suspensumdg
1250 1297 1285 1372 ‘1¹¹⁸
1265 1299 1325 1374 oben
1327 1336 1397 1421 probe

118 1419 165 1483 de
191 1419 351 1483 comitatu
374 1442 433 1484 suo
456 1420 518 1484 nisi
545 1420 728 1506 predictum
754 1419 920 1497 Thomam,
944 1429 994 1485 set
1017 1421 1100 1486 bene
1129 1422 1237 1488 emunt
1250 1381 1349 1514 ἔξω

119 1522 214 1609 quud
230 1521 270 1586 de
286 1531 474 1588 tenemento
488 1524 575 1610 quod
590 1533 640 1589 est
651 1524 875 1610 gauelekynde
888 1523 986 1589 debet
998 1548 1079 1590 uxor
1089 1548 1237 1611 suspensr
1227 1521 1292 1570 '¹¹¹¹'
1278 1522 1325 1561 ”td

117 1626 306 1692 secundum
336 1628 440 1714 legem
472 1628 596 1692 Kantie
625 1627 745 1692 babere
781 1625 895 1692 debet⁸
931 1627 1050 1708 dotem,
1080 1637 1114 1694 et
1150 1630 1236 1696 filius

118 1730 354 1808 hereditatem,
369 1731 455 1796 unde
471 1731 592 1796 dicitnr
605 1731 743 1817 Angliee
759 1731 849 1796 fader
867 1739 902 1796 to
922 1743 959 1815 pe
982 1733 1080 1810 bowe,
1095 1738 1133 1810 be
1155 1755 1236 1799 sune

117 1844 157 1898 to
174 1837 215 1908 be
232 1833 334 1898 lowe⁴.
380 1835 423 1898 Et
438 1833 513 1898 ideo
528 1835 600 1919 ipsa
613 1835 820 1919 recuperauit
835 1833 944 1899 dotem
960 1857 1051 1900 suam
1068 1845 1126 1902 ete.

56 1947 78 2024 ᾗ,
167 1936 332 2023 “Magna
344 1937 444 2001 assisa
458 1937 545 2001 inter
560 1937 714 2003 Ceeiliam
736 1945 875 2002 matrem
898 1939 1046 2003 Gaufridi
1068 1949 1235 2026 petentem
1306 1966 1320 1994 u

117 2048 157 2104 et
174 2041 313 2104 Petrum
328 2041 368 2106 de
384 2041 570 2106 Molendino
585 2050 754 2106 tenentem
768 2041 810 2106 de
828 2042 955 2107 duabus
976 2041 1055 2129 uirg
1073 2050 1156 2108 terre
1178 2043 1182 2131 Ι
1201 2053 1235 2110 et

117 2165 192 2207 nno
207 2143 394 2208 molendino
408 2143 444 2208 in
458 2144 665 2209 Essenedona
678 2144 812 2230 ponitur
826 2144 861 2208 in
875 2153 1059 2231 respectum
1075 2169 1178 2232 nsque
1193 2147 1253 2222 ud,

116 2249 228 2314 talem
259 2248 346 2313 diem
375 2268 433 2334 pro
463 2249 593 2314 defectu
621 2249 869 2335 recognitorum,
899 2249 976 2334 quia
1004 2257 1134 2315 tantum
1164 2261 1236 2317 octo

117 2358 292 2415 uenenmt
307 2349 449 2436 quibus⁰,
458 2365 493 2414 et
504 2351 684 2415 uiceeomes
698 2350 873 2437 distringat
889 2352 970 2416 tales
986 2360 1045 2418 etc.
1061 2375 1120 2439 per
1134 2361 1236 2420 terras

117 2466 157 2520 et
181 2454 303 2519 catalla
325 2462 394 2531 eta,
409 2462 444 2519 et
466 2454 544 2542 quia
565 2455 648 2519 tales
667 2463 727 2519 etc.
742 2455 895 2519 obierunt
916 2455 1039 2543 elegat²
1057 2458 1236 2524 nicecomes

117 2569 194 2636 eta,
210 2568 247 2624 et
268 2559 342 2624 ideo
363 2561 542 2624 uiceeomes
561 2559 674 2624 uenire
694 2559 793 2625 faciat
812 2568 871 2625 ete.
887 2560 930 2625 ad
944 2563 1234 2647 recognoscendum

116 2672 184 2729 ete.
201 2672 318 2728 utrum
334 2664 457 2730 Cecilia
471 2665 576 2729 mains
591 2665 643 2729 ius
657 2663 778 2728 habeat
793 2664 827 2728 in
845 2674 931 2729 terra
945 2674 1004 2730 etc.

70 2830 78 2843 ,
186 2768 298 2833 ‘Prior
317 2769 359 2833 de
380 2768 538 2833 Derherst
559 2768 644 2854 petit
666 2790 779 2833 uersus
809 2769 964 2833 Editham
994 2770 1033 2835 de
1064 2770 1235 2838 Rameseia
1290 2791 1357 2831 oxon.

117 2881 253 2936 tantam
268 2880 388 2936 terram
412 2880 470 2936 ete
496 2872 530 2936 in
556 2872 588 2935 la
613 2872 703 2935 More
731 2882 768 2935 ut
795 2872 846 2937 ius
872 2874 1004 2938 ecclesie
1031 2898 1087 2940 sue
1114 2884 1174 2941 ete.
1200 2886 1233 2942 et

116 2996 239 3040 uersus
252 2974 335 3038 tales
350 2983 409 3039 ete
425 2982 535 3038 tantas
549 2982 652 3037 terras
667 2982 726 3038 ete.
742 2974 777 3038 in
792 2974 906 3039 eadem
922 2975 1002 3041 uilla
1017 2985 1055 3041 ut
1071 2977 1122 3042 ius
1137 2987 1196 3044 ete.

186 3078 235 3143 Et
248 3077 374 3143 Editha
386 3078 479 3142 uenit
494 3086 528 3142 et
543 3078 623 3142 dicit
638 3078 723 3164 quod
738 3087 831 3143 tenet
842 3082 962 3144 terram
974 3103 1065 3145 suam
1077 3083 1111 3145 in
1123 3082 1232 3148 dotem

117 3183 212 3248 unde
234 3205 346 3247 omnes
367 3183 450 3247 tales
471 3181 611 3268 predicti
631 3189 709 3246 sunt
724 3182 860 3247 waranti
875 3184 916 3248 de
931 3184 1007 3249 dote
1022 3208 1090 3257 sua,
1107 3194 1141 3250 et
1155 3186 1231 3252 inde

117 3293 222 3351 uocat
236 3307 290 3350 eos
305 3284 347 3349 ad
361 3294 551 3361 warantum,
567 3291 601 3349 et
616 3284 679 3370 ipsi
694 3285 725 3349 ei
747 3285 969 3363 warantizant
993 3296 1027 3351 et
1049 3296 1168 3374 petunt
1191 3289 1231 3354 de

117 3399 193 3453 tota
207 3390 266 3454 illa
279 3398 368 3454 terra
383 3388 498 3455 uisum.
542 3389 698 3454 Habeant
712 3398 773 3453 etc.

39 3499 76 3567 17,
184 3492 343 3557 ⁹'I'homas
363 3492 403 3557 de
423 3491 664 3557 Gerbodesbam
683 3500 718 3556 et
737 3492 843 3557 Maria
862 3515 943 3557 uxor
967 3494 1036 3558 eius
1060 3496 1232 3560 attaehiati
1310 3528 1346 3557 u.

118 3596 256 3660 fuerunt
277 3596 320 3660 ad
342 3596 601 3682 respondendum
623 3595 747 3660 Thome
767 3596 835 3661 filio
857 3596 1038 3662 Salomonis
1053 3620 1151 3683 quare
1166 3622 1231 3665 non

117 3708 238 3763 tenent
252 3700 284 3765 ei
298 3700 397 3765 finem
412 3699 536 3765 factum
551 3722 657 3765 eoram
672 3699 858 3765 iusticiariis
874 3700 991 3765 ultimo
1002 3701 1232 3769 itinerantibus

117 3810 184 3865 eta
198 3801 285 3867 inter
298 3802 428 3867 eosdem
443 3802 600 3867 Thomam
616 3809 652 3867 et
666 3802 805 3868 Mariam
819 3811 854 3868 et
869 3804 1053 3889 predictum
1073 3805 1230 3872 Thomnm

155 3971 313 4023 ¹Benedict.
735 3973 792 4022 Ἀ.
805 3990 839 4025 m.
856 3976 896 4023 13.

155 4037 358 4089 'Numenium
733 4038 816 4102 ‘Snp
818 4040 971 4102 ρΙ1...ε1σΑ

155 4102 388 4163 *ΟιιιίῑόιὸειμΔ
735 4056 994 4155 ⁷Siup'1'hrs1sbut
1005 4121 1040 4155 an
1052 4108 1231 4171 abndgement

153 4166 225 4220 ⁴810
240 4169 271 4219 A.
305 4170 353 4220 See
367 4170 413 4219 tha
426 4168 592 4230 Prerogativa
606 4169 652 4219 aa
703 4169 838 4233 aarelmsly
849 4170 924 4220 made
940 4174 969 4221 of
983 4172 1028 4222 the
1044 4178 1119 4239 antry
1134 4192 1169 4226 on
1186 4176 1231 4227 tha

118 4233 173 4295 gis.
186 4233 339 4285 statuturos
355 4234 400 4284 the
414 4234 515 4296 Realm,
527 4235 578 4283 vol.
590 4248 608 4285 ι.
623 4249 649 4297 p
703 4234 761 4285 roll.

118 4300 182 4353 227.
209 4299 260 4350 and
288 4299 496 4350 consuetudines
528 4300 648 4360 Kantiae,
734 4298 791 4348 ΒΑ.
804 4314 838 4351 m.
854 4302 893 4349 13.

119 4362 187 4411 ibid.
198 4379 221 4425 p.
235 4366 292 4415 223.
326 4365 391 4415 unis
407 4364 577 4415 easeisFitz.
591 4367 650 4414 Pre-
734 4365 790 4414 Ἀ
805 4380 839 4414 rn.
853 4368 884 4414 14
895 4366 920 4415 d.

118 4430 252 4491 templium
266 4430 306 4481 60.
