3167 5075
328 382 445 449 c'onau
467 397 566 458 anon,
589 396 653 446 ιιι.
679 381 837 458 1237-8,
859 396 922 447 aa
946 383 996 446 22.
1150 380 1215 447 249

128 578 160 634 ut
178 570 215 635 de
237 571 330 636 feodo
354 570 407 635 uel
431 569 472 635 de
497 569 596 634 bellio
622 569 758 655 Regum.
802 564 857 635 ‘Et
881 564 1050 635 iuratores*
1063 570 1217 638 dixerunt

125 674 221 759 quod
213 696 283 761 rpsa
295 674 453 740 nullum
443 696 495 739 ms
515 673 631 740 habuit
651 672 728 738 inde
747 695 807 760 per
825 682 1041 741 antecessores
1059 698 1135 741 suos
1153 676 1217 742 nisi

125 776 159 841 de
177 776 268 867 ballio
288 779 417 869 Regum
439 784 475 842 et
496 798 561 841 non
582 776 618 841 in
641 775 734 840 feodo
756 798 935 862 perquam
958 777 1099 843 iuratam
1122 780 1221 845 Dom

125 852 277 945 lohannes
292 881 362 944 Rex
377 878 533 944 remansit
547 879 583 943 in
597 878 716 943 seisina
729 886 763 943 et
778 878 820 944 de
834 888 940 944 castm
953 888 988 944 et
999 879 1040 944 de
1051 879 1217 946 comitatu

126 982 163 1045 Et
189 982 244 1048 hoc
277 982 361 1048 benc
390 990 485 1069 patet
518 982 596 1069 quia
624 989 698 1067 post
727 990 865 1048 mortem
894 982 1033 1068 predicti
1062 982 1218 1049 willelmi

124 1085 325 1173 Lungespeye
343 1085 437 1151 uenit
456 1085 528 1171 ipsa
547 1085 607 1149 Ela
627 1084 663 1149 in
684 1083 849 1150 uiduitate
871 1107 931 1151 sua
951 1092 986 1150 et
1007 1086 1130 1172 recepit
1150 1108 1218 1151 cas-

124 1200 200 1256 trum
220 1202 254 1257 et
277 1192 469 1257 comitatum
492 1189 533 1256 de
558 1191 657 1256 hallio
678 1191 772 1257 Dom.
796 1192 896 1279 Regis
922 1191 980 1278 qui
1002 1213 1088 1257 nunc
1111 1199 1219 1256 estet

123 1294 189 1359 lecit
203 1294 309 1360 eidem
325 1295 418 1359 Dom.
434 1294 519 1381 Regi
539 1301 660 1359 cartam
681 1314 773 1358 suam
794 1293 881 1380 quod
901 1315 959 1380 per
979 1293 1115 1359 ballium
1135 1293 1218 1358 illud

123 1398 209 1463 nichil
225 1399 307 1465 iuris
321 1400 459 1463 clamare
474 1398 584 1484 potuit
598 1397 652 1463 uel
667 1398 730 1462 sibi
744 1396 923 1484 adquirere.

179 1502 284 1589 Super
308 1503 368 1567 hoc
394 1502 497 1567 eciam
526 1502 647 1589 profert
676 1502 763 1567 idem
792 1503 977 1568 Willelmus
1005 1502 1219 1590 Lungespeye

123 1614 230 1671 aarum
257 1606 360 1693 Regis
384 1606 521 1671 Henrici
545 1606 601 1671 aui
626 1606 719 1671 Dom.
746 1606 847 1693 Regis
873 1629 938 1693 que
963 1615 1105 1672 testatur
1131 1606 1219 1694 qnod

121 1707 197 1773 idem
211 1710 284 1775 Rex
299 1710 455 1775 conoessit
469 1718 504 1774 et
518 1709 660 1775 reddidit
675 1704 840 1775 Willelmo
849 1709 916 1775 filio
931 1710 1070 1777 Comitis
1085 1710 1218 1777 Patricii

122 1813 302 1879 comitatum
325 1812 507 1878 wiltescire
533 1812 589 1899 qui
615 1812 680 1878 fuit
708 1814 811 1899 patris
839 1814 890 1881 sui
912 1822 948 1879 et
969 1822 1078 1879 totam
1097 1822 1217 1880 terrum

121 1916 229 2005 Anglie
244 1925 283 1983 et
297 1926 391 1983 extra
404 1918 557 2005 Angliam
573 1939 743 2004 perquam
757 1927 852 2005 pater
868 1942 946 1984 suus
961 1919 1071 1984 tenuit
1085 1917 1139 1984 die
1152 1941 1219 2005 quo

121 2020 177 2085 luit
190 2022 290 2087 uiuus
304 2032 338 2087 et
353 2032 507 2088 mortuus
553 2023 597 2087 Et
611 2022 689 2108 quia
702 2021 737 2087 in
749 2033 838 2088 carta
848 2023 905 2088 illa
915 2022 1014 2088 nichil
1026 2023 1219 2109 exprimitur

120 2124 155 2188 de
177 2126 275 2190 modo
297 2125 431 2191 tenendi
454 2134 566 2191 utrum
592 2125 626 2191 in
650 2126 743 2192 feodo
765 2126 820 2191 uel
845 2126 887 2191 de
909 2126 1008 2191 ballio
1032 2148 1092 2191 nec
1116 2126 1217 2191 eciam

121 2236 201 2293 carta
213 2228 362 2315 loquitur
375 2229 416 2294 de
431 2229 567 2294 alicuius
582 2222 781 2295 successione
792 2251 853 2294 nec
863 2229 904 2293 de
915 2229 986 2294 iure
997 2228 1217 2305 hereditorio¹·‚

120 2331 351 2397 coum'deratum
377 2342 427 2397 est
452 2356 558 2398 coram
583 2333 653 2419 ipso
678 2334 774 2400 Dom.
797 2333 888 2419 Rege
911 2340 1061 2419 presente
1087 2333 1220 2399 Othone

120 2442 190 2499 tnnc
204 2434 332 2522 legato¹
345 2435 432 2519 quod
447 2444 536 2499 carta
550 2434 606 2500 illa
619 2458 685 2500 non
705 2443 755 2499 est
774 2434 934 2500 contraria
954 2434 1098 2520 predicte
1112 2433 1219 2499 iurate

120 2547 204 2622 capte
233 2539 270 2603 in
300 2538 391 2603 curia
420 2539 579 2604 Johannis
607 2539 715 2624 Regis,
744 2538 845 2604 immo
874 2560 932 2624 per
960 2538 1100 2604 iuratam
1128 2538 1219 2603 illam

118 2641 307 2727 exprimitur
328 2640 471 2726 qualiter
492 2640 580 2707 idem
604 2641 764 2707 Patricius
787 2648 868 2706 tunc
889 2642 1007 2720 tenuit,
1028 2664 1089 2706 nec
1111 2650 1161 2708 est
1184 2641 1220 2706 in

120 2745 200 2810 curia
213 2744 333 2830 aliquis
348 2743 389 2809 de
404 2744 612 2830 magnatibus
625 2745 684 2830 qui
699 2765 816 2832 eaque
831 2752 906 2810 acta
922 2745 1055 2810 fuerunt
1074 2744 1111 2809 in
1130 2745 1221 2810 curia

119 2846 203 2913 Dom
217 2849 242 2913 J
243 2846 381 2913 ohannis
395 2847 495 2934 Regis
509 2869 616 2913 coram
630 2847 816 2914 iusticiariis
835 2849 903 2913 suis
923 2849 1043 2914 audeat
1062 2848 1117 2914 uel
1136 2849 1220 2914 uelit

119 2951 296 3030 infirmare⁸,
313 2960 348 3016 et
367 2951 441 3017 ideo
460 2961 607 3018 remanet
626 2952 720 3017 Dom.
736 2953 809 3017 Rex
830 2952 941 3038 quiete
960 2953 995 3018 in
1015 2951 1133 3018 seisina
1151 2975 1219 3020 sua

118 3055 227 3122 Postea
250 3056 332 3121 dicit
358 3055 445 3120 idem
468 3055 652 3120 Willelmus
674 3054 760 3140 quod
781 3054 882 3119 nichil
903 3055 1023 3120 clamat
1044 3055 1085 3120 de
1107 3063 1219 3132 castro,

119 3177 171 3223 nec
185 3160 225 3226 de
240 3160 401 3226 comitatu
415 3159 479 3223 nior
469 3157 534 3224 de
549 3157 659 3245 gracia
673 3157 745 3223 etc.⁴
764 3158 777 3244 Ι

51 3259 88 3324 tt.
176 3264 287 3330 Asaisa
311 3263 406 3329 uenit
432 3263 638 3349 recognitum
662 3261 735 3349 quis
760 3260 937 3326 aduocatus
962 3269 1106 3347 tempore
1131 3259 1221 3346 pacis
1267 3241 1347 3346 iffi

119 3368 313 3450 presentauit
335 3366 486 3432 ultimam
508 3389 677 3452 personam
700 3388 763 3452 que
785 3374 985 3430 mortuaest
1006 3364 1049 3430 ad
1070 3363 1221 3431 ecclesias

118 3469 153 3534 de
171 3472 301 3537 Randes
322 3471 417 3536 etde
439 3470 592 3557 Hegham
612 3493 675 3557 que
695 3477 814 3534 uacant
835 3492 971 3554 quarum
991 3467 1220 3533 aduocaciones

119 3573 163 3639 W.
178 3575 294 3641 Comes
308 3574 350 3639 dc
366 3574 506 3639 Ferariis
520 3575 640 3639 clamat
660 3595 772 3638 uersus
792 3573 935 3638 Priorem
955 3571 997 3637 de
1018 3573 1166 3636 Lentone
1184 3578 1219 3635 et

118 3677 275 3744 hbbatcm
301 3678 343 3744 de
371 3677 554 3744 Torintona
582 3678 644 3742 ‘Eo
670 3676 783 3741 Abbas
812 3675 853 3740 de
882 3675 1035 3741 Toritona
1063 3673 1156 3738 uenit
1183 3681 1219 3738 et

118 3781 265 3866 cognouit
278 3781 557 3868 presentacionem
572 3781 672 3867 Regis
687 3779 818 3845 Ricardi
839 3787 874 3844 et
888 3802 947 3865 per
959 3777 1116 3844 iudicium
1131 3777 1219 3842 curie
1263 3835 1267 3842 .

118 3883 314 3969 recognitum
329 3884 394 3949 luit
409 3883 495 3969 quod
510 3883 597 3948 idem
611 3883 724 3948 Abbas
738 3882 839 3947 nichil
858 3881 938 3947 iuris
958 3881 1067 3968 potuit
1081 3881 1220 3948 clamare
1280 3915 1282 3919 ·

117 3983 149 4048 in
162 3985 431 4052 aduocacionibua
446 3985 519 4052 illis

147 4103 643 4233 1tlilmrillihllnfilidiiillatliiisummer
692 4105 913 4226 williriollldriielr..
916 4169 964 4216 422
975 4167 1001 4227 b
1012 4166 1076 4217 cites
1092 4167 1131 4218 thi
1122 4183 1145 4217 ra
1159 4183 1219 4220 case

118 4186 426 4362 pltllffiwoffiementron
434 4236 463 4284 ol
468 4235 511 4285 hrs
519 4249 642 4299 presence
693 4205 894 4360 Effioptoedlgge.
892 4232 1019 4356 ΜΤνιίὶοθ
1012 4232 1169 4361 Βιιέιιιιειιιιῑιιιιὲθιιι1
1185 4232 1218 4361 l{tyr

147 4363 239 4413 ³l’hio
246 4315 324 4414 decisi
315 4364 455 4427 ronegaina
457 4364 642 4428 toheraditary
694 4365 786 4415 Simon
797 4363 942 4414 Pateshull.

120 4428 259 4492 ahrieralty
274 4435 345 4480 must
367 4429 432 4481 hare
455 4430 518 4482 been
541 4441 575 4481 cu
595 4430 642 4480 im
