3167 5075
413 357 553 420 mnne,
573 357 638 408 nn.
653 345 757 420 1226,
778 359 844 410 aa
868 348 918 411 10.
1157 348 1221 410 569

134 533 193 598 Rex
220 533 337 598 clamat
360 553 475 598 uersus
503 531 669 598 Abbetem
692 529 732 596 ds
755 530 862 596 Forda
882 531 1010 596 racione
1031 531 1160 597 honoris
1182 531 1223 598 de

134 634 243 700 Brens’¹
259 635 316 721 qui
331 635 395 700 fuit
415 635 552 700 Hernici
571 634 631 700 filii
652 634 806 700 Comitis'
824 633 882 721 qui
901 656 988 698 nunc
1002 642 1053 698 est
1068 634 1104 699 in
1120 656 1221 700 manu

133 740 214 804 Dom.
226 739 326 827 Regis
340 749 400 805 eto.

189 843 230 908 Et
243 844 356 910 Abbas
370 843 464 909 uenit
479 851 513 908 et
528 843 608 908 dicit
622 841 709 930 quod
723 864 789 908 non
809 851 917 929 potest
935 865 1009 909 cum
1024 844 1118 910 Dom.
1134 844 1226 930 Rege

132 935 282 1032 placitare.
328 947 388 1012 Set
417 968 532 1012 uerum
562 946 637 1012 uult
666 945 780 1011 dicere.
840 945 1025 1010 Willelmus
1054 947 1094 1012 de
1124 947 1227 1032 Tracy

131 1050 323 1136 presentauit
342 1050 493 1116 clericum
517 1049 575 1136 qui
596 1051 715 1115 ultimo
737 1050 821 1115 obiit
841 1072 986 1136 persona,
1007 1060 1043 1116 et
1065 1052 1227 1116 Henricus

131 1155 166 1220 de
190 1157 296 1242 Tracy·
311 1156 399 1220 filius
422 1177 501 1220 suus
523 1163 637 1241 postea
658 1154 776 1220 hebuit
798 1154 1016 1220 hereditatem
1045 1155 1148 1241 patris
1176 1155 1228 1220 sui

131 1259 286 1325 Willelmi
332 1261 376 1325 Et
405 1282 520 1324 reuera
548 1259 729 1326 Werresius
758 1259 800 1324 de
829 1259 1001 1326 Pilesdona
1028 1261 1086 1347 qui
1110 1260 1228 1326 habuit

130 1371 239 1428 terram
247 1363 289 1428 de
301 1363 443 1428 Lintona
455 1385 528 1428 cum
540 1371 621 1449 pert.
633 1362 726 1427 dedit
735 1362 847 1427 domui
857 1362 898 1428 de
910 1362 1035 1428 Forda⁸
1046 1363 1228 1429 manerium

129 1467 164 1532 de
192 1468 333 1534 Lintona
360 1490 435 1533 eum
464 1476 545 1554 pert
601 1467 644 1532 Et
673 1465 750 1531 inde
779 1468 902 1553 profert
930 1476 1053 1532 cartem
1082 1467 1228 1533 eiusdem

130 1570 274 1636 Werresii
296 1593 360 1657 que
382 1571 504 1636 donum
526 1571 609 1637 illud
632 1578 780 1636 testatur.
825 1571 952 1636 Profert
981 1572 1083 1637 eciam
1105 1581 1228 1637 cartam

128 1672 255 1741 Hemioi
278 1676 319 1740 de
343 1676 446 1763 Tracy
470 1698 534 1762 que
560 1675 681 1740 donum
706 1673 789 1740 illud
812 1675 860 1740 eia
881 1675 1056 1742 confimat.
1101 1675 1229 1741 Profert

127 1779 221 1844 eciam
236 1788 360 1844 cartam
373 1780 474 1866 Regis
489 1781 512 1845 J
514 1779 652 1844 ohannis
666 1801 730 1865 que
745 1778 867 1843 donum
888 1778 969 1843 illud
989 1784 1139 1844 testatur.
1183 1780 1229 1844 Et

126 1883 193 1949 ideo
208 1885 343 1950 uidetur
357 1884 388 1949 ei
403 1883 490 1971 quod
505 1883 605 1949 assisa
619 1905 684 1948 non
699 1882 799 1947 debet
812 1881 889 1947 inde
903 1883 974 1947 fien'
989 1893 1050 1948 etc.

185 1988 228 2052 Et
251 2010 351 2073 super
375 1987 436 2052 hoc
461 1987 554 2052 uenit
579 1985 693 2050 Simon
714 1985 755 2050 de
779 1984 952 2049 Pilesdona
973 1993 1009 2050 et
1031 1985 1112 2050 dicit
1140 1985 1227 2071 quod

124 2089 286 2174 predictus
312 2089 496 2154 Willelmus
518 2089 559 2152 de
581 2089 684 2174 Tracy
706 2087 798 2153 dedit
819 2086 1002 2152 manerium
1023 2087 1064 2152 de
1086 2088 1229 2154 Lintona

125 2215 193 2258 cum
215 2201 298 2280 pert.
323 2193 494 2279 Sampsoni
519 2194 560 2258 de
583 2192 754 2258 Pilesdona
776 2191 970 2257 antecessori
991 2214 1059 2270 suo,
1081 2201 1116 2257 et
1139 2192 1227 2259 idem

124 2297 281 2384 Sampson
307 2285 415 2362 tenuit
440 2307 561 2362 terram
586 2295 676 2362 illam
702 2319 777 2362 eum
801 2304 884 2384 pert.
911 2304 983 2362 tota
1006 2297 1079 2361 uita
1103 2305 1227 2375 suaet

121 2411 230 2486 postea
254 2402 436 2470 Werresius
458 2401 546 2466 filius
572 2424 650 2466 suus
675 2402 832 2466 remansit
855 2401 891 2466 in
913 2401 1061 2466 custodia
1081 2401 1227 2467 eiusdem

120 2503 277 2572 Willelmi
292 2515 331 2571 ut
346 2505 401 2571 ille
417 2505 473 2592 qui
489 2505 553 2571 fuit
568 2504 653 2571 infra
664 2512 797 2583 etatem,
807 2513 841 2571 et
850 2513 930 2571 tunc
939 2505 1073 2570 uacauit
1083 2505 1226 2584 ecclesia,

120 2620 151 2675 et
177 2611 308 2676 racione
332 2610 478 2675 custodie
504 2610 596 2675 dedit
619 2610 706 2675 idem
737 2610 922 2676 Willelmus
947 2610 1114 2676 ecclesiam
1136 2610 1227 2675 illam

119 2715 229 2781 clerieo
245 2714 305 2801 qui
319 2713 437 2779 ultimo
451 2713 533 2779 obiit
547 2736 691 2799 persona,
706 2721 740 2779 et
755 2714 842 2800 petit
856 2714 1008 2779 seisinam
1019 2737 1112 2779 suam
1127 2715 1227 2781 talem

119 2820 244 2905 qualem
263 2819 449 2884 Willelmus
464 2818 582 2883 habuit
596 2818 723 2883 racione
739 2818 893 2884 custodie.

180 2924 225 2988 Et
245 2923 341 2988 Dom.
365 2924 435 2987 Rex
456 2921 537 2987 dicit
557 2922 643 3008 quod
663 2922 810 3008 predicta
830 2933 918 2987 terra
936 2923 1001 2988 fuit
1024 2923 1065 2988 de
1083 2922 1227 3009 predicto

119 3026 243 3106 honore,
264 3036 300 3094 et
321 3027 422 3093 honor
443 3028 504 3091 ille·
519 3035 570 3092 est
592 3027 627 3091 in
649 3049 747 3092 manu
768 3050 836 3104 sua,
854 3035 889 3092 et
910 3027 1038 3093 desieut
1059 3028 1172 3094 Abhas
1193 3036 1228 3092 et

119 3128 228 3194 Simon
244 3137 444 3217 cognoscunt
460 3128 546 3215 quod
561 3128 744 3193 Willelmus
759 3130 800 3194 de
816 3130 919 3215 Tracy
932 3131 1135 3214 presentauit
1149 3132 1228 3196 ulti·

117 3252 199 3297 mam
215 3218 399 3319 personam,
413 3231 499 3317 petit
514 3230 671 3295 saisinam.
682 3231 774 3297 illam·
788 3254 885 3318 quam
904 3233 1087 3311 Willelmus
1102 3233 1227 3299 habuit.

179 3334 224 3400 Et
240 3334 358 3400 Simon
372 3334 413 3399 de
428 3333 776 3419 Pilesdona.cognoseit
792 3344 914 3399 cartam
925 3335 1063 3421 predicti
1075 3336 1229 3402 Werresii

115 3438 328 3505 antecessoris
348 3438 456 3515 suist
478 3437 565 3524 quod
586 3438 697 3503 Abbas
721 3448 771 3504 est
790 3440 826 3504 in
845 3438 965 3504 saisina
986 3439 1027 3504 de
1049 3448 1120 3505 tota
1141 3448 1229 3507 terra

116 3541 155 3606 de
181 3543 336 3607 Lintona
383 3542 426 3606 Et
448 3541 522 3606 ideo
548 3542 785 3607 consideratum
809 3543 968 3629 estquod
991 3542 1105 3609 Simon
1125 3544 1230 3609 nichil

116 3646 254 3711 clamare
293 3651 402 3730 potest
439 3644 480 3709 de
517 3644 574 3708 illa
609 3644 728 3709 saisina
763 3645 952 3731 priusquam
987 3648 1228 3733 recuperauerit

116 3748 303 3814 manerium
332 3747 421 3812 illud.
467 3748 512 3812 Et
542 3748 654 3813 Abbes
676 3749 824 3834 quesitus
846 3760 958 3814 utmm
980 3751 1164 3817 Willelmus
1187 3751 1228 3818 de

115 3851 216 3937 Tracy
241 3862 391 3935 tempore
414 3872 479 3936 quo
500 3850 591 3915 dedit
613 3851 780 3915 ecelesiam
803 3852 893 3917 illam
914 3853 1023 3919 tenuit
1045 3862 1165 3918 terram
1186 3853 1234 3920 de·

115 3952 259 4019 Lintona
283 3952 319 4017 in
347 3952 519 4033 dominice,
546 3952 601 4017 uel
627 3952 661 4017 in
685 3954 833 4019 custodia
857 3978 932 4022 cum
954 3955 1124 4034 Werresio,
1148 3956 1229 4023 dicit

115 4058 200 4142 quod
215 4079 336 4122 reuera
350 4056 460 4121 nescit

146 4240 153 4270 ¹
172 4238 295 4303 Brayles,
312 4236 343 4285 B.
378 4236 425 4287 See
441 4236 508 4300 Dug.
525 4236 584 4287 Bar.
597 4236 647 4287 rol.
699 4238 862 4302 emolere,
876 4240 948 4293 1666.

117 4306 137 4361 l,
145 4319 174 4401 P
172 4304 254 4418 A6⁸12)
271 4364 327 4417 this
338 4366 428 4430 Hem
439 4365 496 4416 pitz
509 4367 595 4417 coum
607 4383 647 4417 we
698 4370 712 4417 ⁵
730 4303 827 4433 ὶῖἕῗτὲ
837 4306 931 4370 Abbey,
942 4308 1041 4371 Deion,
1052 4308 1165 4361 Monnst
1177 4310 1235 4360 rol..
