3167 5075
328 399 391 461 144
499 412 828 475 consuescens.
854 399 1013 475 1234-5,
1035 415 1097 464 111
1123 402 1258 466 18-19.

325 586 385 651 11111
399 587 529 652 Redulfi
545 588 586 653 de
602 588 801 654 Graueherst
816 611 875 654 neo
890 610 948 675 per
968 611 1043 653 eum
1063 588 1112 654 ibi
1131 596 1182 653 est
1200 610 1260 654 nec
1280 609 1340 674 per
1359 609 1437 651 eum

324 691 356 756 ei
370 691 527 757 liberatus
542 701 600 758 est.

391 796 434 861 Et
449 797 634 863 Willelmns
648 799 729 865 dicit
750 798 836 886 quod
856 800 920 865 fuit
940 800 975 864 in
995 822 1094 864 manu
1113 798 1216 886 ipsius
1235 798 1344 885 Helye
1363 805 1439 883 post

325 908 463 965 mortem
484 901 658 987 patrissui
679 910 713 965 et
735 902 770 967 in
791 902 888 967 domo
911 924 970 967 sua
991 910 1026 967 et
1047 901 1122 967 inde
1145 900 1296 989 producit
1314 911 1438 968 sectam

325 1012 388 1069 etc.

392 1108 435 1172 Et
450 1108 573 1195 Helyas
593 1107 674 1173 dicit
694 1116 729 1173 et
749 1108 912 1193 cognoscit
933 1109 1020 1194 quod
1042 1130 1156 1174 reuera
1176 1108 1351 1194 aliquando
1372 1108 1438 1174 fuit

324 1212 360 1275 in
382 1212 476 1276 domo
498 1219 612 1277 suaet
634 1210 721 1276 idem
744 1210 907 1276 Robertus
929 1211 1023 1277 illum
1043 1212 1090 1277 ibi
1110 1211 1248 1277 adduxit
1268 1220 1303 1277 et
1322 1221 1439 1299 postea

325 1339 401 1381 eum
437 1316 513 1383 inde
550 1316 688 1383 abduxit
717 1325 752 1381 et
780 1316 875 1381 illum
905 1316 1005 1381 habet
1033 1316 1118 1383 sicut
1147 1318 1259 1395 credit,
1288 1326 1323 1382 et
1351 1317 1437 1383 bene

324 1421 470 1486 defendit
484 1429 597 1486 contra
611 1421 718 1507 ipsum
733 1429 768 1485 et
782 1429 905 1485 sectam
920 1443 1012 1487 suam
1031 1421 1117 1508 quod
1132 1421 1240 1508 ipsum
1255 1444 1320 1486 non
1335 1422 1438 1487 habet

325 1549 384 1591 nec
399 1548 475 1591 eum
490 1526 607 1591 habuit
622 1548 681 1590 nec
697 1526 804 1613 ipsum
819 1526 953 1591 reddere
969 1536 1085 1613 potest.
1130 1527 1174 1591 Et
1188 1526 1261 1592 ideo
1281 1526 1438 1593 defendet

325 1653 359 1696 se
375 1630 428 1716 xij.
444 1652 543 1695 manu
559 1638 593 1695 et
609 1629 722 1695 ueniat
737 1652 811 1694 cum
827 1630 899 1718 lege
915 1638 974 1696 eto.
991 1630 1051 1695 tali
1066 1630 1119 1695 die
1134 1639 1194 1698 etc.

391 1735 434 1799 Et
464 1734 541 1820 quia
571 1733 694 1821 Helyas
724 1733 805 1798 dicit
835 1732 922 1819 quod
952 1733 1117 1820 predictus
1146 1733 1308 1799 Robertus
1342 1734 1439 1799 111111

325 1840 434 1917 habet,
463 1848 652 1925 preceptum
683 1846 733 1903 est
766 1838 952 1903 niceoomiti
988 1838 1178 1904 Bedefordie
1216 1838 1303 1926 quod
1340 1839 1440 1904 faciat

325 1942 464 2008 eundem
488 1941 668 2007 Robertum
689 1940 802 2005 uenire
823 1940 866 2005 ad
885 1941 973 2006 diem
993 1942 1086 2006 illum
1109 1951 1144 2007 et
1165 1964 1274 2007 secum
1295 1941 1441 2007 adducat

325 2046 506 2132 predictum
526 2044 688 2122 heredem,
703 2044 781 2130 quia
801 2044 889 2109 idem
909 2045 1048 2132 Helyas¹
1064 2045 1158 2131 quod·
1170 2045 1258 2110 idem
1274 2045 1441 2111 Robertus

325 2174 400 2215 eum
415 2150 552 2216 adduxit
572 2149 680 2235 sepius
700 2147 742 2212 ad
762 2148 895 2213 domum
915 2171 1008 2214 suam
1029 2157 1063 2214 et
1083 2149 1176 2215 illum
1198 2149 1275 2214 inde
1297 2148 1439 2214 abduxit

324 2262 359 2318 et
381 2253 467 2340 quod
488 2252 581 2317 illum
604 2251 711 2317 habet.
761 2252 807 2316 Et
828 2252 856 2316 si
882 2251 1044 2317 Robertns
1065 2253 1159 2318 illum
1181 2253 1335 2319 heredem
1357 2263 1440 2319 tunc

324 2358 496 2424 adduxerit
516 2360 570 2424 uel
591 2358 780 2446 cognouerit
800 2358 887 2446 quod
906 2359 1000 2424 illum
1021 2359 1141 2425 habeat
1161 2369 1240 2425 tunc
1254 2361 1298 2425 sit
1314 2361 1441 2447 Helyas

325 2462 455 2550 quietus
470 2462 510 2527 de
526 2463 605 2550 lege.

390 2568 507 2633 Postea
520 2568 562 2633 ed
573 2568 674 2633 alium
687 2569 774 2634 diem
788 2569 882 2634 uenit
892 2568 1057 2655 predictus
1069 2569 1192 2658 Helyas
1203 2578 1237 2634 et
1247 2570 1441 2658 recognouit

325 2674 503 2761 predictam
526 2674 705 2739 custodiam
730 2683 816 2738 terre
838 2681 872 2739 et
898 2673 1027 2739 heredis
1052 2673 1140 2738 illius
1163 2697 1232 2740 esse
1258 2674 1310 2739 ius
1335 2674 1441 2760 ipsius

325 2779 482 2844 Willclmi
504 2787 538 2844 et
560 2779 650 2844 illam
673 2779 703 2844 ei
725 2778 876 2844 reddidit.
922 2779 966 2843 Et
986 2778 1064 2864 quis
1083 2802 1147 2843 uon
1168 2778 1268 2844 habet
1283 2778 1439 2844 heredem

324 2883 418 2949 illum
433 2883 475 2948 ad
490 2906 623 2948 manum
638 2882 735 2948 datus
750 2891 801 2948 est
816 2883 863 2947 eis
882 2881 952 2947 dies
972 2891 1032 2947 etc
1049 2883 1196 2948 utillum
1210 2882 1327 2948 reddat
1341 2883 1438 2949 Dona

326 2988 484 3053 Nicholao
499 2987 540 3053 de
556 2987 710 3052 Neonilla
725 2987 778 3052 cui
799 2987 886 3052 idem
908 2986 1094 3052 Willelmus
1115 2987 1271 3053 concessit
1291 2998 1326 3053 01
1345 2988 1440 3054 dedit

324 3091 502 3179 predictam
534 3091 713 3156 custodiam
744 3098 829 3155 terre
859 3099 894 3156 et
919 3089 1047 3156 heredis
1072 3090 1158 3156 sicut
1184 3091 1255 3178 ipse
1284 3092 1440 3177 cognouit

325 3220 431 3263 coram
446 3195 632 3262 iusticiariis
647 3205 709 3261 etc.

390 3300 516 3366 ’Assisa
538 3299 632 3365 uenit
653 3300 861 3387 recognitum
882 3299 955 3386 quis
977 3299 1155 3365 aduocatus
1176 3308 1324 3386 tempore
1349 3301 1439 3386 pacis

225 3435 273 3466 roa
326 3405 529 3492 presentauit
549 3403 701 3469 ultimam
722 3425 893 3490 personam
914 3425 978 3489 que
998 3411 1128 3468 mortua
1146 3412 1197 3468 est
1211 3403 1253 3468 ad
1269 3404 1438 3469 ecclesiam

326 3511 367 3576 de
387 3510 593 3576 Chinnouere
614 3530 676 3595 quc
698 3530 818 3572 uacans
838 3516 888 3572 est
908 3507 1000 3573 cuius
1019 3507 1267 3573 aduooacionem
1286 3508 1379 3574 Prior
1398 3510 1439 3575 de

326 3610 574 3698 Wallingfordia
588 3611 707 3676 clamat
722 3632 835 3675 uersus
849 3609 1013 3697 Rogermn
1029 3610 1069 3675 de
1084 3611 1227 3697 Queucy.

393 3716 437 3780 Et
451 3715 598 3802 Rogems
612 3735 670 3799 per
685 3721 887 3778 attomatum
908 3737 1004 3778 suum
1024 3713 1117 3778 uenit
1137 3722 1172 3778 et
1191 3713 1275 3779 bene
1290 3715 1440 3781 concedit

326 3819 460 3886 assisam
476 3827 510 3883 01
525 3817 605 3882 (11011
617 3816 704 3903 quod
715 3815 850 3902 quidam
862 3816 1027 3881 Walterus
1038 3816 1078 3881 de
1090 3817 1225 3882 Vernnn
1235 3821 1441 3903 presentauit

327 3922 489 4010 quendum
505 3920 611 3986 Adam
627 3920 779 3986 clericum
796 3920 838 3985 ad
852 3919 989 3986 eandem
1000 3919 1167 3986 ecclesiam
1179 3921 1236 4007 qui
1247 3921 1290 3986 ad
1301 3923 1441 3989 eandem

327 4026 603 4115 presentocionem
626 4024 690 4090 fuit
712 4023 880 4101 admissus,
896 4031 931 4088 et
950 4022 1031 4088 dicit
1051 4023 1137 4110 quod
1156 4033 1376 4092 antecessores
1389 4029 1442 4094 sui

328 4133 514 4198 habuerunt
536 4140 656 4196 terram
679 4129 768 4194 illam
791 4129 952 4214 adquam
973 4127 1145 4194 aduooacio
1164 4129 1222 4195 illa
1238 4132 1386 4216 pertinet
1400 4133 1442 4198 de

329 4235 413 4301 dono
433 4235 535 4322 ipsius
555 4232 693 4298 Walteri
713 4241 747 4296 et
767 4230 854 4296 unde
874 4230 955 4296 dicit
974 4232 1062 4318 quod
1080 4235 1281 4318 presentacio
1295 4237 1443 4322 pertinet

329 4341 371 4406 ad
386 4363 469 4405 eum.

556 4466 807 4532 1s11ppryseras.
1036 4466 1219 4520 ’1111101
