3167 5075
438 422 589 485 murum,
612 422 675 473 ιιι.
701 408 797 482 1224,
817 423 880 471 ιιι
905 410 932 471 8.
1199 409 1241 472 63

149 594 285 682 homagio
300 602 334 661 et
348 592 485 661 seruicio
499 615 566 671 suo,
581 600 616 659 et
631 592 795 659 Henrious
809 592 899 657 illum
914 592 1025 659 tenuit
1038 592 1073 659 in
1092 592 1186 659 feodo
1207 602 1242 657 et

147 721 204 763 uon
217 698 250 763 in
264 697 418 775 custodia,
433 703 468 765 et
487 696 563 762 inde
586 696 708 782 profert
729 695 901 782 Philippus
921 694 964 763 de
986 695 1098 761 Gaunt
1119 704 1242 763 cortem

146 802 271 887 predicti
285 801 384 867 Aloni
399 823 463 887 que
477 800 600 865 donum
615 798 697 865 illud
713 807 861 867 testetur.
907 800 952 865 Et
966 799 1055 867 idem
1071 801 1243 887 Philippus

145 905 221 989 petit
249 928 361 971 uersus
391 904 528 971 eundem
551 902 748 970 Motillidem
769 904 851 969 dues
872 912 983 990 portes
1002 904 1092 970 illius
1113 905 1243 993 uirgato

145 1018 221 1075 terre
248 1032 323 1075 cum
348 1018 429 1096 pert
461 1018 500 1076 ut
530 1008 582 1074 iue
603 1030 699 1075 suum
721 1016 757 1073 et
778 1008 930 1073 similiter
949 1008 1086 1074 eundem
1109 1010 1244 1075 terciam

144 1122 259 1199 partem
274 1136 373 1201 quom
387 1113 411 1178 J
412 1112 522 1178 uliano
537 1113 656 1177 clamet
670 1111 776 1178 otius
790 1135 887 1178 suum
902 1120 937 1179 ct
951 1122 990 1178 ut
1004 1113 1060 1180 ille
1072 1113 1243 1201 Philippus

143 1219 194 1304 qui
214 1226 262 1285 est
285 1218 379 1283 hereo
401 1225 436 1283 et
458 1224 621 1283 worentue
642 1216 775 1281 Julione
798 1216 840 1281 de
861 1216 938 1283 doto
960 1239 1020 1283 suc
1042 1226 1077 1283 et
1098 1220 1243 1284 utillum

141 1323 293 1409 nugatam
308 1330 392 1389 terre
408 1344 482 1387 curn
497 1328 577 1407 pert,
593 1318 680 1385 undo
696 1319 860 1385 Henricus
873 1319 1040 1407 predictus
1054 1330 1149 1409 poter
1161 1344 1242 1387 suue

142 1426 200 1491 fuit
217 1426 347 1492 scisitus
368 1432 407 1490 ut
430 1423 471 1491 de
491 1424 562 1490 iuro
583 1430 618 1490 et
638 1422 673 1488 in
692 1422 854 1489 dominico
873 1433 909 1489 et
928 1424 964 1489 in
985 1426 1078 1491 feodo
1097 1434 1244 1513 tempore

143 1530 177 1597 R.
198 1530 297 1617 Regis
318 1528 475 1595 auunculi
498 1529 591 1595 Dom.
622 1528 723 1614 Regio
751 1526 908 1615 capiendo
936 1527 1014 1595 inde
1043 1531 1174 1617 expleta
1201 1531 1244 1597 ed

143 1634 314 1699 uelcuciem
332 1656 360 1699 v.
382 1632 437 1699 sol
459 1640 518 1699 etc
539 1639 574 1696 et
596 1629 636 1696 de
656 1630 712 1696 illo
735 1630 879 1697 Hemico
898 1629 1066 1697 descondit
1084 1633 1137 1699 ius
1158 1641 1243 1699 terre

142 1736 224 1803 illius
243 1738 352 1803 eidem
372 1735 525 1822 Philippo
544 1740 584 1799 ut
604 1733 671 1799 filio
692 1756 749 1799 suo
770 1742 805 1799 et
825 1734 938 1801 herodi
951 1757 1010 1801 euo
1025 1744 1060 1801 et
1073 1737 1135 1803 hoc
1149 1738 1244 1803 offert

142 1848 197 1907 etc
239 1842 282 1906 Et
297 1840 436 1907 Motillis
457 1838 603 1905 defendit
624 1838 677 1904 ius
697 1860 793 1905 suum
816 1847 852 1904 et
873 1839 1024 1905 eeieinom
1047 1840 1183 1905 Honrici
1204 1850 1244 1906 ut

138 1944 180 2011 de
201 1944 290 2011 feodo
312 1954 349 2010 et
370 1953 478 2010 totum
501 1952 561 2009 etc
577 1949 611 2007 et
626 1941 720 2028 ponit
734 1964 768 2007 eo
783 1942 818 2006 iu
833 1964 987 2028 magnum
1000 1943 1134 2009 oesieom
1147 1944 1243 2011 Dom.
1284 1981 1287 1987 ·

143 2048 235 2138 Regis
262 2058 298 2115 et
328 2050 415 2135 petit
444 2047 700 2135 recognicionem
728 2046 800 2112 ficri
827 2054 941 2111 utrum
968 2046 1041 2133 ipso
1064 2046 1170 2112 moiue
1191 2048 1243 2113 ius

143 2152 254 2218 hebeat
262 2150 399 2218 tenendi
407 2151 498 2215 illem
509 2150 672 2237 uirgatam
684 2158 768 2215 terre
779 2173 855 2215 cum
866 2158 948 2237 pert
959 2149 999 2215 de
1011 2150 1081 2237 ipeo
1092 2150 1243 2238 Philippo

143 2257 191 2322 uel
205 2258 377 2343 Philippus
391 2254 527 2321 tenendi
540 2254 575 2319 in
590 2252 759 2319 dominico.
803 2254 849 2319 Et
867 2254 942 2319 ideo
960 2254 1114 2340 procedat
1134 2255 1242 2332 mise

142 2368 173 2425 et
191 2360 326 2426 Julianc
346 2359 479 2425 interim
500 2367 666 2424 remaneat
687 2358 729 2424 de
751 2359 827 2424 dote
850 2380 909 2423 sua
930 2358 1009 2444 quie
1027 2359 1055 2423 ei
1070 2358 1241 2446 Philippus

140 2472 302 2551 recuperet
325 2462 477 2528 seisinom
501 2461 591 2527 illem
615 2470 694 2526 tunc
719 2462 839 2527 hebeat
858 2461 929 2548 ipso
948 2460 1059 2527 dotem
1078 2484 1171 2527 suem
1190 2462 1242 2527 sin

140 2577 244 2634 autem
259 2569 361 2634 nichil
376 2569 505 2634 habeat.

35 2669 108 2738 1027.
198 2673 304 2740 Aricia
334 2695 397 2759 quo
427 2671 491 2737 fuit
520 2693 601 2736 uror
628 2671 757 2736 Amulfi
787 2671 819 2736 le
848 2670 986 2735 Vineter
1013 2669 1100 2756 petit
1128 2691 1242 2734 cemus
1353 2708 1360 2721 ·

139 2773 318 2842 iohannem
340 2775 381 2840 de
404 2775 579 2840 Suthwerk
601 2783 635 2839 et
657 2773 854 2840 hlotillidem
876 2795 1010 2838 uxorem
1038 2773 1110 2838 eius
1138 2795 1241 2838 unum

140 2879 313 2966 mesegium
337 2901 412 2944 cum
432 2885 514 2964 pert.
534 2877 569 2943 in
590 2877 763 2943 Suthwerlr
783 2885 824 2942 ut
842 2876 953 2942 dotem
972 2899 1065 2942 eoum
1080 2883 1141 2942 etc.
1156 2875 1242 2942 uude

139 2981 329 3048 nominatim
344 2981 459 3048 dotato
472 2980 544 3048 fuit

199 3086 243 3152 Et
257 3087 426 3154 lohannes
441 3093 476 3150 et
491 3083 627 3150 Motillie
641 3085 780 3150 ueniunt
795 3093 831 3150 et
840 3083 955 3150 dicunt
966 3083 1052 3169 quod
1062 3083 1242 3150 diuorcium

140 3189 256 3256 fectum
271 3191 338 3256 fuit
351 3190 439 3256 iuter
451 3187 633 3276 predictum
650 3188 857 3275 Amulphum
868 3196 903 3253 et
913 3187 1092 3273 predictum
1103 3187 1243 3252 Aliciem

141 3294 178 3359 od
198 3295 470 3382 perquisicionem
492 3301 527 3358 et
549 3292 754 3358 uoluntatem
776 3291 879 3377 ipsius
900 3290 1005 3356 Alicio
1027 3313 1134 3357 coram
1149 3291 1242 3356 Dom

140 3397 293 3484 Episcopo
309 3397 516 3485 Wigomenei
531 3404 565 3462 et
579 3396 656 3462 inde
678 3396 800 3481 profert
821 3396 948 3461 litteras
969 3395 1071 3480 ipsius
1093 3394 1244 3482 Episcopi

141 3511 285 3586 potentes
308 3525 374 3588 quc
396 3502 457 3567 hoc
479 3509 643 3567 testentur
663 3509 698 3568 et
720 3499 793 3565 ideo
814 3500 930 3565 dicunt
951 3499 1038 3585 quod
1058 3521 1123 3564 non
1144 3498 1245 3565 debet

141 3603 245 3672 dotem
260 3607 390 3672 habere.

202 3709 246 3776 Et
259 3708 369 3776 Aricia
383 3709 443 3774 hoc
459 3715 566 3774 totum
580 3707 743 3794 cognoscit
755 3715 790 3772 et
801 3706 875 3772 ideo
884 3707 1051 3774 lohannes
1061 3714 1097 3770 et
1108 3706 1244 3771 Metillie

142 3808 212 3876 iude
226 3812 334 3898 quieti
348 3819 384 3877 et
399 3810 505 3876 Alicio
519 3811 553 3874 in
569 3809 786 3876 misericordie
800 3809 872 3876 cto.¹

35 3915 110 3986 1028.
200 3915 313 3982 Assise
334 3914 429 3980 uenit
451 3914 656 4001 recognitum
677 3913 749 4000 quie
774 3913 953 3979 eduocotue
982 3919 1128 3998 tempore
1156 3913 1245 3999 pecie

142 4020 341 4100 presenteuit
362 4019 515 4085 ultimam
536 4040 706 4105 personum
728 4041 791 4105 que
813 4026 943 4083 mortua
956 4025 1008 4083 eet
1021 4017 1064 4083 od
1077 4018 1245 4084 ecclesiam

143 4119 180 4185 de
201 4121 381 4210 Onotinges
403 4145 467 4208 que
489 4129 586 4187 uocat
608 4130 667 4188 otc
691 4121 783 4186 ouius
809 4121 1056 4186 uduocecionom
1085 4121 1177 4186 Prior
1203 4120 1245 4186 dc

145 4223 175 4290 S.
195 4225 303 4292 Neoto
326 4225 447 4290 clamat
467 4245 580 4289 uersus
602 4224 786 4290 Johonnem
816 4223 963 4290 Bosccrd
1008 4223 1052 4288 Et
1079 4223 1246 4289 Johonues

146 4330 311 4395 conuenit
327 4339 361 4395 ct
377 4330 455 4396 fecit
469 4329 622 4394 defaltum
635 4328 695 4393 tali
705 4328 758 4393 die
770 4337 830 4394 etc.
842 4327 891 4392 ito
900 4327 986 4414 quod
995 4327 1246 4393 resummonitue

611 4455 621 4490 ¹
638 4455 682 4506 Br.
695 4455 780 4505 thol.
