3167 5075
291 392 424 441 626666
445 391 520 440 666
542 392 768 455 sisinnum.
792 380 886 456 1221,
909 396 972 445 nn
996 386 1023 446 5.
1144 384 1208 447 425

176 564 217 627 Et
230 563 262 627 N
264 563 408 629 icholuus
422 564 516 629 uenit
530 572 565 628 et
580 563 727 631 defendit
745 567 935 633 societatem
955 576 990 633 et
1010 568 1133 634 262666ι
1147 577 1209 635 626.

119 669 157 731 Ε2
170 666 289 732 dictum
304 675 355 732 662
369 666 555 732 uicecomiti
574 667 662 754 quod
676 668 775 733 166162
788 670 1045 755 inquisicionem.
1092 671 1210 736 Postea

118 780 263 836 testatum
291 779 343 836 662
371 794 431 857 per
458 771 623 836 uillstnm.
637 795 730 837 66666
763 782 799 838 62
834 796 893 859 per
927 774 1025 839 611666
1061 775 1210 841 611162666

117 874 282 959 proximem
298 873 385 960 quod
399 874 483 939 latro
503 882 561 939 662
607 875 651 938 Ε2
665 874 740 940 ideo
753 875 782 941 61
796 876 904 942 Adam
919 878 1088 943 conuictus
1103 878 1211 957 fuerit,

117 976 191 1061 ipse'
221 976 335 1041 uodiet
370 975 524 1041 duellum
578 976 767 1043 Vioeoomes
801 978 909 1065 cupiet
943 980 1067 1067 plegios
1100 979 1142 1046 de
1172 1003 1211 1046 eo

116 1078 251 1143 habendo
264 1077 307 1143 ed
322 1080 515 1143 comitatum
529 1078 721 1164 proximum.

172 1182 272 1247 Item⁸
302 1191 337 1247 et
368 1183 482 1247 eodem
510 1182 607 1248 modo
642 1190 677 1247 et
706 1206 764 1269 per
793 1184 907 1250 eodem
936 1185 1038 1251 uerbo
1066 1187 1211 1273 appellat

117 1283 260 1349 Thomsm
275 1283 317 1349 de
333 1284 498 1349 Dichtone
511 1285 598 1371 quod
613 1308 688 1351 oum
702 1308 742 1351 eo
755 1286 906 1353 interfuit
920 1296 981 1355 eto.
993 1297 1028 1353 et
1042 1288 1102 1355 hoo
1117 1290 1212 1355 offert

115 1398 167 1455 eto

172 1494 213 1558 Et
238 1495 380 1559 Thomas
404 1495 499 1559 uenit
524 1502 559 1560 62
581 1494 728 1561 defendit
750 1505 811 1561 626.
832 1505 867 1562 62
889 1498 982 1583 ponit
1004 1518 1038 1563 66
1060 1506 1120 1563 626
1165 1498 1211 1565 Ε2

116 1597 217 1663 6111626
230 1598 320 1663 idem
335 1598 450 1664 dicunt
464 1598 506 1663 de
520 1620 560 1663 66
573 1597 659 1663 61662
672 1599 715 1664 de
729 1600 763 1664 N
765 1599 898 1668 icholeo.
943 1600 1037 1667 Idem
1051 1600 1209 1667 iudicium

115 1700 165 1767 1162
178 1702 217 1767 de
231 1726 279 1769 66.

170 1804 260 1871 Idem
282 1813 319 1870 et
340 1806 456 1871 eodem
477 1805 630 1871 modo'et
650 1828 711 1892 per
731 1806 846 1873 eodem
868 1808 970 1873 uerba
990 1816 1050 1873 etc.
1065 1808 1210 1895 appellet

114 1908 244 1975 Alunum
259 1909 484 1976 Ceoeotarium
499 1918 558 1975 626
575 1910 661 1995 quod
676 1910 827 1975 interfuit
841 1920 900 1976 626.
917 1920 952 1976 62
966 1912 1026 1977 hoc
1042 1920 1102 1977 etc.

169 2012 211 2075 ut
231 2012 361 2077 Alenus
383 2012 498 2078 eodem
517 2012 614 2077 modo
632 2014 798 2099 respondit
818 2013 903 2079 sicut
923 2013 1070 2080 Thomas
1115 2015 1211 2081 Vice-

113 2134 208 2179 oomes
221 2114 322 2180 266162
336 2113 583 2200 inquisicionem
598 2138 704 2180 coram
715 2115 902 2182 iusticiariis
913 2116 1027 2182 adhoc
1037 2118 1211 2183 6226666216

113 2217 201 2302 etos}
1269 2238 1326 2290 [²2⁴]

64 2320 85 2379 2
168 2320 302 2387 ’.166626
336 2320 424 2387 16266
457 2322 670 2388 Ρ62666111666
705 2322 746 2387 (16
776 2324 947 2389 Finemere
976 2333 1145 2411 petentem
1176 2333 1211 2391 62
1264 2346 1331 2386 666.

113 2540 184 2614 pert.
208 2531 245 2596 in
270 2531 443 2598 Finemere
469 2532 604 2619 ponitur
628 2533 665 2598 in
694 2543 877 2620 respectum
907 2558 1010 2621 66666
1038 2535 1081 2601 ed
1109 2537 1210 2602 telem

112 2633 189 2698 diem
204 2643 263 2700 626.
281 2657 341 2721 pro
360 2635 490 2702 defectu
510 2639 757 2725 recognit-orum,
772 2639 850 2724 quio
867 2640 976 2706 nullus
991 2641 1092 2719 uenit,
1108 2650 1142 2707 62
1160 2642 1210 2708 his

112 2743 276 2808 attechisti
299 2744 442 2819 fuerunt,
456 2750 491 2808 62
513 2742 588 2808 ideo
609 2766 721 2809 omnes
740 2745 842 2831 plegii
861 2744 897 2809 in
918 2745 1135 2812 misericordia
1149 2755 1210 2816 626.

111 2854 141 2909 62
155 2847 333 2913 uioeoomes
347 2846 468 2912 habent
482 2869 615 2932 corpora
629 2848 775 2912 omnium
790 2856 851 2914 etc.

65 2949 84 3010 9.
167 2951 348 3016 ‘Robertus
382 2951 498 3016 Purcel
527 2951 649 3037 optulit
678 2974 713 3016 66
741 2951 822 3036 iiij‘c
851 2951 904 3018 die
934 2973 1046 3018 666666
1075 2954 1210 3020 Petrum
1283 2983 1296 3012 ι

111 3053 205 3122 filium
231 3066 268 3122 et
293 3056 447 3122 heredem
470 3056 629 3122 Willelmi
656 3056 697 3120 de
721 3056 877 3122 Weetone
905 3055 946 3122 de
975 3057 1095 3143 placito
1124 3058 1210 3143 quod

112 3168 213 3226 266662
233 3163 265 3227 61
287 3162 389 3226 finem
409 3162 533 3227 fuctum
555 3183 662 3226 coram
682 3161 868 3226 iusticiariis
887 3161 976 3247 opud
991 3162 1210 3226 Westmonos-

112 3265 221 3330 terium
256 3274 405 3350 tempore
440 3265 479 3330 R.
510 3265 613 3351 Regis
641 3263 730 3329 inter
756 3265 919 3350 predictos
948 3263 1140 3330 1261611666Ι
1175 3273 1210 3330 62

114 3364 307 3432 Willelmum
330 3367 371 3432 de
393 3367 520 3433 duobus
542 3368 623 3454 uirg.
645 3376 730 3433 terre
750 3391 825 3432 cum
843 3377 925 3454 pert.
950 3369 986 3433 in
1009 3369 1211 3435 Sandewelln

112 3471 188 3536 unde
209 3473 440 3559 cirogrnphum
463 3481 522 3538 626.
568 3473 612 3537 Ε2
634 3473 752 3538 Petrus
771 3495 836 3538 non
852 3473 944 3538 uenit
959 3481 1019 3539 626
1065 3474 1108 3538 Ε2
1123 3473 1209 3538 6166-

112 3595 208 3641 comes
220 3576 395 3642 mandauit
410 3577 497 3662 quod
512 3599 577 3641 666
591 3585 703 3642 menet
717 3577 753 3641 in
774 3577 931 3643 6666612626
947 3577 1072 3642 Oxonie
1088 3586 1122 3642 62
1136 3577 1210 3643 ideo

112 3681 303 3747 attechictur
324 3681 361 3745 in
381 3681 539 3747 comitutu
563 3681 798 3746 Norhomtonie
821 3680 907 3766 quod
928 3680 972 3744 sit
995 3680 1053 3744 teli
1073 3681 1126 3746 die
1148 3689 1208 3750 etc.

113 3779 150 3844 Et
169 3783 340 3849 sciendum
364 3782 450 3869 quod
471 3782 594 3848 Α11616ο
617 3805 681 3867 666
703 3783 767 3846 1612
788 3804 870 3846 uxor
893 3783 1031 3868 predicti
1052 3783 1209 3849 Willelmi

112 3887 255 3953 6661262
283 3888 364 3953 dicit
388 3888 474 3974 quod
500 3888 656 3954 clamauit
681 3888 716 3953 in
739 3887 851 3953 dotem
879 3889 1058 3974 predictum
1088 3897 1208 3956 terram

111 4009 216 4056 666666
237 3992 456 4058 Eustochium
478 3993 594 4057 Puroel
616 3994 748 4058 fratrem
770 3991 873 4079 ipsius
895 3993 1037 4072 liuberti,
1052 3993 1101 4058 ita
1122 3994 1209 4080 quod

139 4113 587 4181 1666666662666616666,
600 4120 632 4169 Δ.
713 4119 903 4178 ο11.66.13(1;
920 4119 1034 4170 B.m.5.

139 4178 149 4210 ²
162 4182 294 4233 Nicholes.
714 4185 725 4218 ⁸
741 4185 772 4233 Δ.
783 4199 820 4233 m.
833 4184 902 4244 13d;
920 4185 950 4235 Β.
961 4199 997 4234 m.
1009 4186 1059 4236 tu.

138 4245 323 4299 1066616626.
714 4249 808 4298 726266
829 4251 968 4313 flodulfum
988 4251 1081 4302 Pureel
1109 4260 1209 4316 patrem

139 4311 227 4362 ‘'l'his
255 4329 339 4364 666666
366 4317 426 4376 port
453 4315 482 4364 of
507 4315 552 4364 2166
574 4329 633 4364 cnse
682 4316 763 4376 266266
773 4315 878 4364 Roberti
893 4317 1009 4379 petentis,
1027 4317 1061 4376 B;
1078 4318 1110 4366 Δ.
1121 4333 1209 4380 agrees

111 4373 172 4426 cited
186 4377 219 4441 by
236 4379 359 4439 Bronton,
378 4381 397 4429 2.
416 4381 472 4440 153,
489 4379 589 4442 though
611 4381 632 4429 12
682 4378 745 4430 with
756 4379 801 4429 the
812 4382 874 4440 text,
887 4379 935 4430 but
945 4385 1016 4430 must
1027 4381 1058 4431 be
1069 4398 1164 4446 wrong.

112 4438 166 4490 does
175 4447 222 4492 not
232 4444 311 4508 bring
321 4445 368 4496 out
377 4445 514 4495 Brocton’s
525 4445 608 4508 point.
715 4445 726 4478 ⁸
743 4447 828 4494 Alicio
839 4447 869 4494 de
880 4447 1022 4508 Beudeupcu
1039 4447 1070 4497 B.
