3167 5075
383 421 702 482 praesecuisse.
728 409 823 484 1219,ι
842 423 907 474 aa
931 409 1025 474 3-4.
1190 406 1255 476 717

537 1345 857 1422 APPENDIX.

489 1623 520 1686 A
546 1622 621 1688 Loet
643 1621 736 1707 Papa
758 1621 918 1688 Rectene

146 1863 221 1912 Nora
230 1863 327 1914 :-The
338 1863 470 1927 following
480 1879 554 1915 casea
565 1879 630 1915 were
641 1865 655 1914 1
666 1864 764 1914 believe
774 1878 810 1913 on
821 1863 867 1914 the
877 1863 989 1926 missing
1003 1877 1067 1925 page
1079 1854 1108 1912 oi
1122 1861 1168 1914 the
1179 1863 1256 1912 Note·

212 1945 293 2004 Book,
316 1945 401 1996 which
423 1961 488 1998 once
509 1961 583 1997 name
603 1946 718 1998 between
740 1947 811 1996 what
835 1961 881 1998 are
901 1961 961 1996 now
982 1947 1010 1996 fl.
1035 1949 1066 1996 10
1088 1946 1142 1998 and
1163 1948 1205 2005 11,
1226 1959 1257 1995 ao

211 2026 271 2077 that
290 2027 362 2078 these
385 2043 457 2079 cases
476 2028 552 2079 stood
569 2029 684 2080 between
701 2029 781 2080 (lases
799 2029 830 2081 67
850 2028 905 2080 and
924 2031 963 2080 68.
1000 2029 1056 2078 The
1073 2030 1134 2080 Bell
1149 2031 1173 2079 Δ
1189 2030 1257 2078 irom

211 2110 297 2160 which
313 2111 327 2160 1
344 2111 404 2162 take
421 2112 494 2162 them
510 2113 533 2162 is
550 2113 644 2162 Coram
660 2112 729 2174 Rege
744 2112 805 2162 Bell
821 2113 868 2163 No.
889 2113 917 2172 23
945 2111 1096 2161 B=Goram
1111 2113 1181 2174 Rege
1197 2111 1257 2161 Roll

211 2193 261 2242 No.
275 2193 298 2243 1.
332 2193 388 2243 The
398 2207 501 2257 procera
512 2193 541 2244 ol
550 2195 706 2244 restoration
718 2193 884 2244 isdescribed
893 2193 922 2243 in
933 2209 978 2258 my
988 2193 1180 2244 Introduction.

212 2391 339 2458 ‘Assisa
353 2391 447 2458 uenit
462 2392 667 2480 recognitum
681 2392 710 2457 si
725 2391 1024 2478 Asketillus⁹pater
1039 2392 1209 2457 Matillidis
1221 2400 1255 2456 et
1329 2421 1343 2448 u

144 2496 251 2563 Alieie
281 2496 389 2563 uxoris
420 2495 569 2561 Gaufridi
598 2496 628 2560 le
663 2495 886 2561 Parchiminer
919 2505 954 2561 et
989 2495 1162 2583 Reginaldi
1195 2496 1255 2561 filii

146 2601 289 2667 Simonis
314 2602 378 2666 fuit
403 2601 534 2666 seisitus
559 2600 593 2665 in
624 2600 784 2666 dominico
814 2625 872 2667 suo
902 2611 940 2668 ut
970 2602 1128 2667 defendo
1153 2602 1194 2667 de
1220 2601 1253 2687 ij.

145 2706 283 2792 uirgatis
298 2714 383 2771 terre
399 2729 473 2771 cum
487 2705 697 2791 pertinenciis
711 2706 747 2770 in
768 2706 908 2771 Burcote
930 2706 984 2771 die
1006 2729 1072 2793 qua
1088 2706 1170 2771 obiit
1184 2715 1255 2782 etc„

144 2832 244 2896 quam
261 2818 380 2875 terram
395 2810 558 2875 Robertus
573 2810 613 2874 de
635 2811 766 2875 Estcote
786 2819 887 2891 tenet,
902 2812 961 2897 qui
975 2812 1107 2878 uocauit
1121 2811 1197 2877 inde
1212 2811 1254 2876 ad

144 2920 325 2977 warantum
336 2912 515 2976 chricum
528 2912 568 2976 de
585 2912 754 2999 Braybroc‚
764 2913 821 2999 qui
832 2913 925 2978 uenit
937 2926 971 2977 et
982 2913 1013 2978 ei
1022 2913 1254 2989 warentizauit,

143 3025 179 3081 et
194 3015 326 3081 uocauit
341 3013 417 3080 inde
437 3015 480 3080 ad
499 3024 679 3080 warantum
697 3015 873 3080 Ricardum
891 3016 994 3081 filium
1017 3016 1185 3095 Simeonis,
1206 3016 1255 3080 ita

143 3122 232 3208 quod
249 3120 406 3185 Ricardus
420 3120 638 3185 summonitus
653 3120 716 3185 luit
731 3121 772 3185 ad
793 3144 863 3185 esse
882 3144 903 3186 a
924 3121 978 3184 die
999 3122 1030 3186 S.
1049 3120 1121 3186 Joh.
1138 3121 1172 3184 in
1187 3128 1254 3184 tres

142 3224 344 3311 septimanas
359 3232 393 3288 et
413 3233 493 3288 tunc
508 3246 571 3288 non
590 3223 682 3289 uenit
697 3232 756 3289 etc
802 3225 846 3288 Et
861 3224 934 3289 ideo
949 3223 1187 3289 consideratum
1203 3234 1254 3289 est

142 3328 232 3415 quod
268 3327 368 3393 assisa
404 3325 557 3412 procedat
594 3350 652 3413 pro
681 3326 811 3391 defectu
840 3328 942 3413 ipsius
979 3327 1119 3406 Ricardi,
1155 3338 1189 3393 et
1225 3329 1254 3394 si

143 3432 308 3498 Henricus
332 3432 466 3496 amittat
489 3453 548 3517 per
571 3430 713 3507 assisam,
735 3439 905 3516 recuperet
927 3454 1040 3496 uersus
1068 3431 1253 3497 Ricardum.

142 3537 204 3602 Set
221 3536 352 3621 ponitur
366 3534 401 3598 in
416 3543 598 3619 respectum
614 3556 716 3619 usque
732 3534 767 3598 in
782 3534 853 3600 Oce
871 3535 902 3600 S.
919 3534 985 3602 Hil.
1001 3557 1095 3621 prece
1110 3536 1255 3623 petentis

142 3662 202 3726 pro
217 3638 346 3703 defectu
362 3638 611 3725 recognitorum,
631 3638 708 3725 quia
728 3646 860 3703 tantum
880 3638 992 3703 decem
1011 3648 1173 3705 uenerunt
1192 3651 1253 3707 etc

142 3750 179 3807 et
195 3742 375 3807 uiceeomes
390 3741 510 3806 habeat
525 3764 657 3828 corpora
671 3742 832 3809 aliomm'.

57 3911 63 3922 ‚
209 3844 383 3932 ⁴Magister
410 3846 596 3910 Alexander
621 3847 661 3911 de
688 3847 840 3912 Dorsetia
862 3848 983 3933 optulit
1004 3872 1039 3914 se
1061 3856 1177 3935 quarto
1199 3830 1252 3914 die
1282 3873 1399 3915 soranae

142 3968 258 4013 uersus
279 3948 445 4033 Rogerum
470 3947 511 4012 de
533 3946 664 4026 Auder’,
689 3949 883 4014 Gaufridum
905 3948 1010 4016 filium
1040 3949 1188 4014 Gaufridi
1218 3958 1253 4015 et

144 4048 348 4115 Willelmum
359 4048 400 4113 de
410 4048 553 4114 Lattona
561 4048 601 4115 de
617 4050 737 4136 placito
750 4051 835 4137 quod
848 4050 986 4116 reddant
1002 4051 1033 4116 ei
1042 4074 1114 4118 xxv.
1129 4075 1252 4117 mareas

142 4177 225 4241 quas
240 4152 272 4219 ei
293 4154 415 4219 debent
433 4176 491 4240 pro
513 4154 657 4219 Jordano
680 4155 834 4242 Heyrun⁶
857 4154 950 4221 cuius
971 4155 1072 4242 plegii
1092 4156 1155 4242 ipsi
1174 4166 1252 4222 sunt

176 4319 185 4350 1
203 4318 234 4367 a.
246 4332 280 4369 m.
297 4319 327 4367 12
339 4316 371 4379 e;
388 4318 418 4369 Β,
433 4332 466 4368 m.
481 4321 506 4369 9.
725 4323 797 4382 1999,
812 4322 884 4379 1994,
901 4290 979 4373 1999.ι

175 4384 187 4415 ²
203 4384 352 4441 Anketr'nne,
364 4384 394 4433 B.
755 4388 766 4419 ⁴
782 4388 813 4438 Δ.
826 4401 863 4435 m.
876 4388 920 4445 13;
937 4388 968 4438 B.
982 4402 1017 4439 m.
1033 4388 1065 4439 10
1075 4387 1101 4439 d.

174 4449 186 4481 ⁸
203 4448 255 4497 For
271 4448 336 4497 later
353 4448 519 4512 proceedinge
536 4464 578 4500 aee
594 4450 672 4501 Casea
755 4452 766 4485 ⁵
783 4454 904 4517 Hoynm,
916 4452 949 4503 B.
