3167 5075
334 390 569 452 menimis,
591 391 655 442 nn.
680 379 775 455 1225,
796 390 858 442 in
883 340 998 442 9410.
1152 377 1216 440 523

180 567 223 632 Et
237 565 372 632 Metillis
386 564 467 632 dicit
481 563 569 650 quod
582 585 648 631 non
662 563 802 630 aduocat
816 564 960 630 eundem
981 563 1161 629 Robertnm
1176 562 1218 627 ad

120 677 302 747 warantum,
316 692 376 734 nec
390 669 432 734 de
452 691 491 734 eo
510 680 623 734 tenere
642 669 770 746 clamet,
784 668 885 732 immo
906 675 999 734 tenet
1010 665 1121 732 'filiam
1137 666 1218 732 Wil-

119 772 202 838 lelmi
216 772 426 858 primogeniti
439 771 500 838 filii
519 772 658 858 predicti
677 771 814 838 Roherti
828 771 870 836 nd
884 779 1070 849 warentem,
1084 779 1118 835 εὴ
1133 770 1219 856 petit

118 874 189 938 inde
211 874 367 940 iudicium
393 875 521 941 desicnt
544 876 708 943 Robertus
734 875 898 963 cognoscit
924 873 1011 961 quod
1034 873 1219 940 Willelmuc

118 977 202 1044 inde¹
215 979 300 1045 obiit
317 980 395 1045 indo
414 978 569 1046 scisitue'.
614 981 660 1045 Et
678 977 757 1068 quie
778 978 916 1044 Matillis
938 977 1117 1044 deeduocet
1139 999 1219 1042 eun·
1255 1034 1261 1047 ,
1344 989 1348 994 “

115 1080 187 1146 dem
211 1081 394 1148 Robertum
419 1083 463 1150 nd
486 1092 667 1148 warantum
689 1093 725 1150 et
750 1083 838 1150 idem
863 1083 1027 1148 Robertus
1056 1081 1219 1167 cognoscit

117 1184 197 1270 quod
211 1185 398 1250 Willelmus
411 1186 512 1250 frater
531 1209 610 1250 suus
629 1186 866 1274 primogenitus
887 1185 970 1251 obiit
990 1183 1068 1250 inde
1089 1183 1220 1252 seisitus

115 1299 147 1354 et
168 1289 269 1358 habet
289 1289 444 1354 heredem
467 1289 533 1358 scii
552 1289 735 1375 predictam
756 1290 941 1356 Johnnnnm
966 1311 1029 1374 que
1053 1298 1103 1353 est
1126 1288 1219 1354 heres

114 1393 254 1460 eiusdem
280 1393 448 1471 Willelmi,
474 1403 510 1460 et
536 1395 614 1480 quia
639 1394 776 1460 Matillic
803 1393 905 1460 nichil
930 1392 1136 1479 recuperauit
1160 1413 1219 1478 por

113 1497 297 1562 warentiam
326 1497 428 1582 ipsius
457 1498 602 1576 Roberti,
628 1498 867 1564 consideratum
892 1505 943 1562 est
970 1496 1055 1583 quod
1082 1497 1219 1561 Metillis

114 1609 277 1668 teneatue
297 1601 339 1668 nd
353 1603 544 1668 warentiam
566 1602 711 1688 predicte
732 1602 883 1668 Johnnne
904 1625 1008 1687 usque
1031 1601 1073 1666 nd
1095 1609 1217 1666 etatem

113 1704 209 1789 ipsius
222 1706 245 1771 ,J
247 1705 384 1785 ohanne,
396 1715 431 1772 ct
442 1707 530 1794 quod
544 1707 706 1772 Robertus
720 1706 854 1771 interim
868 1705 968 1770 nichil
983 1704 1091 1791 capiat
1105 1727 1219 1770 uersus

112 1830 179 1874 eom
193 1810 235 1876 de
249 1810 307 1875 illo
327 1810 462 1876 eenricio
483 1817 543 1876 etc
559 1819 595 1876 et
614 1810 778 1876 Robertus
800 1810 844 1876 sit
864 1810 900 1874 in
922 1808 1140 1875 misericordia
1161 1831 1219 1895 pro

111 1911 229 1978 iniusta
241 1914 414 1979 exaccione
428 1923 488 1980 etc.
507 1914 513 2000 Ι

60 2029 81 2092 .·,
170 2016 351 2084 ‘Henricun
383 2018 425 2084 de
454 2018 617 2104 Brnyhroc
644 2025 680 2084 et
712 2016 857 2084 Oristino
885 2041 968 2082 uxor
999 2017 1070 2084 eius
1098 2023 1218 2104 petunt
1316 2084 1334 2116 e,

111 2143 219 2188 uersus
240 2121 422 2188 Redulfum
443 2122 484 2188 de
508 2122 540 2187 la
561 2123 686 2187 Bruera
704 2145 806 2186 unam
826 2145 930 2188 ceruc.
945 2130 1031 2187 terre
1046 2144 1121 2187 cum
1134 2129 1218 2208 pert.
1272 2156 1275 2162 v

110 2223 288 2293 inHulmo
306 2233 347 2290 ut
369 2225 421 2291 ins
443 2225 590 2290 eiusdem
613 2225 763 2304 Oristine,
778 2225 865 2291 unde
888 2225 976 2290 Elias
998 2226 1105 2291 Foliot
1126 2233 1219 2291 ante·

111 2351 210 2393 cessor
224 2329 373 2394 eiusdem
389 2329 531 2395 Cristine
545 2329 610 2394 fuit
624 2328 755 2394 seieitue
765 2329 800 2393 in
811 2329 972 2394 dominico
984 2337 1053 2407 etc,
1062 2330 1218 2416 capiendo

111 2432 270 2514 indocte,
291 2442 326 2499 et
346 2433 387 2500 de
405 2434 492 2520 ¹Elye
513 2442 573 2501 etc
594 2434 763 2501 descendit
784 2435 837 2500 ius
858 2443 944 2500 terre
965 2435 1054 2501 illius
1076 2435 1219 2500 Roherto
1291 2505 1293 2512 ,

111 2539 197 2605 fiatri
223 2562 295 2617 suo,
321 2538 420 2605 etde
444 2539 588 2605 Roberto
610 2538 750 2605 Ricmdo
774 2540 842 2605 filio
866 2562 932 2617 suo,
956 2548 991 2605 et
1016 2540 1057 2606 de
1081 2540 1219 2605 Ricerdo

111 2642 270 2731 Margarie
291 2644 358 2709 filie
380 2666 448 2719 sue,
468 2653 503 2709 et
526 2644 567 2710 de
591 2644 754 2730 Margana
777 2644 841 2731 ipsi
865 2644 1007 2710 Oristine
1030 2652 1069 2709 ut
1092 2644 1159 2711 filie
1183 2652 1218 2709 et

112 2747 218 2813 heredi
239 2770 309 2824 sue,
328 2756 364 2813 et
385 2747 471 2832 quod
493 2747 543 2813 ite
563 2746 608 2811 eit
631 2747 726 2811 offert
750 2755 810 2811 etc
831 2768 890 2832 per
911 2768 1027 2833 corpus
1050 2746 1218 2812 cuiusdam

112 2849 201 2915 liberi
222 2849 366 2915 hominis
386 2850 439 2915 sui
454 2848 611 2915 Willelmi
632 2848 693 2913 filii
714 2848 835 2935 Rogeri
855 2847 885 2913 le
906 2848 1142 2935 Chempenays,
1161 2848 1219 2935 qui

112 2953 167 3019 hoc
189 2954 288 3020 offert
311 2962 372 3021 etc.
396 2976 455 3041 per
477 2976 592 3039 corpus
614 2976 711 3018 suum
733 2954 820 3018 sicut
844 2953 885 3017 de
909 2953 984 3019 uisu
1008 2961 1043 3019 et
1066 2961 1219 3039 precepto

113 3058 228 3145 Rogeri
241 3059 346 3145 petris
360 3058 421 3135 sui,
436 3066 470 3123 et
484 3058 513 3123 si
527 3058 568 3123 de
583 3081 622 3124 oo
636 3067 696 3123 etc

173 3164 217 3227 Et
232 3162 395 3227 Redulius
409 3162 503 3227 uenit
517 3170 552 3227 et
567 3172 664 3228 uocat
677 3162 720 3228 ed
734 3170 915 3228 warantum
929 3162 1006 3229 inde
1021 3163 1217 3229 Gilibertum

112 3264 150 3329 de
175 3266 300 3343 Gaunt,
326 3266 384 3352 qui
407 3265 501 3331 uenit
524 3288 584 3351 per
608 3274 812 3331 attornatum
837 3288 933 3331 suum
958 3288 1018 3351 per
1042 3266 1219 3331 summoni-

112 3368 234 3435 cionem
249 3369 284 3435 ei
297 3371 416 3435 factam
432 3379 467 3435 et
481 3370 513 3435 ei
527 3371 715 3435 warentiznt
729 3380 791 3436 etc.

173 3472 217 3539 Et
232 3472 398 3539 Henricus
411 3480 447 3537 et
467 3471 631 3538 Gristinna
650 3481 771 3558 petunt
790 3496 905 3539 uersus
926 3496 1002 3538 eum
1024 3493 1083 3559 per
1104 3472 1217 3539 eedem

112 3576 209 3641 uerba
222 3598 289 3662 que
304 3576 394 3661 prius
408 3582 468 3641 etc

174 3680 219 3746 Et
246 3680 427 3745 Gilibertns
448 3702 507 3766 per
531 3687 733 3745 attornatum
760 3703 856 3746 suum
885 3681 979 3746 uenit
1009 3690 1044 3746 et
1072 3681 1218 3747 defendit

112 3804 219 3848 eorum
235 3784 288 3848 ius
303 3791 364 3848 etc.
378 3792 413 3849 et
428 3784 580 3849 neieinam
596 3783 667 3848 Elie
682 3792 717 3849 et
736 3793 844 3850 totum
860 3784 900 3849 de
916 3785 1015 3850 uerbo
1030 3784 1066 3849 in
1080 3785 1217 3850 uerbum

112 3908 299 3973 percorpus
313 3887 480 3953 cuiusdam
497 3888 592 3954 liberi
610 3887 750 3953 hominis
764 3888 816 3953 sui
832 3888 981 3954 Geufridi
995 3889 1025 3954 le
1042 3888 1145 3967 Oriur,
1160 3890 1218 3975 qui

113 3990 281 4057 hocoffert
295 3991 469 4057 defendere
487 4014 547 4077 per
566 4014 682 4077 corpus
703 4014 801 4056 suurn
822 3991 907 4057 sicut
928 3991 1018 4058 curie
1038 3992 1218 4058 considero

113 4096 204 4161 uerit
229 4149 234 4157 .

175 4199 424 4265 consideratum
448 4208 498 4266 est
521 4198 606 4289 quod
629 4199 774 4265 duellum
795 4199 839 4264 sit
859 4199 945 4263 inter
964 4222 1018 4264 cos
1033 4208 1092 4265 etc.
1137 4200 1217 4275 Dios
