3167 5075
380 408 445 473 308
610 404 845 478 montannos,
866 402 931 466 nn.
955 398 1252 477 1217,‘nn·1—2;

380 594 443 662 fuit
458 590 620 675 intereos,
635 590 823 682 etquidem
843 590 1060 679 recognitores
1076 586 1269 656 summoniti
1288 587 1414 654 fuerunt
1432 586 1464 651 ad

380 698 515 765 faciend'
530 698 661 764 assisam
678 706 712 763 et
727 706 888 763 testatum
902 694 967 760 fuit
981 717 1040 781 per
1053 693 1176 758 rotulos
1190 692 1277 778 quod
1292 692 1379 778 priua
1388 700 1465 775 cepta

381 802 445 867 fuit
470 810 506 867 et
530 800 686 866 remansit
708 800 810 887 ‘super
833 797 1015 864 iudicium¹.
1059 796 1196 862 Dictum
1219 804 1270 861 est
1291 794 1467 861 iuratoribus

381 906 468 993 quod
481 903 672 971 remaneant
687 912 747 969 etc.
1395 901 1399 906 ”

249 1012 343 1074 1300.
446 1008 558 1073 Assisa
580 1007 673 1072 uenit
696 1006 902 1094 recognitum
924 1005 999 1092 quis
1023 1004 1202 1071 aduocatos
1226 1012 1372 1089 tempore
1394 1000 1471 1088 pac'u

264 1112 323 1152 Μ
381 1110 583 1198 presentauit
597 1108 747 1174 ultimam
763 1107 933 1195 personam
954 1130 1017 1195 que
1037 1116 1167 1172 mortua
1186 1114 1237 1171 est
1256 1106 1300 1171 ad
1319 1105 1469 1170 eeclesiam

381 1212 422 1279 de
443 1214 677 1299 Swynuertona
696 1232 759 1297 que
779 1218 885 1288 uacat,
908 1210 1001 1275 cuius
1024 1208 1272 1275 aduocacionem
1296 1208 1390 1271 Donn
1411 1206 1471 1270 Rex

380 1317 500 1383 clamat
514 1338 627 1381 uersus
642 1315 785 1380 Priorem
799 1314 841 1379 de
863 1314 1106 1379 Kenillewrthe.
1152 1313 1218 1394 Qui
1237 1311 1333 1377 uenit
1354 1320 1388 1376 et
1406 1310 1472 1374 dicit

381 1419 467 1505 quod
486 1419 586 1485 assisa
604 1440 669 1483 non
691 1417 789 1482 debet
810 1415 886 1481 inde
905 1416 978 1483 fieri
990 1416 1073 1502 -quia
1085 1415 1220 1480 ecclesia
1233 1414 1292 1479 illa
1305 1436 1371 1478 non
1381 1422 1471 1485 uacat,

379 1524 480 1588 immo
494 1523 564 1609 ipse
588 1530 623 1588 et
647 1521 791 1587 canonici
815 1522 856 1587 de
881 1520 1116 1586 Kenillewrthe
1130 1528 1218 1585 sunt
1242 1518 1319 1584 indo
1343 1540 1469 1605 persona

379 1628 424 1692 Et
453 1627 530 1693 inde
558 1627 680 1713 profert
710 1635 833 1691 certam
863 1626 999 1691 Roberti
1027 1625 1068 1691 de
1099 1626 1328 1690 Swinuertona
1355 1626 1389 1690 in
1418 1645 1471 1709 qua

379 1730 565 1797 continetur
586 1728 785 1815 quodidem
808 1728 972 1794 Robertus
995 1751 1052 1816 pro
1074 1728 1185 1794 anima
1210 1729 1314 1815 patris
1339 1728 1390 1792 sui
1411 1726 1472 1791 etc¹

379 1834 511 1899 ecclesie
537 1834 650 1899 Sancti
674 1832 796 1898 Wlfadi
818 1832 859 1899 de
885 1833 1019 1899 Stanea⁸
1042 1842 1076 1898 et
1100 1832 1262 1899 canonicis
1285 1832 1405 1898 ibidem
1420 1830 1470 1895 deo

378 1936 596 2002 seruientibus
618 1936 772 2023 quicquid
792 1935 872 2001 iuris
893 1934 1010 2007 habuit
1029 1936 1064 2001 in
1084 1936 1219 2001 ecclesia
1238 1937 1279 2002 de
1301 1936 1471 2002 Shwinuer-

377 2049 457 2106 tona
477 2042 561 2105 cum‘
578 2039 728 2105 omnibus
750 2047 832 2125 pert.
857 2040 925 2105 suia
947 2040 983 2104 in
1006 2062 1122 2127 puram
1137 2048 1197 2106 etc.
1244 2040 1370 2105 Profert
1383 2038 1471 2104 eciam

378 2150 500 2210 cartam
525 2142 676 2229 Hugonis
701 2142 926 2213 Couintrensis
952 2140 1118 2229 Episcopi⁴
1144 2165 1208 2229 que
1235 2150 1377 2208 testatur
1398 2138 1473 2226 quod

377 2246 465 2311 idern
489 2244 530 2310 ad
554 2245 831 2331 presentacioner'n'
855 2244 973 2309 Prioris
996 2253 1031 2309 et
1053 2245 1281 2310 canonicorum
1305 2244 1346 2309 de
1368 2243 1473 2309 Stanes

377 2349 469 2415 dedit
497 2348 663 2415 ecclesiam
689 2349 779 2413 iilar'n
806 2348 879 2414 Ade
906 2349 1081 2435 Capeliano
1105 2348 1142 2413 in
1166 2371 1284 2435 puram
1308 2357 1367 2414 etc
1391 2345 1473 2411 salua

377 2454 531 2542 pensione
547 2452 684 2519 duorum
699 2452 875 2517 solidorum
889 2452 1012 2517 eisdem
1026 2452 1188 2517 canonicis
1203 2462 1263 2517 etc

388 2610 389 2622 ,
444 2560 488 2625 Et
502 2558 665 2624 Robertus
678 2557 721 2624 'de
737 2557 887 2624 Ohelucs’
902 2557 1037 2623 clericus
1051 2558 1308 2644 presentatuaad
1321 2554 1475 2622 ecclesiam

378 2661 469 2727 illam
483 2685 542 2749 per
561 2663 655 2727 Dom.
672 2661 802 2748 Regem
821 2660 916 2725 uenit
937 2669 972 2725 et
994 2661 1074 2726 dicit
1096 2661 1183 2747 quod
1204 2661 1299 2728 Dorn
1320 2663 1388 2726 Rex
1406 2682 1477 2725 eum

379 2766 581 2854 presentauit
595 2765 722 2832 racione
739 2773 825 2830 terre
840 2764 880 2830 de
897 2765 1123 2831 Swinuertona
1137 2765 1195 2830 ubi
1209 2766 1274 2830 sita
1288 2769 1339 2831 est
1351 2763 1483 2831 ecclesia

378 2869 437 2935 illa
459 2881 527 2956 que
547 2879 634 2935 terra
657 2869 721 2934 fuit
745 2869 780 2934 in
804 2891 905 2934 manu
930 2869 1024 2934 Dom.
1054 2869 1155 2955 Regis
1183 2891 1223 2934 eo
1252 2879 1479 2956 temporeque

378 2995 514 3059 persona
527 2973 616 3038 illius
632 2971 764 3038 ecclesie
779 2971 871 3048 obiit,
883 2994 921 3037 eo
936 2971 1023 3059 quod
1032 2972 1197 3037 Robertus
1208 2973 1481 3038 de'Swinuertona

379 3077 467 3141 filius
482 3076 619 3162 predicti
634 3075 772 3141 Roberti
792 3076 850 3162 qui
870 3075 1021 3141 dominus
1041 3085 1092 3142 est
1110 3085 1200 3141 terre.
1216 3076 1305 3142 illius
1319 3077 1386 3142 fuit
1405 3089 1482 3141 tunc

379 3181 534 3266 temporis
563 3181 597 3244 in
624 3179 813 3258 sentencia⁸,
837 3187 873 3245 et
898 3180 1004 3245 adhuc
1028 3181 1177 3266 sequitur
1203 3180 1293 3246 illam
1322 3190 1483 3267 presenta-
1537 3240 1538 3269 p

379 3284 513 3362 cionem,
528 3291 563 3348 et
576 3283 698 3370 profert
713 3283 840 3348 litteras
854 3290 1006 3369 patentes
1017 3283 1163 3349 eiusdem
1175 3284 1312 3349 Roberti
1323 3285 1356 3349 in
1368 3285 1484 3371 quibus

379 3387 565 3453 continetur
579 3386 665 3472 quod
679 3385 749 3472 ipse
764 3395 868 3450 ratam
885 3393 920 3451 et
934 3394 1063 3472 gratam
1078 3387 1195 3451 habuit
1208 3387 1484 3473 presentacionem

379 3490 473 3555 Dom.
498 3488 604 3575 Regis.
650 3488 694 3552 Et
718 3487 796 3575 quia
818 3487 981 3554 Robertua
1006 3486 1048 3554 de
1073 3487 1302 3554 Swinuertona
1322 3489 1379 3576 qui
1400 3510 1486 3553 nunc

379 3595 480 3660 habet
502 3591 731 3658 terramillam
752 3591 900 3658 nonfuit
922 3614 1053 3678 presens
1074 3613 1137 3658 nec
1156 3593 1251 3658 Dom.
1272 3593 1344 3658 Rex
1363 3591 1489 3680 aliquid

380 3699 459 3765 iuris
473 3699 611 3763 clamare
626 3697 736 3784 potuit
750 3697 815 3762 nisi
829 3719 888 3782 per
901 3697 954 3762 iu's
964 3697 1067 3784 ipsius
1078 3698 1224 3776 Roberti,
1237 3697 1489 3765 Confidemtum

379 3813 430 3869 est
445 3803 531 3890 quod
545 3802 615 3889 ipae
629 3810 876 3866 summoneatur
890 3800 977 3887 quod
996 3800 1040 3865 sit
1061 3800 1121 3865 tali
1140 3801 1194 3867 die
1215 3809 1276 3867 etr.
1300 3808 1493 3868 ostensurus

378 3907 466 3994 quod
480 3907 532 3972 ius
547 3907 615 3992 ipse
631 3906 750 3970 clamat
761 3904 796 3968 in
808 3903 1022 3991 aduooacione
1033 3904 1122 3970 illius
1136 3906 1271 3973 ecclesie
1286 3907 1374 3972 unde
1390 3907 1494 3972 assisa

379 4011 495 4076 ultime
509 4009 762 4097 presentacionia
782 4008 982 4074 summonita
999 4007 1064 4073 fuit
1082 4017 1142 4074 etc
1187 4009 1282 4074 Idem
1302 4009 1374 4076 dies
1395 4012 1495 4078 datus

412 4183 422 4215 ¹
438 4181 493 4232 The
509 4183 592 4234 casim
607 4197 659 4232 was
673 4183 753 4234 taken
770 4183 817 4235 but
829 4183 906 4251 judg-
956 4184 1008 4250 vol.
1020 4184 1043 4248 6,
1057 4199 1083 4247 p.
1096 4185 1154 4242 ala,
1166 4185 1224 4235 225.

379 4253 515 4300 menturae
526 4247 719 4300 notdelivered,
989 4249 1095 4312 ⁴Hugh
1107 4250 1261 4308 ofNonant.
1273 4249 1456 4304 naa-1198.

396 4315 423 4383 '²
440 4314 539 4377 Supply
549 4315 634 4364 dedit:
870 4348 873 4354 ,
988 4313 1195 4365 ⁶Hahadbeen
1206 4313 1497 4377 inarma'againattha

412 4379 423 4413 ³
439 4378 493 4428 The
505 4377 594 4440 Priory
604 4379 632 4429 of
648 4378 729 4430 Stone
739 4379 768 4428 in
781 4378 905 4431 sofford-
955 4379 1026 4442 king.
1051 4380 1122 4430 aot.
1135 4380 1173 4431 ct
1187 4380 1240 4430 rol.
1251 4381 1277 4440 2,
1288 4382 1314 4443 p.
1326 4382 1391 4432 341.

380 4444 456 4503 ahira,
469 4459 484 4494 a
496 4444 543 4494 cell
555 4445 583 4494 of
593 4443 759 4495 Kanilworth.
791 4445 904 4495 Monaat.
1031 4453 1034 4462 ·
