3167 5075
428 404 567 466 marra,
589 405 653 456 an.
678 391 770 467 1223,
792 405 856 455 aa
878 389 907 458 7.
1156 382 1219 456 '483

187 579 228 644 Et
241 578 393 645 Warinus
407 578 488 644 dicit
503 577 589 664 quod
603 577 725 643 iniuste
740 579 772 642 ei
793 576 982 643 warentizat
1001 576 1079 661 quia
1097 577 1171 663 ipse
1188 577 1220 641 ei

130 679 211 746 dedit
224 681 444 746 terramillam
459 687 495 745 et
509 680 614 765 ipsam
629 678 787 744 Leticiam
800 677 831 744 ei
841 677 1022 743 attomauit
1033 677 1073 742 de
1084 678 1219 744 seruicio

129 807 180 848 suo
199 785 280 850 sicut
301 783 483 870 predictum
505 789 565 858 est,
586 790 622 847 et
641 781 710 867 ipse
724 781 760 846 in
774 780 893 846 saisina
907 781 980 856 fuit,
995 789 1030 846 et
1044 781 1130 868 petit
1144 781 1220 846 inde

129 886 273 971 iudicium
287 886 316 951 si
330 885 418 950 idem
433 884 618 949 Willelmus
633 892 753 948 terram
768 883 857 950 illam
873 885 905 949 ei
919 883 1000 951 war’.

186 992 227 1056 Et
240 991 425 1056 Willelmus
438 988 519 1054 dicit
533 987 620 1075 quod
634 987 761 1052 nullum
776 986 863 1052 diem
883 987 983 1054 habet
1007 987 1220 1075 respondendi

127 1095 164 1160 ad
176 1103 277 1160 cartas
290 1104 326 1160 et
340 1093 426 1180 petit
440 1093 604 1158 iudicium.

185 1198 227 1263 Et
240 1197 393 1263 Warinus
408 1195 559 1260 similiter
571 1193 657 1280 petit
673 1193 749 1258 inde
764 1193 930 1272 iudicium,
945 1194 1023 1280 quia
1036 1195 1117 1260 dicit
1134 1195 1221 1281 quod

125 1301 227 1388 siipse
242 1311 278 1368 et
293 1300 420 1367 Leticia
434 1301 495 1365 boc
513 1299 636 1364 donum
656 1299 803 1363 fecerunt
822 1297 972 1376 Henrico,
993 1299 1054 1364 hoc
1075 1300 1221 1364 fecerunt

125 1405 236 1470 iniuste
265 1413 301 1470 et
329 1413 502 1492 postquam
533 1402 621 1468 idem
658 1401 842 1466 Willelmua
878 1410 1040 1468 warantus
1076 1402 1221 1468 eiusdem

125 1507 240 1574 Leticie
268 1509 347 1574 fecit
376 1507 558 1595 pradictum
587 1505 784 1571 escambium
814 1528 890 1570 cum
921 1528 967 1582 eo,
989 1515 1024 1571 et
1049 1515 1222 1593 postquam

124 1612 219 1698 ipsam
248 1613 409 1679 Leticiam
437 1618 662 1678 attomauerat
690 1608 797 1676 eidem
819 1610 952 1675 Warino
981 1611 1023 1676 ad
1048 1611 1221 1675 seruicium

123 1738 211 1781 suum
232 1716 418 1782 faciendum
440 1717 481 1781 de
503 1723 591 1780 terra
612 1720 647 1778 et
668 1712 745 1778 dote
771 1735 839 1790 sua,
868 1721 903 1777 et
931 1720 1103 1799 postquam
1134 1707 1221 1778 idem

124 1819 301 1884 Willelmus
314 1818 355 1884 de
371 1827 442 1883 tota
457 1826 543 1883 terra
557 1817 614 1883 illa
628 1824 663 1883 et
678 1817 814 1882 seruicio
828 1839 863 1882 se
881 1815 886 1904 Ι
907 1817 1031 1882 dimisit
1047 1817 1131 1882 sicut
1149 1839 1222 1903 pre·

123 1923 239 1989 dictum
262 1932 321 2003 est,
344 1931 378 1989 et
399 1931 572 2008 postquam
593 1922 663 2007 ipse
688 1928 854 2007 receperat
884 1921 923 1986 de
954 1922 1067 1987 eadem
1096 1921 1223 1987 Leticia

122 2027 288 2093 seruicium
304 2025 486 2113 predictum
501 2035 562 2092 etc.
576 2025 662 2090 sicut
680 2024 864 2111 predictum
887 2033 944 2090 est.
991 2026 1034 2089 Et
1056 2024 1097 2090 dc
1120 2025 1222 2091 omni-

121 2131 178 2196 bus
197 2131 262 2196 hiis
284 2131 378 2217 ponit
399 2152 434 2196 se
455 2151 554 2216 super
574 2129 723 2216 patriam.
769 2128 813 2193 Et
836 2128 961 2194 Ieticia
976 2128 1134 2194 similiter.
1179 2129 1222 2194 Et

121 2233 188 2300 ideo
201 2234 262 2300 fiat
276 2233 353 2299 inde
367 2233 476 2299 iurata
489 2243 524 2298 st
538 2233 652 2298 ueniat
666 2233 726 2298 tali
747 2233 801 2296 die
821 2231 863 2297 ad
883 2233 1174 2320 recognoscendum
1194 2235 1223 2298 si

120 2337 202 2402 idem
216 2337 372 2402 Warinus
387 2335 452 2401 suit
465 2335 500 2401 in
516 2337 635 2402 seisina
648 2336 690 2402 de
712 2335 847 2402 semicio
868 2335 1013 2401 eiusdem
1035 2337 1159 2402 Leticie
1181 2337 1222 2402 de

122 2442 216 2507 tercia
236 2450 332 2528 parte
353 2441 433 2506 uille
454 2441 600 2527 predicte
621 2462 662 2505 ex
684 2439 769 2505 dono
790 2438 949 2504 Willelmi
971 2439 1030 2503 filii
1052 2439 1112 2518 sui,
1135 2449 1169 2505 et
1195 2439 1223 2504 si

121 2548 228 2611 eadem
244 2545 372 2611 Leticia
385 2545 495 2631 aliquo
508 2552 654 2629 tempore
669 2544 746 2609 fecit
766 2543 872 2609 eidem
894 2543 1028 2609 Warino
1050 2544 1221 2609 seruicium

120 2672 174 2735 per
185 2649 321 2716 attorn’¹
336 2648 480 2714 eiusdem
495 2648 652 2714 Willelmi
667 2648 708 2713 de
723 2648 836 2713 eodem
852 2655 1039 2712 tenemento
1054 2657 1112 2713 etc

180 2756 259 2820 Post
274 2753 367 2819 uenit
382 2753 544 2819 Henricua
557 2753 599 2818 de
614 2752 779 2819 Scaccario
794 2760 828 2817 et
849 2752 934 2838 petit
952 2752 1119 2817 licenciam
1135 2774 1221 2818 rece·

118 2858 213 2924 dendi
227 2858 271 2923 de
286 2858 379 2922 breui
393 2879 451 2922 suo
466 2856 507 2921 de
521 2866 617 2935 recto,
632 2865 667 2921 et
682 2856 790 2932 habet,
807 2864 841 2921 et
856 2856 931 2921 uult
946 2856 1037 2943 sequi
1051 2879 1109 2943 per
1123 2856 1221 2922 breue

119 2960 157 3024 de
170 2960 273 3025 amisa
286 2981 371 3024 noue
385 2957 561 3036 disseisine,
576 2968 611 3025 et
625 2958 697 3024 ideo
712 2959 865 3024 Warinus
880 2958 956 3024 inde
970 2961 1040 3024 sine
1054 2959 1107 3025 die
1123 2960 1196 3025 etc?

57 3059 87 3127 lt.
178 3064 321 3131 'cecilia
346 3063 387 3128 de
414 3062 584 3129 Saniordia
608 3062 789 3128 attacbiata
814 3063 878 3127 fuit
900 3064 941 3129 ad
963 3065 1221 3151 respondendum

119 3166 260 3233 Jobanni
284 3168 325 3232 de
350 3166 521 3233 Saniordia
543 3188 643 3253 quare
661 3175 773 3232 contra
791 3166 1044 3252 prohibicionem
1065 3177 1123 3235 etc.
1145 3170 1222 3235 fecit

118 3281 247 3338 uastum
271 3280 306 3337 et
328 3270 463 3336 exilium
485 3279 544 3335 etc
560 3270 601 3335 de
620 3270 724 3335 boscis
743 3278 778 3334 et
798 3269 1008 3335 molendinia‘
1030 3280 1064 3337 et
1087 3272 1222 3336 uiuariis

118 3398 179 3461 que
199 3376 275 3462 ipsa
299 3383 391 3439 tenet
414 3374 450 3438 in
472 3373 583 3439 dotem
608 3374 650 3438 de
675 3373 857 3441 hereditate
881 3375 982 3461 ipsius
1007 3375 1166 3441 Johannis
1187 3376 1222 3441 in

118 3480 237 3545 talibus
259 3478 349 3543 uillis
370 3486 440 3555 etc,
462 3476 550 3542 unde
570 3476 659 3542 idem
680 3478 847 3544 Jobannes
871 3478 1019 3565 queritur
1043 3479 1130 3565 quod
1152 3479 1223 3567 ipsa

118 3582 248 3667 penitus
263 3580 410 3647 uastauit
423 3581 565 3657 boscum,
579 3579 628 3645 ita
642 3579 729 3666 quod
743 3582 802 3647 ubi
815 3582 899 3647 bene
918 3582 1028 3668 potuit
1048 3582 1166 3648 habere
1188 3583 1223 3647 in

117 3686 209 3752 bosco
223 3687 283 3752 illo
297 3708 341 3751 cc.
355 3707 467 3771 porcos
480 3708 545 3749 non
560 3683 686 3749 dimisit
700 3684 748 3749 ibi
762 3685 825 3749 nisi
841 3692 971 3749 tantum
991 3708 1063 3751 xxx.
1080 3708 1223 3772 quercus,

117 3797 151 3855 et
160 3791 384 3857 molendinum
396 3789 526 3854 omnino
540 3787 737 3853 desiccatum
753 3797 803 3854 eat
818 3797 853 3854 et
868 3788 1005 3853 fractum
1015 3796 1050 3853 et
1061 3790 1223 3855 uiuarium

117 3893 275 3972 similiter,
291 3902 326 3959 et
340 3892 431 3980 petit
439 3892 516 3959 inde
530 3892 688 3957 iudicium
703 3900 762 3958 etc.

180 3998 226 4063 Et
242 3998 365 4064 Cecilia
380 3995 474 4063 uenit
488 4004 522 4062 et
537 3996 684 4064 defendit
700 4007 814 4063 contra
833 4020 908 4063 eum
924 4006 983 4064 etc.
999 3997 1085 4085 quod
1099 3999 1222 4064 nullam

118 4102 193 4169 lecit
207 4111 270 4169 etc
286 4125 346 4169 nec
361 4110 493 4167 uastum
508 4110 578 4179 etc,
593 4111 643 4167 set
658 4124 773 4167 reuera
791 4102 945 4167 Matbeus
960 4102 1109 4170 Mauaoel
1123 4125 1223 4190 quon-

149 4272 158 4303 ¹
177 4270 310 4335 Probably
321 4278 537 4321 artomamentam.
698 4270 797 4320 Warin.

148 4337 159 4370 ²
175 4334 648 4413 ProbablyHenrpoltbeExchequer
730 4335 741 4368 ³
757 4334 822 4385 Thia
833 4334 856 4384 ia
867 4334 933 4387 Fila.
950 4336 1027 4395 Wart,
1040 4337 1095 4385 141.

117 4400 165 4453 bas
182 4400 299 4464 brought
314 4417 331 4453 a
347 4404 404 4452 wnt
421 4400 450 4451 ol
463 4401 534 4463 right
545 4400 648 4463 against
732 4401 743 4433 ⁴
759 4415 787 4449 or
798 4402 947 4451 molendino.

1032 4504 1138 4566 31-2
