3167 5075
313 412 547 472 urcmnuns,
570 411 635 462 tn.
660 400 753 475 1225,
774 411 838 462 aa
863 399 977 464 9—10.
1131 397 1195 461 533

105 588 335 654 oduooucionem
357 586 446 652 illius
467 587 600 652 ecclesie
621 595 656 652 et
678 589 801 674 profert
823 597 945 654 cartam
960 596 1021 652 etc.
1039 585 1045 674 Ι
1066 595 1100 652 et
1121 585 1195 652 ideo
1241 607 1324 660 [aru]

105 692 173 756 dicit
187 691 269 778 quod
282 689 370 754 idem
385 690 493 755 Adam
508 690 606 755 debet
621 691 743 755 donum
758 691 840 756 illud
855 691 1061 756 warentizare
1077 698 1135 754 etc.

160 793 201 857 Et
223 814 320 878 super
344 791 405 857 hoc
430 791 524 857 uenit
549 792 721 858 Hubertus
747 803 782 858 et
807 795 970 879 cognoscit
996 793 1082 880 quod
1108 792 1197 858 Elias

103 898 289 983 presentauit
313 897 466 962 clericum
491 897 549 982 qui
574 897 691 962 ultimo
714 898 806 975 obiit,
829 907 878 962 set
902 900 988 964 idem
1012 898 1100 962 Elias
1122 905 1197 982 post

103 985 363 1084 presentacionem
388 999 479 1063 illam
505 999 598 1064 dedit
627 1000 808 1064 manerium
837 999 920 1065 illud
945 1023 1019 1066 cum
1045 1000 1196 1065 omnibus

103 1112 173 1188 pert
189 1103 254 1168 suis
269 1102 451 1189 Reginaldo
465 1102 506 1166 de
521 1103 686 1168 Warenna
699 1104 755 1189 qui
769 1127 829 1190 per
843 1105 962 1169 donum
984 1105 1064 1169 illud
1088 1104 1197 1168 tenuit

102 1217 164 1272 tota
186 1209 255 1273 uita
279 1231 347 1285 sua,
371 1217 406 1274 et
432 1217 506 1294 post
535 1231 612 1274 eum
635 1209 820 1275 Willelmus
848 1211 889 1275 de
918 1211 1082 1276 Warenne
1109 1209 1198 1273 filius

102 1311 262 1396 Reginaldi
283 1311 392 1376 tenuit
413 1319 485 1375 tota
505 1311 578 1376 uita
598 1334 665 1388 sua,
688 1322 818 1399 etpost
841 1337 916 1380 eum
942 1311 1104 1378 Beatricia
1129 1312 1198 1377 filia

101 1415 243 1481 Willelmi
265 1439 330 1502 que
351 1417 416 1482 fuit
438 1438 522 1482 uxor
542 1418 689 1484 eiusdem
713 1420 858 1484 Huberti
882 1427 916 1484 et
940 1419 980 1484 de
1006 1441 1072 1506 qua
1097 1417 1198 1483 habet

101 1520 211 1604 prolem
232 1521 360 1586 racione
382 1523 476 1587 cuius
497 1520 566 1609 ipse
587 1524 706 1588 clamat
721 1523 812 1588 illam
826 1524 1074 1589 aduocacionem
1088 1531 1127 1587 ut
1141 1523 1197 1586 ille

101 1624 151 1708 qui
164 1647 219 1710 per
233 1625 340 1711 legem
355 1633 440 1690 terre
456 1633 549 1692 tenet
563 1635 683 1691 terram
698 1627 788 1691 illam
805 1635 877 1692 tote
891 1627 962 1692 uita
976 1648 1036 1690 sua
1050 1634 1109 1692 etc.

156 1727 198 1792 Et
213 1728 321 1793 Adam
332 1730 496 1816 cognoscit
508 1730 593 1816 quod
606 1731 694 1795 Elias
704 1753 819 1796 reuera
829 1731 1032 1816 prescntauit
1046 1730 1197 1795 clericum

100 1829 149 1914 qui
168 1831 285 1896 ultimo
306 1833 388 1897 obiit
409 1855 553 1920 persona
569 1842 619 1900 set
642 1835 844 1922 Reginaldus
857 1857 924 1900 non
942 1834 1060 1900 habuit
1077 1841 1197 1899 terrem

99 1935 177 2000 illam
191 1937 255 2002 nisi
269 1937 313 2002 ad
328 1938 454 2003 firmam
469 1947 504 2003 et
518 1939 595 2004 inde
610 1940 696 2025 petit
710 1941 843 2005 assisam
859 1963 951 2004 suam
967 1947 1027 2004 etc.

156 2041 199 2106 Et
218 2063 320 2128 super
341 2043 402 2108 hoc
423 2043 518 2108 uenit
540 2044 632 2108 Prior
652 2052 687 2108 et
709 2044 790 2109 dicit
811 2044 897 2130 quod
913 2042 1084 2107 Hubertus
1098 2041 1198 2106 nichil

98 2144 225 2210 clamere
254 2154 366 2232 potest
394 2146 430 2211 in
457 2147 516 2212 illa
544 2148 768 2227 aduocacione‚
791 2149 870 2236 quia
890 2147 1047 2234 placitum
1070 2145 1135 2211 fuit
1163 2145 1199 2210 in

98 2249 176 2314 curia
190 2250 286 2316 Dorn
296 2252 397 2338 Regis
407 2252 539 2318 Ricardi
550 2253 591 2318 de
602 2253 716 2318 eadem
727 2253 941 2318 cduocacione
956 2252 1042 2316 inter
1056 2250 1200 2316 Priorem

97 2350 132 2415 dc
153 2353 263 2419 Iewcs
286 2362 322 2419 et
345 2355 528 2441 predictum
552 2356 754 2422 Willclmum
777 2356 819 2421 de
844 2357 1008 2421 Warenna
1032 2377 1090 2441 per
1113 2377 1201 2441 cyro·

95 2456 246 2542 gmphum
262 2458 349 2544 quod
364 2460 495 2544 profert,
510 2466 545 2523 et
560 2459 646 2546 quod
662 2467 804 2524 testatur
819 2458 905 2546 quod
920 2458 1006 2522 idem
1016 2457 1201 2523 Willelmus

97 2560 231 2644 quietam
245 2562 404 2627 clamauit
418 2562 667 2628 aduocacionem
682 2563 772 2628 illem
787 2563 828 2627 de
843 2585 877 2627 se
892 2572 927 2627 et
942 2562 1116 2629 heredibus
1130 2561 1199 2627 suis

96 2661 187 2729 Priori
207 2673 243 2730 et
266 2667 444 2731 concentui
465 2666 501 2731 in
523 2675 727 2753 perpetuum,
748 2676 783 2731 et
805 2667 878 2732 ideo
905 2666 1076 2731 Hubertus
1097 2664 1197 2730 nichil
1219 2692 1220 2697 ¹

98 2766 224 2834 clamare
239 2778 358 2856 potest.

155 2873 196 2938 Et
210 2874 320 2938 Adam
332 2874 412 2939 dicit
423 2874 511 2961 quod
520 2877 756 2962 cyrographum
766 2875 849 2940 illud
858 2898 923 2939 nou
935 2874 1034 2941 debet
1046 2874 1078 2941 ei
1087 2896 1202 2939 nocere

102 2977 174 3060 quin
187 2978 310 3043 habeat
324 2979 475 3043 seisinam
489 3002 583 3045 suam
597 2989 658 3045 etc.

156 3081 198 3145 Et
219 3081 301 3168 quia
321 3082 429 3148 Adam
451 3084 615 3171 cognoscit
637 3084 723 3171 quod
744 3084 945 3171 Reginaldus
968 3084 1049 3149 obiit
1071 3082 1202 3148 seisitus

98 3184 133 3247 de
146 3193 230 3251 terra
242 3186 302 3250 illa
316 3187 471 3274 adquam
485 3188 657 3254 aduocacio
671 3190 824 3275 pertinet,
840 3195 874 3253 ct
896 3197 969 3275 post
984 3211 1059 3253 cum
1076 3187 1202 3253 Willel·

98 3308 162 3351 mus
175 3288 216 3353 do
231 3288 398 3355 Warenna
411 3290 497 3355 filius
512 3313 590 3356 suus
609 3292 767 3368 similiter,
782 3300 817 3356 et
835 3300 908 3377 post
931 3314 1006 3355 curn
1029 3290 1200 3368 Beatricia,

98 3390 329 3457 consideratum
354 3401 404 3458 est
430 3393 517 3479 quod
542 3395 650 3460 Adam
675 3396 774 3461 nichil
797 3396 936 3461 clamare
959 3402 1067 3481 potest
1089 3394 1124 3459 in
1145 3394 1204 3460 illa

97 3492 304 3561 aduocacione
319 3518 485 3582 quousque
502 3503 621 3562 terram
635 3498 885 3584 recuperauen't,
900 3505 935 3563 et
955 3497 1000 3561 sit
1021 3496 1056 3561 in
1079 3497 1203 3563 miseri-

98 3597 198 3663 cordia
211 3622 273 3685 pro
287 3600 411 3665 iniusta
424 3601 601 3669 exaccione.

157 3701 277 3767 Postea
301 3704 378 3789 quia
401 3704 476 3769 finis
497 3705 604 3770 factus
627 3706 735 3771 estin
756 3707 846 3771 curia
867 3706 960 3771 Dom.
984 3706 1085 3793 Regis
1106 3728 1204 3794 quem

99 3802 181 3870 idern
210 3806 384 3872 Hubertus
413 3810 577 3895 cognoscit
605 3818 641 3875 et
669 3810 855 3877 Willelmus
884 3810 1050 3896 Ardulph²
1079 3811 1203 3875 nullam

99 3918 217 3974 cartam
240 3911 385 3976 ostendit
406 3922 520 3977 contra
540 3913 640 3979 finem
661 3914 765 3991 illum,
784 3914 1024 3979 consideratum
1046 3913 1205 4000 estquod

101 4009 186 4076 Prior
198 4014 407 4101 recuperauit
420 4016 573 4081 scisinam
588 4040 681 4082 suam
699 4026 735 4083 et
753 4018 811 4082 alii
832 4018 868 4082 in
890 4016 1115 4083 misericordie
1160 4018 1205 4081 Et

102 4116 187 4181 Prior
209 4119 331 4184 habeat
353 4120 453 4185 breue
476 4120 518 4186 ad
542 4122 831 4208 Archiepiscopum
853 4122 1096 4199 Eboracensem,
1119 4122 1206 4207 quod

101 4229 228 4306 propter
243 4224 489 4291 reclamaciones
503 4225 647 4311 ipsorum
663 4225 809 4304 Comitis,
825 4224 970 4291 Huberti
985 4225 1038 4290 uel
1053 4224 1125 4291 Ade
1140 4248 1205 4290 non

102 4324 231 4389 omittat
247 4334 307 4392 ete.

134 4426 142 4457 ¹
159 4428 230 4478 eon.
243 4430 383 4495 Bardulplr.
414 4431 479 4481 Hcir
490 4432 518 4483 of
531 4431 668 4483 Beatricia.
702 4432 769 4496 Dug.
782 4434 844 4483 Bor.
856 4433 905 4482 vol.
920 4433 942 4489 1.
956 4447 981 4495 p.
994 4436 1034 4491 8³,
1047 4433 1103 4491 681,
1116 4434 1172 4483 699.
